{"gold_per_floor":[118,118,128,41,53,84,84,100,123,123,152,302,302,313,313,313],"floor_reached":16,"playtime":561,"items_purged":[],"score":193,"play_id":"8f1dddec-56c7-4610-ac0c-29b4f89d274f","local_time":"20191013131632","is_ascension_mode":true,"campfire_choices":[{"floor":7,"key":"REST"},{"floor":10,"key":"REST"},{"data":"Neutralize","floor":13,"key":"SMITH"},{"data":"Dash","floor":15,"key":"SMITH"}],"neow_cost":"NONE","seed_source_timestamp":335547277459200,"circlet_count":0,"master_deck":["AscendersBane","Strike_G","Strike_G","Strike_G","Strike_G","Defend_G","Defend_G","Defend_G","Defend_G","Defend_G","Survivor","Neutralize+1","Backflip","Dagger Throw","Dash+1","PiercingWail","Endless Agony","Dagger Spray","After Image","Doubt"],"relics":["Ring of the Snake","NeowsBlessing","Bag of Marbles","Oddly Smooth Stone","Happy Flower"],"potions_floor_usage":[6],"damage_taken":[{"damage":0,"enemies":"Jaw Worm","floor":1,"turns":1},{"damage":0,"enemies":"Cultist","floor":3,"turns":1},{"damage":0,"enemies":"2 Louse","floor":5,"turns":1},{"damage":52,"enemies":"Gremlin Nob","floor":6,"turns":6},{"damage":2,"enemies":"Looter","floor":8,"turns":3},{"damage":2,"enemies":"3 Sentries","floor":11,"turns":8},{"damage":0,"enemies":"3 Louse","floor":14,"turns":3},{"damage":45,"enemies":"Hexaghost","floor":16,"turns":16}],"seed_played":"8967791964807824780","potions_obtained":[{"floor":3,"key":"Poison Potion"},{"floor":8,"key":"SteroidPotion"},{"floor":14,"key":"EssenceOfSteel"}],"is_trial":false,"path_per_floor":["M","?","M","$","M","E","R","M","T","R","E","?","R","M","R","B"],"character_chosen":"THE_SILENT","items_purchased":["Dash","PiercingWail"],"campfire_rested":2,"item_purchase_floors":[4,4],"current_hp_per_floor":[59,59,59,59,59,7,26,24,24,43,41,41,41,41,41,0],"gold":313,"neow_bonus":"THREE_ENEMY_KILL","is_prod":false,"is_daily":false,"chose_seed":false,"campfire_upgraded":2,"win_rate":0,"timestamp":1570965392,"path_taken":["M","?","?","$","M","E","R","M","T","R","E","?","R","M","R","BOSS"],"build_version":"2019-10-11","purchased_purges":0,"victory":false,"max_hp_per_floor":[66,66,66,66,66,66,66,66,66,66,66,66,66,66,66,66],"card_choices":[{"not_picked":["Caltrops","Accuracy"],"picked":"Backflip","floor":1},{"not_picked":["Choke","Infinite Blades"],"picked":"Dagger Throw","floor":3},{"not_picked":["Blur","Acrobatics"],"picked":"Endless Agony","floor":5},{"not_picked":["Slice","Deflect"],"picked":"Dagger Spray","floor":6},{"not_picked":["Reflex","Deadly Poison"],"picked":"After Image","floor":8},{"not_picked":["Slice","Accuracy","Endless Agony"],"picked":"SKIP","floor":11},{"not_picked":["Underhanded Strike","Concentrate","Masterful Stab"],"picked":"SKIP","floor":14}],"player_experience":1016204,"relics_obtained":[{"floor":6,"key":"Bag of Marbles"},{"floor":9,"key":"Oddly Smooth Stone"},{"floor":11,"key":"Happy Flower"}],"event_choices":[{"cards_removed":["Strike_G"],"damage_healed":0,"gold_gain":0,"player_choice":"Purged","damage_taken":0,"max_hp_gain":0,"max_hp_loss":0,"event_name":"Purifier","floor":2,"gold_loss":0},{"damage_healed":0,"gold_gain":150,"player_choice":"AGREE","damage_taken":0,"max_hp_gain":0,"max_hp_loss":0,"event_name":"Liars Game","floor":12,"gold_loss":0,"cards_obtained":["Doubt"]}],"is_beta":true,"boss_relics":[],"items_purged_floors":[],"is_endless":false,"potions_floor_spawned":[3,8,14],"killed_by":"Hexaghost","ascension_level":15}