{"gold_per_floor":[114,114,29,44,59,59,89,89,114,114,114,129,144,174,174,274,274,289,304,31,31,81,81,96,96,96,126,141,171,186,186,186,286,286,301,323,338,338,338,338,368,383,433,448,448,463,478,478,478,478],"floor_reached":51,"playtime":2710,"items_purged":[],"score":727,"play_id":"29d1a100-f7f8-48ca-b79b-40fafbe8a0e7","local_time":"20190618092812","daily_mods":["Allstar","Blue Cards","Lethality"],"is_ascension_mode":false,"campfire_choices":[{"data":"Apotheosis","floor":6.0,"key":"SMITH"},{"data":"Bash","floor":8.0,"key":"SMITH"},{"data":"Panacea","floor":10.0,"key":"SMITH"},{"data":"Sunder","floor":15,"key":"SMITH"},{"data":"Whirlwind","floor":23,"key":"SMITH"},{"data":"Flame Barrier","floor":25,"key":"SMITH"},{"data":"Thinking Ahead","floor":32,"key":"SMITH"},{"floor":40,"key":"REST"},{"floor":45,"key":"REST"},{"data":"Forethought","floor":49,"key":"SMITH"}],"neow_cost":"","seed_source_timestamp":0,"circlet_count":0,"master_deck":["Strike_R","Strike_R","Strike_R","Strike_R","Defend_R","Defend_R","Defend_R","Defend_R+1","Bash+1","PanicButton","Forethought+1","Apotheosis+1","Thinking Ahead+1","Twin Strike","Panacea+1","Twin Strike","Inflame","Sunder+1","Whirlwind+1","Disarm+1","Reaper","Flame Barrier+1","Thunderclap","White Noise+1","Bludgeon","Sword Boomerang+1","Sword Boomerang+1","Dark Shackles+1","Leap+1","Undo+1","Sword Boomerang+1"],"special_seed":18065,"relics":["Burning Blood","Anchor","Oddly Smooth Stone","Question Card","Busted Crown","OrangePellets","Blood Vial","Toxic Egg 2","Ancient Tea Set","Gremlin Horn","Black Star","Pocketwatch","Bag of Marbles","War Paint","Art of War"],"potions_floor_usage":[41,44,44,50,50],"damage_taken":[{"damage":6.0,"enemies":"Cultist","floor":1.0,"turns":4.0},{"damage":0.0,"enemies":"2 Louse","floor":4.0,"turns":3.0},{"damage":9.0,"enemies":"Jaw Worm","floor":5.0,"turns":3.0},{"damage":16.0,"enemies":"3 Sentries","floor":7.0,"turns":5.0},{"damage":1.0,"enemies":"Looter","floor":12.0,"turns":3.0},{"damage":0.0,"enemies":"Exordium Wildlife","floor":13.0,"turns":1.0},{"damage":9,"enemies":"Gremlin Nob","floor":14,"turns":3},{"damage":34,"enemies":"Hexaghost","floor":16,"turns":7},{"damage":0,"enemies":"Chosen","floor":18,"turns":4},{"damage":10,"enemies":"Shell Parasite","floor":19,"turns":3},{"damage":27,"enemies":"Sentry and Sphere","floor":24,"turns":4},{"damage":0,"enemies":"Slavers","floor":27,"turns":2},{"damage":14,"enemies":"Snake Plant","floor":28,"turns":3},{"damage":45,"enemies":"Book of Stabbing","floor":29,"turns":5},{"damage":0,"enemies":"Snecko","floor":30,"turns":3},{"damage":24,"enemies":"Collector","floor":33,"turns":6},{"damage":7,"enemies":"Orb Walker","floor":35,"turns":3},{"damage":85,"enemies":"2 Orb Walkers","floor":36,"turns":5},{"damage":0,"enemies":"3 Shapes","floor":37,"turns":3},{"damage":43,"enemies":"Nemesis","floor":41,"turns":11},{"damage":36,"enemies":"Maw","floor":42,"turns":7},{"damage":10,"enemies":"Jaw Worm Horde","floor":44,"turns":4},{"damage":4,"enemies":"Sphere and 2 Shapes","floor":46,"turns":3},{"damage":0,"enemies":"Maw","floor":47,"turns":6},{"damage":40,"enemies":"Time Eater","floor":50,"turns":8}],"seed_played":"-5358867478897868578","potions_obtained":[{"floor":1.0,"key":"Swift Potion"},{"floor":5.0,"key":"Dexterity Potion"},{"floor":13.0,"key":"Weak Potion"},{"floor":29,"key":"FairyPotion"},{"floor":30,"key":"Strength Potion"},{"floor":44,"key":"Strength Potion"},{"floor":46,"key":"Fire Potion"}],"is_trial":false,"path_per_floor":["M","?","$","M","M","R","E","R","T","R","?","M","M","E","R","B",null,"M","M","$","$","T","R","M","R","T","E","M","E","M","?","R","B",null,"M","?","M","?","?","R","E","M","T","M","R","M","M","?","R","B",null],"character_chosen":"IRONCLAD","items_purchased":["Panacea","OrangePellets","Flame Barrier"],"campfire_rested":2,"item_purchase_floors":[3,20,20],"current_hp_per_floor":[80,73,73,79,76,76,66,66,66,66,66,71,77,74,74,46,80,80,80,80,80,80,80,66,66,66,80,80,56,80,80,80,62,80,79,20,28,28,28,52,32,12,12,35,59,63,80,76,76,55],"gold":478,"neow_bonus":"","is_prod":false,"is_daily":true,"chose_seed":false,"campfire_upgraded":8,"win_rate":0,"timestamp":1560842892,"path_taken":["M","?","$","M","M","R","E","R","T","R","?","M","M","E","R","BOSS","M","?","?","$","?","R","?","R","T","E","M","E","M","?","R","BOSS","M","?","M","?","?","R","E","M","T","M","R","M","M","?","R","BOSS"],"build_version":"2019-01-23","purchased_purges":0,"victory":true,"max_hp_per_floor":[80,80,80,80,80,80,80,80,80,80,80,80,80,80,80,80,80,80,80,80,80,80,80,80,80,80,80,80,80,80,80,80,80,80,80,80,80,80,80,80,80,80,80,80,80,80,80,76,76,76],"card_choices":[{"not_picked":["Conserve Battery","Havoc"],"picked":"Twin Strike","floor":1.0},{"not_picked":["Metallicize","Beam Cell"],"picked":"Twin Strike","floor":4.0},{"not_picked":["Force Field","Twin Strike"],"picked":"Inflame","floor":5.0},{"not_picked":["Infernal Blade","Cleave","Beam Cell"],"picked":"SKIP","floor":7.0},{"not_picked":["Infernal Blade","Cleave","Beam Cell"],"picked":"SKIP","floor":7.0},{"not_picked":["Undo","Dual Wield"],"picked":"Sunder","floor":12.0},{"not_picked":["Heatsinks","Go for the Eyes"],"picked":"Whirlwind","floor":13.0},{"not_picked":["Steam","Tempest"],"picked":"Disarm","floor":14},{"not_picked":["Core Surge","Brutality","Impervious"],"picked":"Reaper","floor":16},{"not_picked":["Rampage+1","Cold Snap"],"picked":"SKIP","floor":18},{"not_picked":["Beam Cell","White Noise"],"picked":"SKIP","floor":19},{"not_picked":["Cold Snap","Sentinel+1"],"picked":"SKIP","floor":24},{"not_picked":["Turbo+1","Blizzard"],"picked":"SKIP","floor":27},{"not_picked":["Gash"],"picked":"Twin Strike+1","floor":28},{"not_picked":["Barrage"],"picked":"Thunderclap","floor":29},{"not_picked":["Redo+1"],"picked":"White Noise+1","floor":30},{"not_picked":["Demon Form"],"picked":"Bludgeon","floor":33},{"not_picked":["Wild Strike"],"picked":"Sword Boomerang+1","floor":35},{"not_picked":["Redo+1"],"picked":"Sword Boomerang+1","floor":36},{"not_picked":["Second Wind+1","Hemokinesis+1"],"picked":"SKIP","floor":37},{"not_picked":["Deep Breath+1"],"picked":"Dark Shackles+1","floor":39},{"not_picked":["Streamline","Seeing Red+1"],"picked":"SKIP","floor":41},{"not_picked":["Go for the Eyes+1"],"picked":"Leap+1","floor":42},{"not_picked":["Dropkick"],"picked":"Undo+1","floor":44},{"not_picked":["Combust+1"],"picked":"Sword Boomerang+1","floor":46},{"not_picked":["Static Discharge+1","Havoc+1"],"picked":"SKIP","floor":47}],"player_experience":548816,"relics_obtained":[{"floor":7.0,"key":"Anchor"},{"floor":9.0,"key":"Oddly Smooth Stone"},{"floor":14,"key":"Question Card"},{"floor":22,"key":"Blood Vial"},{"floor":26,"key":"Toxic Egg 2"},{"floor":27,"key":"Ancient Tea Set"},{"floor":29,"key":"Gremlin Horn"},{"floor":36,"key":"Pocketwatch"},{"floor":41,"key":"Bag of Marbles"},{"floor":41,"key":"War Paint"},{"floor":43,"key":"Art of War"}],"event_choices":[{"cards_removed":["Strike_R"],"damage_healed":0.0,"max_hp_gain":0.0,"max_hp_loss":0.0,"gold_gain":0.0,"event_name":"Golden Wing","player_choice":"Card Removal","floor":2.0,"gold_loss":0.0,"damage_taken":7.0},{"cards_removed":["Mayhem"],"damage_healed":0.0,"max_hp_gain":0.0,"max_hp_loss":0.0,"gold_gain":0.0,"event_name":"Purifier","player_choice":"Purged","floor":11.0,"gold_loss":0.0,"damage_taken":0.0},{"damage_healed":0,"gold_gain":0,"player_choice":"Ignored","damage_taken":0,"max_hp_gain":0,"max_hp_loss":0,"event_name":"Ghosts","floor":31,"gold_loss":0},{"damage_healed":0,"gold_gain":0,"player_choice":"Fight","damage_taken":0,"max_hp_gain":0,"max_hp_loss":0,"event_name":"Mysterious Sphere","floor":36,"gold_loss":0},{"cards_removed":["Twin Strike"],"damage_healed":0,"gold_gain":0,"player_choice":"Removed Attack","damage_taken":0,"max_hp_gain":0,"max_hp_loss":0,"event_name":"Falling","floor":38,"gold_loss":0},{"damage_healed":0,"gold_gain":0,"player_choice":"Memory 1","damage_taken":0,"max_hp_gain":0,"max_hp_loss":0,"event_name":"SensoryStone","floor":39,"gold_loss":0},{"damage_healed":0,"gold_gain":0,"player_choice":"Max HP","damage_taken":0,"max_hp_gain":0,"max_hp_loss":4,"event_name":"Winding Halls","floor":48,"gold_loss":0}],"is_beta":false,"boss_relics":[{"not_picked":["Ectoplasm","Calling Bell"],"picked":"Busted Crown"},{"not_picked":["Philosopher\u0027s Stone","Black Blood"],"picked":"Black Star"}],"items_purged_floors":[],"is_endless":false,"potions_floor_spawned":[1,5,13,14,16,27,29,30,35,44,46],"ascension_level":0}