{"gold_per_floor":[116,126,126,126,136,163,163,197,277,277,277,277,277,302,302,376,376,387,407,407,407,407,407,441,451,500,500,535,535,568,493,493,569,569,582,582,347,359,377,408,408,422,422,353,353,380,480,499,499,499,499,499,10,44,44],"floor_reached":55,"playtime":3398,"items_purged":[],"score":1351,"play_id":"559fdda2-a7e5-4d70-be4c-c9c32b98da2a","local_time":"20190909162650","is_ascension_mode":true,"campfire_choices":[{"floor":7,"key":"REST"},{"floor":11,"key":"REST"},{"floor":13,"key":"REST"},{"data":"Burst","floor":15,"key":"SMITH"},{"data":"Deadly Poison","floor":23,"key":"SMITH"},{"data":"Bouncing Flask","floor":27,"key":"SMITH"},{"data":"Catalyst","floor":29,"key":"SMITH"},{"data":"Strike_G","floor":32,"key":"PURGE"},{"data":"Well Laid Plans","floor":41,"key":"SMITH"},{"floor":49,"key":"RECALL"},{"data":"Catalyst","floor":52,"key":"SMITH"}],"neow_cost":"TEN_PERCENT_HP_LOSS","seed_source_timestamp":244022005932000,"circlet_count":0,"master_deck":["AscendersBane","Strike_G+1","Defend_G","Defend_G","Defend_G","Survivor","Neutralize","Adrenaline","Dash+1","Deadly Poison+1","Skewer+1","Escape Plan","Burst+1","Die Die Die","Riddle With Holes+1","Bouncing Flask+1","PiercingWail","Catalyst+1","Dash","Malaise","Bullet Time+1","Poisoned Stab+1","A Thousand Cuts+1","PiercingWail","Well Laid Plans+1","Crippling Poison","Catalyst+1","Catalyst+1","PiercingWail"],"special_seed":0,"relics":["Ring of the Snake","StoneCalendar","Whetstone","Peace Pipe","Meat on the Bone","Juzu Bracelet","Snecko Eye","Bag of Preparation","Bronze Scales","Pantograph","Boot","Astrolabe","TwistedFunnel","Pear","Du-Vu Doll","Incense Burner","ClockworkSouvenir","Happy Flower"],"potions_floor_usage":[16,28,33,40,48,54,55,55],"damage_taken":[{"damage":6.0,"enemies":"Jaw Worm","floor":1.0,"turns":7.0},{"damage":0.0,"enemies":"Small Slimes","floor":2.0,"turns":3.0},{"damage":0.0,"enemies":"Cultist","floor":5.0,"turns":3.0},{"damage":17.0,"enemies":"Gremlin Nob","floor":6.0,"turns":4.0},{"damage":17,"enemies":"3 Sentries","floor":8,"turns":7},{"damage":17,"enemies":"Lagavulin","floor":14,"turns":6},{"damage":25,"enemies":"Slime Boss","floor":16,"turns":7},{"damage":6,"enemies":"Shell Parasite","floor":18,"turns":6},{"damage":0,"enemies":"3 Byrds","floor":19,"turns":4},{"damage":18,"enemies":"Slavers","floor":24,"turns":7},{"damage":24,"enemies":"Shelled Parasite and Fungi","floor":25,"turns":7},{"damage":16,"enemies":"Book of Stabbing","floor":28,"turns":4},{"damage":8,"enemies":"Gremlin Leader","floor":30,"turns":3},{"damage":25,"enemies":"Collector","floor":33,"turns":7},{"damage":6,"enemies":"3 Shapes","floor":35,"turns":3},{"damage":0,"enemies":"Orb Walker","floor":38,"turns":2},{"damage":14,"enemies":"Maw","floor":39,"turns":6},{"damage":28,"enemies":"Nemesis","floor":40,"turns":5},{"damage":4,"enemies":"Jaw Worm Horde","floor":42,"turns":3},{"damage":19,"enemies":"Reptomancer","floor":46,"turns":3},{"damage":3,"enemies":"Mind Bloom Boss Battle","floor":47,"turns":4},{"damage":0,"enemies":"Transient","floor":48,"turns":5},{"damage":51,"enemies":"Time Eater","floor":50,"turns":6},{"damage":45,"enemies":"Shield and Spear","floor":54,"turns":4},{"damage":57,"enemies":"The Heart","floor":55,"turns":5}],"seed_played":"1528742808077302830","potions_obtained":[{"floor":5.0,"key":"Poison Potion"},{"floor":8,"key":"GamblersBrew"},{"floor":14,"key":"Fire Potion"},{"floor":18,"key":"EssenceOfSteel"},{"floor":30,"key":"GhostInAJar"},{"floor":35,"key":"Weak Potion"},{"floor":40,"key":"EssenceOfSteel"},{"floor":47,"key":"Fruit Juice"},{"floor":48,"key":"Dexterity Potion"},{"floor":54,"key":"Block Potion"}],"is_trial":false,"path_per_floor":["M","M","?","?","M","E","R","E","T","?","R","?","R","E","R","B",null,"M","M","?","?","?","R","E","M","T","R","E","R","E","?","R","B",null,"M","?","$","M","M","E","R","M","T","$","?","E","?","M","R","B",null,"R","$","E","B"],"character_chosen":"THE_SILENT","items_purchased":["Well Laid Plans","TwistedFunnel","Crippling Poison","Incense Burner","ClockworkSouvenir"],"campfire_rested":3,"item_purchase_floors":[37,37,44,53,53],"current_hp_per_floor":[53,53,53,18,18,1,19,2,2,2,20,20,38,33,33,20,50,44,44,44,44,44,44,38,26,26,26,22,22,26,26,26,38,55,49,49,49,49,35,29,29,37,37,37,37,30,52,57,57,36,65,65,65,32,0],"gold":44,"neow_bonus":"THREE_RARE_CARDS","is_prod":false,"is_daily":false,"chose_seed":false,"campfire_upgraded":6,"win_rate":0,"timestamp":1568039210,"path_taken":["M","M","?","?","M","E","R","E","T","?","R","?","R","E","R","BOSS","M","M","?","?","?","R","E","M","T","R","E","R","E","?","R","BOSS","M","?","$","M","M","E","R","M","T","$","?","E","?","M","R","BOSS","R","$","E","BOSS"],"build_version":"2019-08-26","purchased_purges":0,"victory":false,"max_hp_per_floor":[60,60,60,60,60,60,60,60,60,60,60,60,60,60,60,60,60,60,60,60,60,60,60,60,60,60,60,60,60,60,60,60,60,60,60,60,60,60,60,70,70,70,70,70,70,70,70,75,75,75,75,75,75,75,75],"card_choices":[{"not_picked":["Envenom","A Thousand Cuts"],"picked":"Adrenaline","floor":0.0},{"not_picked":["Outmaneuver","Catalyst","Terror"],"picked":"SKIP","floor":1.0},{"not_picked":["Riddle With Holes","Poisoned Stab"],"picked":"Dash","floor":2.0},{"not_picked":["PiercingWail","Outmaneuver"],"picked":"Deadly Poison","floor":5.0},{"not_picked":["Tactician","Distraction"],"picked":"Skewer","floor":6},{"not_picked":["Eviscerate","Flying Knee"],"picked":"Escape Plan","floor":8},{"not_picked":["Underhanded Strike","Bane"],"picked":"Burst","floor":14},{"not_picked":["Burst","Phantasmal Killer"],"picked":"Die Die Die","floor":16},{"not_picked":["Blur","Catalyst","Poisoned Stab"],"picked":"SKIP","floor":18},{"not_picked":["Backflip","Bane"],"picked":"Riddle With Holes+1","floor":19},{"not_picked":["Cloak And Dagger","Expertise+1"],"picked":"Bouncing Flask","floor":24},{"not_picked":["Quick Slash+1","Backflip"],"picked":"PiercingWail","floor":25},{"not_picked":["Eviscerate","Tactician"],"picked":"Catalyst","floor":28},{"not_picked":["Quick Slash","Malaise"],"picked":"Dash","floor":30},{"not_picked":["Tools of the Trade","Doppelganger"],"picked":"Malaise","floor":33},{"not_picked":["Calculated Gamble","Heel Hook"],"picked":"PiercingWail","floor":35},{"not_picked":["Outmaneuver","Dagger Spray+1","Heel Hook"],"picked":"SKIP","floor":38},{"not_picked":["Sucker Punch","Infinite Blades+1","Deadly Poison"],"picked":"SKIP","floor":39},{"not_picked":["Deflect","Flechettes","Backstab"],"picked":"SKIP","floor":40},{"not_picked":["Acrobatics","Heel Hook","Flying Knee+1"],"picked":"SKIP","floor":42},{"not_picked":["Poisoned Stab+1","Dagger Spray","Dagger Throw"],"picked":"SKIP","floor":46},{"not_picked":["Venomology","Setup"],"picked":"Catalyst","floor":48},{"not_picked":["Underhanded Strike","Bane"],"picked":"PiercingWail","floor":54}],"player_experience":758098,"relics_obtained":[{"floor":6,"key":"Whetstone"},{"floor":8,"key":"Peace Pipe"},{"floor":9,"key":"Meat on the Bone"},{"floor":14,"key":"Juzu Bracelet"},{"floor":24,"key":"Bag of Preparation"},{"floor":26,"key":"Bronze Scales"},{"floor":28,"key":"Pantograph"},{"floor":30,"key":"Boot"},{"floor":40,"key":"Pear"},{"floor":47,"key":"Du-Vu Doll"},{"floor":54,"key":"Happy Flower"}],"event_choices":[{"damage_healed":0.0,"max_hp_gain":0.0,"max_hp_loss":0.0,"gold_gain":0.0,"event_name":"Living Wall","player_choice":"Grow","floor":3.0,"gold_loss":0.0,"damage_taken":0.0,"cards_upgraded":["Dash"]},{"damage_healed":0.0,"max_hp_gain":0.0,"max_hp_loss":0.0,"gold_gain":0.0,"event_name":"Scrap Ooze","player_choice":"Success","floor":4.0,"gold_loss":0.0,"damage_taken":35.0,"relics_obtained":["StoneCalendar"]},{"damage_healed":0,"gold_gain":0,"player_choice":"Ignored","damage_taken":0,"max_hp_gain":0,"max_hp_loss":0,"event_name":"Liars Game","floor":10,"gold_loss":0},{"cards_removed":["Strike_G"],"damage_healed":0,"gold_gain":0,"player_choice":"Offered Basic","damage_taken":0,"max_hp_gain":0,"max_hp_loss":0,"event_name":"Bonfire Elementals","floor":12,"gold_loss":0},{"damage_healed":0,"gold_gain":0,"player_choice":"Ignored","damage_taken":0,"max_hp_gain":0,"max_hp_loss":0,"event_name":"Ghosts","floor":20,"gold_loss":0},{"damage_healed":0,"gold_gain":0,"player_choice":"Ignored","damage_taken":0,"max_hp_gain":0,"max_hp_loss":0,"event_name":"The Mausoleum","floor":21,"gold_loss":0},{"damage_healed":0,"gold_gain":0,"player_choice":"Ignored","damage_taken":0,"max_hp_gain":0,"max_hp_loss":0,"event_name":"Vampires","floor":22,"gold_loss":0},{"cards_removed":["Strike_G"],"damage_healed":0,"gold_gain":0,"player_choice":"Gave Gold","damage_taken":0,"max_hp_gain":0,"max_hp_loss":0,"event_name":"Beggar","floor":31,"gold_loss":75},{"damage_healed":0,"gold_gain":0,"player_choice":"Ignored","damage_taken":0,"max_hp_gain":0,"max_hp_loss":0,"event_name":"Tomb of Lord Red Mask","floor":36,"gold_loss":0},{"damage_healed":0,"gold_gain":0,"player_choice":"Copied","damage_taken":0,"max_hp_gain":0,"max_hp_loss":0,"event_name":"Duplicator","floor":45,"gold_loss":0,"cards_obtained":["Catalyst"]},{"damage_healed":0,"gold_gain":0,"player_choice":"Fight","damage_taken":0,"max_hp_gain":0,"max_hp_loss":0,"event_name":"MindBloom","floor":47,"gold_loss":0}],"is_beta":true,"boss_relics":[{"not_picked":["HoveringKite","Lizard Tail"],"picked":"Snecko Eye"},{"not_picked":["Sozu","Pandora\u0027s Box"],"picked":"Astrolabe"}],"items_purged_floors":[],"is_endless":false,"potions_floor_spawned":[5,8,14,18,25,30,35,40,47,48,54],"killed_by":"The Heart","ascension_level":15}