{"gold_per_floor":[119,135,310,385,395,395,405,405,405,330,330,330,405,419,419,514,514,528,578,589,606,606,606,94,94,142,142,142,142,162,179,179,179],"floor_reached":33,"playtime":956,"items_purged":["Doubt","Strike_B"],"score":235,"play_id":"ffd9dc43-d71d-400f-b0f2-287b38e67489","local_time":"20190618103331","is_ascension_mode":false,"campfire_choices":[{"data":"Streamline","floor":6,"key":"SMITH"},{"data":"Zap","floor":8,"key":"SMITH"},{"data":"Beam Cell","floor":12,"key":"SMITH"},{"data":"Compile Driver","floor":15,"key":"SMITH"},{"floor":23,"key":"REST"},{"data":"Hologram","floor":25,"key":"SMITH"},{"data":"Electrodynamics","floor":27,"key":"SMITH"},{"floor":29,"key":"REST"},{"floor":32,"key":"REST"}],"neow_cost":"NONE","seed_source_timestamp":498513498564205,"circlet_count":0,"master_deck":["Strike_B","Strike_B","Strike_B","Defend_B","Defend_B","Defend_B","Defend_B","Zap+1","Dualcast","Streamline+1","Beam Cell+1","Compile Driver+1","Auto Shields+1","Go for the Eyes+1","Electrodynamics+1","Conserve Battery+1","Hologram+1","Master of Strategy","Gash","Static Discharge"],"special_seed":0,"relics":["Busted Crown"],"potions_floor_usage":[33],"damage_taken":[{"damage":0.0,"enemies":"2 Louse","floor":1.0,"turns":2.0},{"damage":1.0,"enemies":"Jaw Worm","floor":2.0,"turns":3.0},{"damage":0,"enemies":"Cultist","floor":5,"turns":2},{"damage":13,"enemies":"3 Louse","floor":7,"turns":4},{"damage":0,"enemies":"Looter","floor":14,"turns":3},{"damage":29,"enemies":"Hexaghost","floor":16,"turns":8},{"damage":25,"enemies":"2 Thieves","floor":18,"turns":4},{"damage":12,"enemies":"Shell Parasite","floor":20,"turns":5},{"damage":18,"enemies":"Centurion and Healer","floor":21,"turns":8},{"damage":23,"enemies":"Snecko","floor":30,"turns":6},{"damage":12,"enemies":"Snake Plant","floor":31,"turns":3},{"damage":64,"enemies":"Collector","floor":33,"turns":6}],"seed_played":"3213557219220875346","potions_obtained":[{"floor":2.0,"key":"SteroidPotion"},{"floor":5,"key":"SneckoOil"},{"floor":16,"key":"AttackPotion"},{"floor":20,"key":"Strength Potion"}],"is_trial":false,"path_per_floor":["M","M","?","?","M","R","M","R","T","$","?","R","?","M","R","B",null,"M","?","M","M","?","R","$","R","T","R","?","R","M","M","R","B"],"character_chosen":"DEFECT","items_purchased":["Electrodynamics","Conserve Battery","Hologram","Master of Strategy","Gash"],"campfire_rested":3,"item_purchase_floors":[24,24,24,24,24],"current_hp_per_floor":[75,74,74,67,67,67,54,54,54,54,54,54,43,43,43,14,75,50,50,38,20,20,42,42,42,42,42,42,64,41,29,51,0],"gold":179,"neow_bonus":"BOSS_RELIC","is_prod":false,"is_daily":false,"chose_seed":false,"campfire_upgraded":6,"win_rate":0,"timestamp":1560846811,"path_taken":["M","M","?","?","?","R","M","R","T","$","?","R","?","M","R","BOSS","M","?","?","M","?","R","$","R","T","R","?","R","M","M","R","BOSS"],"build_version":"2019-01-23","purchased_purges":2,"victory":false,"max_hp_per_floor":[75,75,75,75,75,75,75,75,75,75,75,75,75,75,75,75,75,75,75,75,75,75,75,75,75,75,75,75,75,75,75,75,75],"card_choices":[{"not_picked":[],"picked":"Streamline","floor":1.0},{"not_picked":[],"picked":"Beam Cell","floor":2.0},{"not_picked":["Barrage"],"picked":"SKIP","floor":5},{"not_picked":["Redo"],"picked":"SKIP","floor":7},{"not_picked":[],"picked":"Compile Driver","floor":14},{"not_picked":[],"picked":"Auto Shields+1","floor":18},{"not_picked":[],"picked":"Go for the Eyes+1","floor":20},{"not_picked":["Stack+1"],"picked":"SKIP","floor":21},{"not_picked":[],"picked":"Static Discharge","floor":30},{"not_picked":["Turbo+1"],"picked":"SKIP","floor":31}],"player_experience":554346,"relics_obtained":[],"event_choices":[{"damage_healed":0.0,"max_hp_gain":0.0,"max_hp_loss":0.0,"gold_gain":175.0,"event_name":"Liars Game","player_choice":"AGREE","floor":3.0,"gold_loss":0.0,"damage_taken":0.0,"cards_obtained":["Doubt"]},{"damage_healed":0,"gold_gain":75,"player_choice":"Touch","damage_taken":7,"max_hp_gain":0,"max_hp_loss":0,"event_name":"FaceTrader","floor":4,"gold_loss":0},{"damage_healed":0,"gold_gain":0,"player_choice":"Fled","damage_taken":0,"max_hp_gain":0,"max_hp_loss":0,"event_name":"Scrap Ooze","floor":11,"gold_loss":0},{"damage_healed":0,"gold_gain":75,"player_choice":"Gather Gold","damage_taken":11,"max_hp_gain":0,"max_hp_loss":0,"event_name":"World of Goop","floor":13,"gold_loss":0},{"damage_healed":0,"gold_gain":100,"player_choice":"Bet on Murderer","damage_taken":0,"max_hp_gain":0,"max_hp_loss":0,"event_name":"The Joust","floor":19,"gold_loss":50},{"damage_healed":0,"gold_gain":0,"player_choice":"Ignored","damage_taken":0,"max_hp_gain":0,"max_hp_loss":0,"event_name":"Ghosts","floor":22,"gold_loss":0},{"damage_healed":0,"gold_gain":0,"player_choice":"Forge","damage_taken":0,"max_hp_gain":0,"max_hp_loss":0,"event_name":"Accursed Blacksmith","floor":28,"gold_loss":0,"cards_upgraded":["Conserve Battery"]}],"is_beta":false,"boss_relics":[{"not_picked":[]}],"items_purged_floors":[10,24],"is_endless":false,"potions_floor_spawned":[2,5,16,20,21,31],"killed_by":"Collector","ascension_level":0}