{"gold_per_floor":[117,42,59,334,344,344,361,391,391,162,181,216,291,291,291,386,386,396,386,296,306,325,390,390,424,473,486,561,580,383,395,395,493,493,503,516,157,379,395,421,421,421,447,447,457,474,500,517,517,517,517,517,32,58,58],"floor_reached":55,"playtime":4754,"items_purged":["Normality","Regret","Strike_G","Strike_G"],"score":786,"play_id":"1fd77adf-0677-41b2-acc3-ee43ccbc3900","local_time":"20190519210332","is_ascension_mode":false,"campfire_choices":[{"data":"A Thousand Cuts","floor":6.0,"key":"SMITH"},{"floor":15.0,"key":"REST"},{"data":"Acrobatics","floor":24.0,"key":"SMITH"},{"data":"Well Laid Plans","floor":32,"key":"SMITH"},{"floor":41,"key":"RECALL"},{"floor":44,"key":"REST"},{"floor":49,"key":"REST"},{"floor":52,"key":"REST"}],"neow_cost":"CURSE","seed_source_timestamp":747871307932751,"circlet_count":0,"master_deck":["Defend_G","Defend_G+1","Defend_G","Defend_G","Defend_G","Strike_G","Strike_G","Survivor","Neutralize","A Thousand Cuts+1","Terror","Infinite Blades","Blade Dance","Sucker Punch","Bullet Time+1","Acrobatics+1","Footwork","PiercingWail","Dash","Escape Plan","Malaise","Deflect+1","Outmaneuver","Tools of the Trade","Dodge and Roll","Well Laid Plans+1","Choke","Doppelganger","Corpse Explosion","Wraith Form v2","Adrenaline"],"special_seed":0,"relics":["Ring of the Serpent","Bag of Marbles","Ninja Scroll","Mango","Tiny Chest","Red Mask","Centennial Puzzle","Fusion Hammer","OrangePellets","Blood Vial","Gambling Chip","Bottled Tornado","Paper Crane","Bird Faced Urn"],"potions_floor_usage":[25,55,55,55],"damage_taken":[{"damage":1.0,"enemies":"Cultist","floor":1.0,"turns":5.0},{"damage":2.0,"enemies":"Small Slimes","floor":3.0,"turns":6.0},{"damage":6.0,"enemies":"2 Louse","floor":5.0,"turns":3.0},{"damage":18.0,"enemies":"Lots of Slimes","floor":7.0,"turns":3.0},{"damage":24.0,"enemies":"Gremlin Nob","floor":8.0,"turns":4.0},{"damage":0.0,"enemies":"2 Fungi Beasts","floor":11.0,"turns":2.0},{"damage":0.0,"enemies":"Lagavulin","floor":12.0,"turns":3.0},{"damage":25.0,"enemies":"The Guardian","floor":16.0,"turns":8.0},{"damage":0.0,"enemies":"3 Byrds","floor":18.0,"turns":3.0},{"damage":4.0,"enemies":"2 Thieves","floor":19.0,"turns":4.0},{"damage":5.0,"enemies":"Snecko","floor":21.0,"turns":6.0},{"damage":2.0,"enemies":"Snake Plant","floor":22.0,"turns":5.0},{"damage":8.0,"enemies":"Slavers","floor":23.0,"turns":7.0},{"damage":5,"enemies":"Masked Bandits","floor":25,"turns":4},{"damage":0,"enemies":"3 Cultists","floor":27,"turns":3},{"damage":2,"enemies":"Shelled Parasite and Fungi","floor":29,"turns":7},{"damage":0,"enemies":"Cultist and Chosen","floor":31,"turns":5},{"damage":29,"enemies":"Automaton","floor":33,"turns":10},{"damage":5,"enemies":"Orb Walker","floor":35,"turns":3},{"damage":0,"enemies":"3 Darklings","floor":36,"turns":4},{"damage":0,"enemies":"4 Shapes","floor":39,"turns":6},{"damage":2,"enemies":"Reptomancer","floor":40,"turns":6},{"damage":33,"enemies":"Transient","floor":45,"turns":5},{"damage":3,"enemies":"Sphere and 2 Shapes","floor":46,"turns":6},{"damage":16,"enemies":"Giant Head","floor":47,"turns":8},{"damage":0,"enemies":"Spire Growth","floor":48,"turns":5},{"damage":38,"enemies":"Donu and Deca","floor":50,"turns":8},{"damage":1,"enemies":"Shield and Spear","floor":54,"turns":5},{"damage":92,"enemies":"The Heart","floor":55,"turns":14}],"seed_played":"5275362435111956172","potions_obtained":[{"floor":1.0,"key":"SteroidPotion"},{"floor":5.0,"key":"LiquidBronze"},{"floor":8.0,"key":"SteroidPotion"},{"floor":11.0,"key":"Dexterity Potion"},{"floor":19.0,"key":"Swift Potion"},{"floor":22.0,"key":"PowerPotion"},{"floor":27,"key":"SkillPotion"},{"floor":31,"key":"Weak Potion"},{"floor":33,"key":"Strength Potion"}],"is_trial":false,"path_per_floor":["M","$","M","?","M","R","M","E","T","$","M","E","?","?","R","B",null,"M","M","?","M","M","E","R","?","T","M","?","M","$","M","R","B",null,"M","M","$","?","M","E","R","?","T","R","M","M","E","M","R","B",null,"R","$","E","B"],"character_chosen":"THE_SILENT","items_purchased":["Acrobatics","Footwork","PiercingWail","Well Laid Plans","OrangePellets","Bottled Tornado","Paper Crane"],"campfire_rested":4,"item_purchase_floors":[10,10,10,30,37,53,53],"current_hp_per_floor":[69,69,67,67,61,61,43,19,19,19,19,33,22,22,47,22,84,84,80,80,75,73,65,65,60,60,60,52,50,50,50,50,21,84,79,79,79,79,79,77,77,77,77,84,51,50,36,38,63,27,84,84,84,83,0],"gold":58,"neow_bonus":"THREE_RARE_CARDS","is_prod":false,"is_daily":false,"chose_seed":false,"campfire_upgraded":3,"win_rate":0,"timestamp":1558314212,"path_taken":["M","$","M","?","M","R","?","E","T","$","M","E","?","?","R","BOSS","M","?","?","M","?","E","R","?","T","M","?","M","$","M","R","BOSS","M","?","$","?","M","E","R","?","T","R","M","M","E","M","R","BOSS","R","$","E","BOSS"],"build_version":"2019-01-23","purchased_purges":4,"victory":false,"max_hp_per_floor":[70,70,70,70,70,70,70,70,70,70,70,84,84,84,84,84,84,84,84,84,84,84,84,84,84,84,84,84,84,84,84,84,84,84,84,84,84,84,84,84,84,84,84,84,84,84,84,84,84,84,84,84,84,84,84],"card_choices":[{"not_picked":["After Image","Doppelganger"],"picked":"A Thousand Cuts","floor":0.0},{"not_picked":["Crippling Poison","Eviscerate"],"picked":"Terror","floor":1.0},{"not_picked":["Backstab","Skewer"],"picked":"Infinite Blades","floor":3.0},{"not_picked":["Dagger Spray","Quick Slash"],"picked":"Blade Dance","floor":5.0},{"not_picked":["Noxious Fumes","Outmaneuver"],"picked":"Sucker Punch","floor":7.0},{"not_picked":["Underhanded Strike","Poisoned Stab"],"picked":"Bullet Time","floor":8.0},{"not_picked":["PiercingWail","Sucker Punch"],"picked":"Dash","floor":11.0},{"not_picked":["Tactician","Heel Hook"],"picked":"Escape Plan","floor":12.0},{"not_picked":["Tools of the Trade","Venomology"],"picked":"Malaise","floor":16.0},{"not_picked":["Flechettes","Concentrate"],"picked":"Deflect+1","floor":18.0},{"not_picked":["Flechettes","Underhanded Strike","Bane"],"picked":"SKIP","floor":19.0},{"not_picked":["Tactician","Sucker Punch+1"],"picked":"Outmaneuver","floor":21.0},{"not_picked":["Dagger Spray+1","Outmaneuver","Bane"],"picked":"SKIP","floor":22.0},{"not_picked":["Sucker Punch","Slice"],"picked":"Tools of the Trade","floor":23.0},{"not_picked":["Poisoned Stab","Dagger Spray+1"],"picked":"Dodge and Roll","floor":25},{"not_picked":["Flying Knee","Masterful Stab+1","Dagger Spray"],"picked":"SKIP","floor":27},{"not_picked":["Catalyst","Underhanded Strike","Acrobatics"],"picked":"SKIP","floor":29},{"not_picked":["Dodge and Roll","Predator"],"picked":"Choke","floor":31},{"not_picked":["Unload","Night Terror"],"picked":"Doppelganger","floor":33},{"not_picked":["Deadly Poison","Slice+1","Poisoned Stab"],"picked":"SKIP","floor":35},{"not_picked":["Sucker Punch","Masterful Stab+1","Dagger Throw"],"picked":"SKIP","floor":36},{"not_picked":["Caltrops","Acrobatics+1"],"picked":"Corpse Explosion","floor":39},{"not_picked":["Escape Plan","Deadly Poison+1","Dagger Throw+1"],"picked":"SKIP","floor":40},{"not_picked":["Poisoned Stab+1","Reflex+1","Calculated Gamble+1"],"picked":"SKIP","floor":45},{"not_picked":["Dagger Spray+1","Dagger Throw","Cloak And Dagger"],"picked":"SKIP","floor":46},{"not_picked":["Slice+1","Cloak And Dagger"],"picked":"Wraith Form v2","floor":47},{"not_picked":["Poisoned Stab","Cloak And Dagger+1","Underhanded Strike+1"],"picked":"SKIP","floor":48},{"not_picked":["Dagger Spray","Glass Knife"],"picked":"Adrenaline","floor":54}],"player_experience":909922,"relics_obtained":[{"floor":8.0,"key":"Bag of Marbles"},{"floor":9.0,"key":"Ninja Scroll"},{"floor":12.0,"key":"Mango"},{"floor":23.0,"key":"Tiny Chest"},{"floor":25,"key":"Red Mask"},{"floor":26,"key":"Centennial Puzzle"},{"floor":40,"key":"Blood Vial"},{"floor":47,"key":"Gambling Chip"},{"floor":54,"key":"Bird Faced Urn"}],"event_choices":[{"damage_healed":0.0,"max_hp_gain":0.0,"max_hp_loss":0.0,"gold_gain":275.0,"event_name":"Golden Shrine","player_choice":"Desecrate","floor":4.0,"gold_loss":0.0,"damage_taken":0.0,"cards_obtained":["Regret"]},{"damage_healed":0.0,"max_hp_gain":0.0,"max_hp_loss":0.0,"gold_gain":75.0,"event_name":"World of Goop","player_choice":"Gather Gold","floor":13.0,"gold_loss":0.0,"damage_taken":11.0},{"damage_healed":0.0,"max_hp_gain":0.0,"max_hp_loss":0.0,"gold_gain":0.0,"event_name":"Upgrade Shrine","player_choice":"Upgraded","floor":14.0,"gold_loss":0.0,"damage_taken":0.0,"cards_upgraded":["Bullet Time"]},{"cards_removed":["Strike_G"],"damage_healed":0.0,"max_hp_gain":0.0,"max_hp_loss":0.0,"gold_gain":0.0,"event_name":"Designer","player_choice":"Upgrade and Remove","floor":20.0,"gold_loss":90.0,"damage_taken":0.0,"cards_upgraded":["Defend_G"]},{"damage_healed":0,"gold_gain":0,"player_choice":"Fought Bandits","damage_taken":0,"max_hp_gain":0,"max_hp_loss":0,"event_name":"Masked Bandits","floor":25,"gold_loss":0},{"damage_healed":0,"gold_gain":75,"player_choice":"Touch","damage_taken":8,"max_hp_gain":0,"max_hp_loss":0,"event_name":"FaceTrader","floor":28,"gold_loss":0},{"damage_healed":0,"gold_gain":222,"player_choice":"Wore Mask","damage_taken":0,"max_hp_gain":0,"max_hp_loss":0,"event_name":"Tomb of Lord Red Mask","floor":38,"gold_loss":0},{"damage_healed":0,"gold_gain":0,"player_choice":"Bought 0 Potions","damage_taken":0,"max_hp_gain":0,"max_hp_loss":0,"event_name":"The Woman in Blue","floor":42,"gold_loss":0}],"is_beta":false,"boss_relics":[{"not_picked":["Snecko Eye","Eternal Feather"],"picked":"Ring of the Serpent"},{"not_picked":["WristBlade","Black Star"],"picked":"Fusion Hammer"}],"items_purged_floors":[2,10,30,37],"is_endless":false,"potions_floor_spawned":[1,5,8,11,19,21,22,27,31,33,35,39,46],"killed_by":"The Heart","ascension_level":0}