{"gold_per_floor":[115,115,115,115,133,133,133,148,148,183,183,197,197,227,227,227],"floor_reached":16,"playtime":583,"items_purged":[],"score":189,"play_id":"88cfbc24-519b-43fa-9549-ab972358174d","local_time":"20190616170522","is_ascension_mode":true,"campfire_choices":[{"floor":6,"key":"REST"},{"floor":11,"key":"REST"},{"floor":13,"key":"REST"},{"floor":15,"key":"REST"}],"neow_cost":"NONE","seed_source_timestamp":2299813513957832,"circlet_count":0,"master_deck":["AscendersBane","Defend_G","Defend_G","Defend_G","Defend_G","Defend_G","Strike_G+1","Strike_G+1","Strike_G","Strike_G","Survivor+1","Neutralize","Crippling Poison","Endless Agony","Concentrate","Deflect","Footwork"],"relics":["Ring of the Snake","Ornamental Fan","Bottled Lightning","Pen Nib"],"potions_floor_usage":[],"damage_taken":[{"damage":1,"enemies":"Small Slimes","floor":1,"turns":4},{"damage":0,"enemies":"Cultist","floor":5,"turns":3},{"damage":4,"enemies":"Jaw Worm","floor":8,"turns":4},{"damage":28,"enemies":"Gremlin Nob","floor":10,"turns":5},{"damage":15,"enemies":"Exordium Wildlife","floor":12,"turns":7},{"damage":29,"enemies":"3 Sentries","floor":14,"turns":15},{"damage":39,"enemies":"The Guardian","floor":16,"turns":9}],"seed_played":"2431234683994041465","potions_obtained":[{"floor":1,"key":"GhostInAJar"},{"floor":8,"key":"Swift Potion"}],"is_trial":false,"path_per_floor":["M","?","$","?","M","R","?","M","T","E","R","M","R","E","R","B"],"character_chosen":"THE_SILENT","items_purchased":[],"campfire_rested":4,"item_purchase_floors":[],"current_hp_per_floor":[58,58,58,38,38,57,57,53,53,25,44,29,48,19,38,0],"gold":227,"neow_bonus":"REMOVE_CARD","is_prod":false,"is_daily":false,"chose_seed":false,"campfire_upgraded":0,"win_rate":0,"timestamp":1560719122,"path_taken":["M","?","?","?","M","R","?","M","T","E","R","?","R","E","R","BOSS"],"build_version":"2019-01-23","purchased_purges":0,"victory":false,"max_hp_per_floor":[66,66,66,66,66,66,66,66,66,66,66,66,66,66,66,66],"card_choices":[{"not_picked":["Distraction","Quick Slash"],"picked":"Crippling Poison","floor":1},{"not_picked":["Bane","Slice","Sucker Punch"],"picked":"SKIP","floor":5},{"not_picked":["Dagger Throw","Concentrate"],"picked":"Endless Agony","floor":8},{"not_picked":["PiercingWail","Setup"],"picked":"Concentrate","floor":10},{"not_picked":["Heel Hook","Outmaneuver"],"picked":"Deflect","floor":12},{"not_picked":["Riddle With Holes","Escape Plan"],"picked":"Footwork","floor":14}],"player_experience":1018404,"relics_obtained":[{"floor":9,"key":"Ornamental Fan"},{"floor":10,"key":"Bottled Lightning"},{"floor":14,"key":"Pen Nib"}],"event_choices":[{"damage_healed":0,"gold_gain":0,"player_choice":"Upgraded","damage_taken":0,"max_hp_gain":0,"max_hp_loss":0,"event_name":"Upgrade Shrine","floor":2,"gold_loss":0,"cards_upgraded":["Survivor"]},{"damage_healed":0,"gold_gain":0,"player_choice":"Entered Light","damage_taken":20,"max_hp_gain":0,"max_hp_loss":0,"event_name":"Shining Light","floor":4,"gold_loss":0,"cards_upgraded":["Strike_G","Strike_G"]},{"damage_healed":0,"gold_gain":0,"player_choice":"Ignored","damage_taken":0,"max_hp_gain":0,"max_hp_loss":0,"event_name":"Liars Game","floor":7,"gold_loss":0}],"is_beta":false,"boss_relics":[],"items_purged_floors":[],"is_endless":false,"potions_floor_spawned":[1,8],"killed_by":"The Guardian","ascension_level":15}