{"gold_per_floor":[119,133,61,73,73,73,85,97,124,49,49,75,91,109,109,206,206,224,243,243,243,260,260,260,260,260,260,274,274,199,219,219,321,321,341,341,1340,1109,610,610,610,610,610,629,644,644,655,671,671,671],"floor_reached":51,"playtime":2451,"items_purged":["Strike_R","Normality","Normality"],"score":714,"play_id":"1841feb0-f3f0-4b2f-8f8a-0ba6c5e4d0c4","local_time":"20190618124213","is_ascension_mode":false,"campfire_choices":[{"data":"Whirlwind","floor":6.0,"key":"SMITH"},{"data":"Feed","floor":11.0,"key":"SMITH"},{"data":"Bash","floor":15.0,"key":"SMITH"},{"data":"Fiend Fire","floor":23.0,"key":"SMITH"},{"data":"J.A.X.","floor":25,"key":"SMITH"},{"data":"Shockwave","floor":29,"key":"SMITH"},{"floor":32,"key":"REST"},{"data":"Uppercut","floor":40,"key":"SMITH"},{"floor":42,"key":"REST"},{"floor":46,"key":"REST"},{"floor":49,"key":"REST"}],"neow_cost":"NONE","seed_source_timestamp":504688855453820,"circlet_count":0,"master_deck":["Strike_R+1","Strike_R","Strike_R","Defend_R+1","Defend_R","Defend_R","Defend_R","Bash+1","Burning Pact","Battle Trance","Whirlwind+1","Feed+1","Metallicize","Shrug It Off","Fiend Fire+1","Heavy Blade","Carnage","J.A.X.+1","Shockwave+1","Shrug It Off","Clothesline","Impervious","Spot Weakness","Apotheosis","Uppercut+1","Disarm","Shockwave+1"],"special_seed":0,"relics":["Snecko Eye"],"potions_floor_usage":[33,33,50,50,50],"damage_taken":[{"damage":0.0,"enemies":"Cultist","floor":1.0,"turns":2.0},{"damage":6.0,"enemies":"Jaw Worm","floor":2.0,"turns":2.0},{"damage":2.0,"enemies":"Small Slimes","floor":4.0,"turns":3.0},{"damage":9.0,"enemies":"Blue Slaver","floor":7.0,"turns":3.0},{"damage":2.0,"enemies":"2 Fungi Beasts","floor":8.0,"turns":2.0},{"damage":0.0,"enemies":"3 Louse","floor":13.0,"turns":1.0},{"damage":0.0,"enemies":"Exordium Wildlife","floor":14.0,"turns":1.0},{"damage":48.0,"enemies":"Hexaghost","floor":16.0,"turns":12.0},{"damage":9.0,"enemies":"2 Thieves","floor":18.0,"turns":3.0},{"damage":15.0,"enemies":"Shell Parasite","floor":19.0,"turns":4.0},{"damage":5.0,"enemies":"Snake Plant","floor":22.0,"turns":2.0},{"damage":7,"enemies":"Chosen and Byrds","floor":28,"turns":4},{"damage":11,"enemies":"Sentry and Sphere","floor":31,"turns":5},{"damage":62,"enemies":"Automaton","floor":33,"turns":10},{"damage":32,"enemies":"3 Darklings","floor":35,"turns":7},{"damage":13,"enemies":"3 Shapes","floor":44,"turns":6},{"damage":18,"enemies":"Spire Growth","floor":45,"turns":6},{"damage":9,"enemies":"Maw","floor":47,"turns":7},{"damage":15,"enemies":"Transient","floor":48,"turns":5},{"damage":76,"enemies":"Time Eater","floor":50,"turns":10}],"seed_played":"-1354539776290443093","potions_obtained":[{"floor":2.0,"key":"GamblersBrew"},{"floor":4.0,"key":"SteroidPotion"},{"floor":13.0,"key":"GamblersBrew"},{"floor":31,"key":"Poison Potion"},{"floor":35,"key":"Fire Potion"},{"floor":47,"key":"Block Potion"}],"is_trial":false,"path_per_floor":["M","M","$","M","?","R","M","M","T","$","R","T","M","M","R","B",null,"M","M","$","?","M","R","?","R","T","?","M","R","?","M","R","B",null,"M","?","?","$","$","R","?","R","T","M","M","R","M","M","R","B",null],"character_chosen":"IRONCLAD","items_purchased":["Battle Trance","Spot Weakness","SkillPotion","Apotheosis","Uppercut","Dexterity Potion","Regen Potion"],"campfire_rested":4,"item_purchase_floors":[3,38,38,39,39,39,39],"current_hp_per_floor":[80,74,74,72,56,56,47,45,45,45,45,45,45,49,49,5,88,83,72,72,72,67,67,67,67,67,67,60,60,60,53,83,21,100,72,72,72,72,72,72,72,103,103,94,76,108,103,88,112,51],"gold":671,"neow_bonus":"BOSS_RELIC","is_prod":false,"is_daily":false,"chose_seed":false,"campfire_upgraded":7,"win_rate":0,"timestamp":1560854533,"path_taken":["M","?","$","M","?","R","M","M","T","?","R","?","?","M","R","BOSS","M","M","$","?","M","R","?","R","T","?","M","R","?","M","R","BOSS","M","?","?","?","$","R","?","R","T","M","M","R","M","?","R","BOSS"],"build_version":"2019-01-23","purchased_purges":3,"victory":true,"max_hp_per_floor":[80,80,80,80,80,80,80,80,80,80,80,80,80,84,84,88,88,92,96,96,96,96,96,96,96,96,96,96,96,96,100,100,100,100,104,104,104,104,104,104,104,104,104,108,108,108,112,112,112,112],"card_choices":[{"not_picked":["Clash","Anger","Flex"],"picked":"SKIP","floor":1.0},{"not_picked":["Rampage","Warcry"],"picked":"Burning Pact","floor":2.0},{"not_picked":["Shrug It Off","Anger"],"picked":"Whirlwind","floor":4.0},{"not_picked":["True Grit","Havoc","Thunderclap"],"picked":"SKIP","floor":7.0},{"not_picked":["Cleave","Anger"],"picked":"Feed","floor":8.0},{"not_picked":["Flex","Havoc"],"picked":"Metallicize","floor":13.0},{"not_picked":["Havoc","Cleave"],"picked":"Shrug It Off","floor":14.0},{"not_picked":["Impervious","Reaper"],"picked":"Fiend Fire","floor":16.0},{"not_picked":["Rage","Infernal Blade+1","Second Wind"],"picked":"SKIP","floor":18.0},{"not_picked":["Flex","Feel No Pain"],"picked":"Heavy Blade","floor":19.0},{"not_picked":["Iron Wave+1","Body Slam"],"picked":"Carnage","floor":22.0},{"not_picked":["Havoc","Pommel Strike"],"picked":"Shrug It Off","floor":28},{"not_picked":["Cleave","Perfected Strike"],"picked":"Clothesline","floor":31},{"not_picked":["Barricade","Berserk"],"picked":"Impervious","floor":33},{"not_picked":["Pommel Strike+1","Perfected Strike","Power Through"],"picked":"SKIP","floor":35},{"not_picked":["Combust","Perfected Strike"],"picked":"Disarm","floor":44},{"not_picked":["Sentinel+1","Ghostly Armor+1","Sword Boomerang"],"picked":"SKIP","floor":45},{"not_picked":["Pommel Strike","Twin Strike+1"],"picked":"Shockwave+1","floor":47},{"not_picked":["Shockwave","Clash","Corruption+1"],"picked":"SKIP","floor":48}],"player_experience":555302,"relics_obtained":[],"event_choices":[{"damage_healed":0.0,"max_hp_gain":0.0,"max_hp_loss":0.0,"gold_gain":0.0,"event_name":"Shining Light","player_choice":"Entered Light","floor":5.0,"gold_loss":0.0,"damage_taken":16.0,"cards_upgraded":["Strike_R","Defend_R"]},{"damage_healed":0.0,"max_hp_gain":0.0,"max_hp_loss":0.0,"gold_gain":0.0,"event_name":"The Mausoleum","player_choice":"Ignored","floor":21.0,"gold_loss":0.0,"damage_taken":0.0},{"damage_healed":0,"gold_gain":0,"player_choice":"Obtain J.A.X.","damage_taken":0,"max_hp_gain":0,"max_hp_loss":0,"event_name":"Drug Dealer","floor":24,"gold_loss":0,"cards_obtained":["J.A.X."]},{"damage_healed":0,"gold_gain":0,"player_choice":"Read","damage_taken":0,"max_hp_gain":0,"max_hp_loss":0,"event_name":"The Library","floor":27,"gold_loss":0,"cards_obtained":["Shockwave"]},{"cards_removed":["Strike_R"],"damage_healed":0,"gold_gain":0,"player_choice":"Gave Gold","damage_taken":0,"max_hp_gain":0,"max_hp_loss":0,"event_name":"Beggar","floor":30,"gold_loss":75},{"damage_healed":0,"gold_gain":0,"player_choice":"Ignored","damage_taken":0,"max_hp_gain":0,"max_hp_loss":0,"event_name":"Mysterious Sphere","floor":36,"gold_loss":0},{"damage_healed":0,"gold_gain":999,"player_choice":"Gold","damage_taken":0,"max_hp_gain":0,"max_hp_loss":0,"event_name":"MindBloom","floor":37,"gold_loss":0,"cards_obtained":["Normality","Normality"]},{"damage_healed":0,"gold_gain":0,"player_choice":"Ignored","damage_taken":0,"max_hp_gain":0,"max_hp_loss":0,"event_name":"Tomb of Lord Red Mask","floor":41,"gold_loss":0}],"is_beta":false,"boss_relics":[{"not_picked":["Black Star","Astrolabe","Calling Bell"]},{"not_picked":["Runic Cube","Cursed Key","Fusion Hammer"]}],"items_purged_floors":[10,38,39],"is_endless":false,"potions_floor_spawned":[2,4,13,19,28,31,35,47,48],"ascension_level":0}