{"gold_per_floor":[18,18,28,42,42,42,58,58,82,92,267,287,287,316,316,412,412,423,423,56,75,86,148,148,148,172,172,252,262,290,302,302,302],"floor_reached":33,"playtime":1246,"items_purged":["Strike_R"],"score":312,"play_id":"bb9de458-9e6f-4954-8c95-986d664be545","local_time":"20190920201328","is_ascension_mode":false,"campfire_choices":[{"data":"Bash","floor":6,"key":"SMITH"},{"data":"Pommel Strike","floor":8,"key":"SMITH"},{"data":"Disarm","floor":13,"key":"SMITH"},{"data":"Anger","floor":15,"key":"SMITH"},{"data":"Immolate","floor":24,"key":"SMITH"},{"data":"Metallicize","floor":27,"key":"SMITH"},{"data":"Shrug It Off","floor":32,"key":"SMITH"}],"neow_cost":"NO_GOLD","seed_source_timestamp":582578998853553,"circlet_count":0,"master_deck":["Strike_R","Strike_R","Strike_R","Defend_R","Defend_R","Defend_R","Defend_R","Bash+1","Pommel Strike+1","Twin Strike","Flex","Disarm+1","Anger+1","Metallicize","Metallicize+1","Offering","Shockwave+1","Headbutt","Shrug It Off+1","Immolate+1","RitualDagger","Shrug It Off+1","True Grit+1","Spot Weakness+1"],"relics":["Burning Blood","Pear","Bag of Preparation","Red Skull","Nloth\u0027s Gift","Torii","Tiny Chest","Toxic Egg 2","Pen Nib"],"potions_floor_usage":[21,33,33],"damage_taken":[{"damage":1,"enemies":"Jaw Worm","floor":1,"turns":5},{"damage":6,"enemies":"Cultist","floor":3,"turns":3},{"damage":0,"enemies":"2 Louse","floor":4,"turns":2},{"damage":10,"enemies":"Looter","floor":7,"turns":3},{"damage":31,"enemies":"Exordium Thugs","floor":10,"turns":6},{"damage":18,"enemies":"Lots of Slimes","floor":12,"turns":4},{"damage":23,"enemies":"3 Sentries","floor":14,"turns":9},{"damage":12,"enemies":"Hexaghost","floor":16,"turns":8},{"damage":26,"enemies":"2 Thieves","floor":18,"turns":4},{"damage":13,"enemies":"Spheric Guardian","floor":21,"turns":3},{"damage":5,"enemies":"Snake Plant","floor":22,"turns":5},{"damage":36,"enemies":"Gremlin Leader","floor":23,"turns":6},{"damage":0,"enemies":"Sentry and Sphere","floor":29,"turns":2},{"damage":8,"enemies":"Slavers","floor":30,"turns":3},{"damage":11,"enemies":"Centurion and Healer","floor":31,"turns":5},{"damage":83,"enemies":"Automaton","floor":33,"turns":10}],"seed_played":"-1194093778569784266","potions_obtained":[{"floor":1,"key":"Block Potion"},{"floor":3,"key":"FairyPotion"},{"floor":16,"key":"Explosive Potion"},{"floor":23,"key":"Explosive Potion"},{"floor":30,"key":"Block Potion"}],"is_trial":false,"path_per_floor":["M","?","M","M","T","R","M","R","T","M","?","M","R","E","R","B",null,"M","?","$","M","M","E","R","?","T","R","T","M","E","M","R","B"],"character_chosen":"IRONCLAD","items_purchased":["Torii"],"campfire_rested":0,"item_purchase_floors":[20],"current_hp_per_floor":[96,96,96,96,106,106,102,102,102,77,77,65,65,48,48,42,106,86,86,86,79,80,50,50,44,44,44,44,50,48,43,43,0],"gold":302,"neow_bonus":"TWENTY_PERCENT_HP_BONUS","is_prod":false,"is_daily":false,"chose_seed":false,"campfire_upgraded":7,"win_rate":0,"timestamp":1569024808,"path_taken":["M","?","M","?","?","R","M","R","T","M","?","M","R","E","R","BOSS","M","?","?","M","M","E","R","?","T","R","?","M","E","?","R","BOSS"],"build_version":"2019-07-17","purchased_purges":1,"victory":false,"max_hp_per_floor":[96,96,96,96,106,106,106,106,106,106,106,106,106,106,106,106,106,106,106,106,106,106,106,106,106,106,106,106,106,106,106,106,106],"card_choices":[{"not_picked":["Metallicize","Entrench"],"picked":"Pommel Strike","floor":1},{"not_picked":["Wild Strike","Heavy Blade"],"picked":"Twin Strike","floor":3},{"not_picked":["Clothesline","Seeing Red"],"picked":"Flex","floor":4},{"not_picked":["Dropkick","Entrench"],"picked":"Disarm","floor":7},{"not_picked":["Wild Strike","Body Slam"],"picked":"Anger","floor":10},{"not_picked":["Twin Strike","Warcry"],"picked":"Metallicize","floor":12},{"not_picked":["Wild Strike","Perfected Strike"],"picked":"Metallicize","floor":14},{"not_picked":["Feed","Bludgeon"],"picked":"Offering","floor":16},{"not_picked":["Sword Boomerang","Wild Strike+1"],"picked":"Shockwave+1","floor":18},{"not_picked":["Sword Boomerang","Perfected Strike+1"],"picked":"Headbutt","floor":21},{"not_picked":["Anger","Heavy Blade"],"picked":"Shrug It Off","floor":22},{"not_picked":["Burning Pact","Flex+1"],"picked":"Immolate","floor":23},{"not_picked":["Evolve+1","Heavy Blade+1"],"picked":"Shrug It Off+1","floor":29},{"not_picked":["Wild Strike","Shrug It Off+1"],"picked":"True Grit+1","floor":30},{"not_picked":["Shrug It Off+1","Armaments+1"],"picked":"Spot Weakness+1","floor":31}],"player_experience":1297497,"relics_obtained":[{"floor":5,"key":"Pear"},{"floor":9,"key":"Bag of Preparation"},{"floor":14,"key":"Red Skull"},{"floor":23,"key":"Tiny Chest"},{"floor":28,"key":"Toxic Egg 2"},{"floor":30,"key":"Pen Nib"}],"event_choices":[{"damage_healed":0,"gold_gain":0,"player_choice":"Full Heal","damage_taken":0,"max_hp_gain":0,"max_hp_loss":0,"event_name":"Wheel of Change","floor":2,"gold_loss":0},{"damage_healed":0,"gold_gain":175,"player_choice":"AGREE","damage_taken":0,"max_hp_gain":0,"max_hp_loss":0,"event_name":"Liars Game","floor":11,"gold_loss":0,"cards_obtained":["Doubt"]},{"damage_healed":0,"gold_gain":0,"player_choice":"Traded Relic","damage_taken":0,"relics_obtained":["Nloth\u0027s Gift"],"max_hp_gain":0,"max_hp_loss":0,"event_name":"N\u0027loth","floor":19,"relics_lost":["Empty Cage"],"gold_loss":0},{"damage_healed":0,"gold_gain":0,"player_choice":"Joined the Cult","damage_taken":6,"max_hp_gain":0,"max_hp_loss":0,"event_name":"Nest","floor":25,"gold_loss":0,"cards_obtained":["RitualDagger"]}],"is_beta":false,"boss_relics":[{"not_picked":["Ectoplasm","Coffee Dripper"],"picked":"Empty Cage"}],"items_purged_floors":[20],"is_endless":false,"potions_floor_spawned":[1,3,16,18,23,30],"killed_by":"Automaton","ascension_level":0}