{"gold_per_floor":[116,130,130,141,141,168,181,181,181,194,38,58,92,14,14,112,112,128,145,145,164,164,164,191,191,241,261,261,261,296,296,296,399,399,413,413,427,447,37,62,62,97,397,409,421,441,457,457,457,457,457,457,9,40,40],"floor_reached":56,"playtime":3989,"items_purged":["Strike_R","Writhe","Strike_R"],"score":1284,"play_id":"addc6418-ecc6-4fc4-a310-3202343f542f","local_time":"20190717213612","is_ascension_mode":false,"campfire_choices":[{"data":"Combust","floor":8,"key":"SMITH"},{"data":"Rupture","floor":15,"key":"SMITH"},{"data":"Flame Barrier","floor":23,"key":"SMITH"},{"data":"Limit Break","floor":25,"key":"SMITH"},{"floor":28,"key":"REST"},{"data":"Dual Wield","floor":32,"key":"SMITH"},{"floor":41,"key":"REST"},{"floor":49,"key":"RECALL"},{"floor":52,"key":"REST"}],"neow_cost":"NONE","seed_source_timestamp":1492069088874510,"circlet_count":0,"master_deck":["Strike_R","Strike_R","Defend_R","Defend_R","Defend_R","Defend_R","Bash+1","Infernal Blade","Twin Strike","Combust+1","Shockwave","Battle Trance","Rupture+1","Metallicize","Hemokinesis","Flame Barrier+1","Seeing Red","Limit Break+1","Battle Trance","Necronomicurse","Heavy Blade+1","Dual Wield+1","Barricade","Power Through","Clothesline","Metallicize","Headbutt+1","Disarm","Inflame","Panacea"],"relics":["Burning Blood","Bag of Marbles","Red Skull","Bag of Preparation","Darkstone Periapt","Snecko Eye","Necronomicon","Blue Candle","Regal Pillow","Unceasing Top","Mango","Fusion Hammer","Ginger","Calipers","Incense Burner","Old Coin","Centennial Puzzle"],"potions_floor_usage":[13,19,24,27,40,47,55,55,55],"damage_taken":[{"damage":1,"enemies":"Jaw Worm","floor":1,"turns":3},{"damage":1,"enemies":"Cultist","floor":2,"turns":3},{"damage":0,"enemies":"Small Slimes","floor":4,"turns":2},{"damage":19,"enemies":"3 Sentries","floor":6,"turns":5},{"damage":4,"enemies":"3 Louse","floor":7,"turns":3},{"damage":6,"enemies":"Blue Slaver","floor":10,"turns":4},{"damage":7,"enemies":"Looter","floor":12,"turns":3},{"damage":26,"enemies":"Lagavulin","floor":13,"turns":6},{"damage":28,"enemies":"Hexaghost","floor":16,"turns":7},{"damage":1,"enemies":"3 Byrds","floor":18,"turns":3},{"damage":5,"enemies":"Spheric Guardian","floor":19,"turns":3},{"damage":9,"enemies":"Snake Plant","floor":21,"turns":3},{"damage":22,"enemies":"Book of Stabbing","floor":24,"turns":5},{"damage":37,"enemies":"Chosen and Byrds","floor":27,"turns":5},{"damage":10,"enemies":"Gremlin Leader","floor":30,"turns":4},{"damage":24,"enemies":"Automaton","floor":33,"turns":6},{"damage":13,"enemies":"Orb Walker","floor":35,"turns":3},{"damage":22,"enemies":"3 Darklings","floor":37,"turns":5},{"damage":8,"enemies":"Maw","floor":38,"turns":5},{"damage":26,"enemies":"Nemesis","floor":40,"turns":5},{"damage":22,"enemies":"Giant Head","floor":42,"turns":3},{"damage":19,"enemies":"Jaw Worm Horde","floor":44,"turns":5},{"damage":5,"enemies":"Transient","floor":45,"turns":5},{"damage":5,"enemies":"Sphere and 2 Shapes","floor":46,"turns":3},{"damage":11,"enemies":"3 Darklings","floor":47,"turns":10},{"damage":42,"enemies":"Awakened One","floor":50,"turns":12},{"damage":76,"enemies":"Shield and Spear","floor":54,"turns":6},{"damage":34,"enemies":"The Heart","floor":55,"turns":6}],"seed_played":"4243537834289876105","potions_obtained":[{"floor":1,"key":"Fruit Juice"},{"floor":4,"key":"AttackPotion"},{"floor":6,"key":"SkillPotion"},{"floor":13,"key":"SpeedPotion"},{"floor":16,"key":"Dexterity Potion"},{"floor":19,"key":"PowerPotion"},{"floor":24,"key":"Weak Potion"},{"floor":30,"key":"FairyPotion"},{"floor":35,"key":"SkillPotion"},{"floor":46,"key":"EssenceOfSteel"}],"is_trial":false,"path_per_floor":["M","M","?","M","?","E","M","R","T","M","$","M","E","$","R","B",null,"M","M","?","M","?","R","E","R","T","M","R","?","E","T","R","B",null,"M","?","M","M","$","E","R","E","T","M","M","M","M","?","R","B",null,"R","$","E","B",null],"character_chosen":"IRONCLAD","items_purchased":["Metallicize","Seeing Red","Ginger","Disarm","BloodPotion","Inflame","Panacea"],"campfire_rested":3,"item_purchase_floors":[11,14,39,53,53,53,53],"current_hp_per_floor":[80,80,80,80,80,67,69,69,69,69,69,68,53,53,53,31,85,85,85,85,82,72,72,56,56,56,25,67,73,83,83,83,65,111,104,104,88,86,86,66,111,95,95,82,83,84,79,79,79,43,111,111,111,41,40],"gold":40,"neow_bonus":"RANDOM_COMMON_RELIC","is_prod":false,"is_daily":false,"chose_seed":false,"campfire_upgraded":5,"win_rate":0,"timestamp":1563413772,"path_taken":["M","M","?","M","?","E","?","R","T","M","$","M","E","?","R","BOSS","M","M","?","M","?","R","E","R","T","M","R","?","E","?","R","BOSS","M","?","M","M","$","E","R","E","T","M","M","M","?","?","R","BOSS","R","$","E","BOSS"],"build_version":"2019-07-05","purchased_purges":3,"victory":true,"max_hp_per_floor":[80,80,80,80,80,80,80,80,80,80,80,80,85,85,85,85,85,85,85,85,85,91,91,91,91,91,91,91,97,111,111,111,111,111,111,111,111,111,111,111,111,111,111,111,111,111,111,111,111,111,111,111,111,111,111],"card_choices":[{"not_picked":["Wild Strike","Corruption"],"picked":"Infernal Blade","floor":1},{"not_picked":["Warcry","Feel No Pain"],"picked":"Twin Strike","floor":2},{"not_picked":["Headbutt","Uppercut"],"picked":"Combust","floor":4},{"not_picked":["Flex","Wild Strike"],"picked":"Shockwave","floor":6},{"not_picked":["Warcry","Flex"],"picked":"Battle Trance","floor":7},{"not_picked":["True Grit","Clothesline"],"picked":"Rupture","floor":10},{"not_picked":["Shockwave","Evolve"],"picked":"Hemokinesis","floor":12},{"not_picked":["Twin Strike","Rampage"],"picked":"Flame Barrier","floor":13},{"not_picked":["Barricade","Bludgeon"],"picked":"Limit Break","floor":16},{"not_picked":["Searing Blow","Clash","Rupture"],"picked":"SKIP","floor":18},{"not_picked":["Flex+1","Dropkick","Intimidate"],"picked":"SKIP","floor":19},{"not_picked":["Cleave","Fire Breathing"],"picked":"Battle Trance","floor":21},{"not_picked":["Sentinel","Thunderclap","Iron Wave+1"],"picked":"SKIP","floor":24},{"not_picked":["Twin Strike+1","Clothesline+1"],"picked":"Heavy Blade+1","floor":27},{"not_picked":["Havoc","Sword Boomerang+1"],"picked":"Dual Wield","floor":30},{"not_picked":["Impervious","Immolate"],"picked":"Barricade","floor":33},{"not_picked":["Thunderclap","Rampage+1","Anger"],"picked":"SKIP","floor":35},{"not_picked":["Second Wind","Sword Boomerang+1"],"picked":"Power Through","floor":37},{"not_picked":["Thunderclap+1","Sword Boomerang+1","Wild Strike"],"picked":"SKIP","floor":38},{"not_picked":["Bloodletting+1","Body Slam"],"picked":"Clothesline","floor":40},{"not_picked":["Clothesline+1","Fiend Fire"],"picked":"Metallicize","floor":42},{"not_picked":["Whirlwind","Clash+1"],"picked":"Headbutt+1","floor":44},{"not_picked":["Burning Pact","Twin Strike","Searing Blow+1"],"picked":"SKIP","floor":45},{"not_picked":["Headbutt+1","Ghostly Armor","Cleave+1"],"picked":"SKIP","floor":46},{"not_picked":["Body Slam","Clash+1","Perfected Strike"],"picked":"SKIP","floor":47},{"not_picked":["Twin Strike","Havoc+1","Armaments+1"],"picked":"SKIP","floor":54}],"player_experience":1132639,"relics_obtained":[{"floor":6,"key":"Red Skull"},{"floor":9,"key":"Bag of Preparation"},{"floor":13,"key":"Darkstone Periapt"},{"floor":22,"key":"Necronomicon"},{"floor":24,"key":"Blue Candle"},{"floor":26,"key":"Regal Pillow"},{"floor":30,"key":"Mango"},{"floor":40,"key":"Calipers"},{"floor":42,"key":"Incense Burner"},{"floor":43,"key":"Old Coin"},{"floor":54,"key":"Centennial Puzzle"}],"event_choices":[{"damage_healed":0,"gold_gain":0,"player_choice":"Grow","damage_taken":0,"max_hp_gain":0,"max_hp_loss":0,"event_name":"Living Wall","floor":3,"gold_loss":0,"cards_upgraded":["Bash"]},{"cards_removed":["Strike_R"],"damage_healed":0,"gold_gain":0,"player_choice":"Purged","damage_taken":0,"max_hp_gain":0,"max_hp_loss":0,"event_name":"Purifier","floor":5,"gold_loss":0},{"damage_healed":0,"gold_gain":0,"player_choice":"Ignored","damage_taken":0,"max_hp_gain":0,"max_hp_loss":0,"event_name":"Vampires","floor":20,"gold_loss":0},{"damage_healed":0,"gold_gain":0,"player_choice":"Obtained Book","damage_taken":16,"max_hp_gain":0,"max_hp_loss":0,"event_name":"Cursed Tome","floor":22,"gold_loss":0},{"damage_healed":0,"gold_gain":0,"player_choice":"Opened","damage_taken":0,"relics_obtained":["Unceasing Top"],"max_hp_gain":0,"max_hp_loss":0,"event_name":"The Mausoleum","floor":29,"gold_loss":0,"cards_obtained":["Writhe"]},{"damage_healed":0,"gold_gain":0,"player_choice":"Ignored","damage_taken":0,"max_hp_gain":0,"max_hp_loss":0,"event_name":"NoteForYourself","floor":36,"gold_loss":0},{"damage_healed":0,"gold_gain":0,"player_choice":"Ignored","damage_taken":0,"max_hp_gain":0,"max_hp_loss":0,"event_name":"Tomb of Lord Red Mask","floor":48,"gold_loss":0}],"is_beta":false,"boss_relics":[{"not_picked":["Ectoplasm","Eternal Feather"],"picked":"Snecko Eye"},{"not_picked":["White Beast Statue","Sozu"],"picked":"Fusion Hammer"}],"items_purged_floors":[11,39,53],"is_endless":false,"potions_floor_spawned":[1,4,6,13,16,18,19,24,30,35,37,46],"ascension_level":0}