{"gold_per_floor":[362,362,378,398,24,62,62,98,178,192,231,231,274,298,298,393,393,409,409,12,25,25,25,54,54,54,54,89,89,108,126,126,204,204,222,322,340,350,52,83,83,134,134,134,152,152,184,203,203,203,203,203,33,60,60],"floor_reached":56,"playtime":3775,"items_purged":["Injury","Perfected Strike","Wild Strike"],"score":1984,"play_id":"c56c304e-5701-48c5-bb24-b896c24c2a07","local_time":"20190805003237","is_ascension_mode":true,"campfire_choices":[{"data":"Apotheosis","floor":7.0,"key":"SMITH"},{"data":"Whirlwind","floor":15.0,"key":"SMITH"},{"floor":23,"key":"REST"},{"data":"Shockwave","floor":25,"key":"SMITH"},{"data":"Juggernaut","floor":29,"key":"SMITH"},{"floor":32,"key":"RECALL"},{"data":"Berserk","floor":41,"key":"SMITH"},{"data":"Corruption","floor":44,"key":"SMITH"},{"data":"Offering","floor":46,"key":"SMITH"},{"data":"Limit Break","floor":49,"key":"SMITH"},{"data":"Battle Trance","floor":52,"key":"SMITH"}],"neow_cost":"TEN_PERCENT_HP_LOSS","seed_source_timestamp":20921511240458,"circlet_count":0,"master_deck":["AscendersBane","Bash","Iron Wave+1","Iron Wave","Evolve","Apotheosis+1","Twin Strike","Shockwave+1","Thunderclap","Whirlwind+1","Juggernaut+1","Body Slam","Metallicize","Shrug It Off","Feel No Pain+1","Spot Weakness+1","Limit Break+1","Offering+1","Whirlwind","Juggernaut","Second Wind","Pummel","Sword Boomerang+1","Cleave","Shrug It Off+1","Metallicize","Corruption+1","Disarm","Berserk+1","Disarm+1","Sentinel+1","Battle Trance+1","Shrug It Off","Headbutt"],"special_seed":0,"relics":["Burning Blood","Bloody Idol","Champion Belt","Centennial Puzzle","Bottled Flame","Art of War","Black Star","Chemical X","Bag of Marbles","Paper Frog","Bag of Preparation","Bird Faced Urn","Lantern","Anchor","Pandora\u0027s Box","Turnip","Matryoshka","Juzu Bracelet","Pocketwatch","Pen Nib","Boot","Ice Cream","Red Skull","Whetstone","War Paint"],"potions_floor_usage":[28,33,55,55,55],"damage_taken":[{"damage":8.0,"enemies":"2 Louse","floor":1.0,"turns":2.0},{"damage":4.0,"enemies":"Small Slimes","floor":3.0,"turns":4.0},{"damage":12.0,"enemies":"Jaw Worm","floor":4.0,"turns":4.0},{"damage":11.0,"enemies":"Lagavulin","floor":6.0,"turns":10.0},{"damage":7.0,"enemies":"3 Sentries","floor":8.0,"turns":8.0},{"damage":8.0,"enemies":"Large Slime","floor":10.0,"turns":6.0},{"damage":15.0,"enemies":"Gremlin Nob","floor":11.0,"turns":5.0},{"damage":12.0,"enemies":"3 Sentries","floor":13.0,"turns":9.0},{"damage":3.0,"enemies":"Red Slaver","floor":14.0,"turns":4.0},{"damage":30,"enemies":"Slime Boss","floor":16,"turns":7},{"damage":29,"enemies":"Shell Parasite","floor":18,"turns":8},{"damage":7,"enemies":"Spheric Guardian","floor":21,"turns":4},{"damage":24,"enemies":"Book of Stabbing","floor":24,"turns":6},{"damage":4,"enemies":"Slavers","floor":28,"turns":5},{"damage":0,"enemies":"3 Cultists","floor":30,"turns":3},{"damage":0,"enemies":"Snake Plant","floor":31,"turns":2},{"damage":62,"enemies":"Collector","floor":33,"turns":7},{"damage":14,"enemies":"Orb Walker","floor":35,"turns":3},{"damage":14,"enemies":"Mind Bloom Boss Battle","floor":36,"turns":5},{"damage":6,"enemies":"3 Shapes","floor":37,"turns":6},{"damage":19,"enemies":"Transient","floor":38,"turns":5},{"damage":23,"enemies":"Nemesis","floor":40,"turns":7},{"damage":45,"enemies":"2 Orb Walkers","floor":42,"turns":4},{"damage":0,"enemies":"Spire Growth","floor":45,"turns":4},{"damage":15,"enemies":"Reptomancer","floor":47,"turns":5},{"damage":6,"enemies":"3 Darklings","floor":48,"turns":4},{"damage":58,"enemies":"Donu and Deca","floor":50,"turns":5},{"damage":24,"enemies":"Shield and Spear","floor":54,"turns":3},{"damage":53,"enemies":"The Heart","floor":55,"turns":7}],"seed_played":"8668318317579996260","potions_obtained":[{"floor":11.0,"key":"Fire Potion"},{"floor":16,"key":"Dexterity Potion"},{"floor":27,"key":"EntropicBrew"},{"floor":27,"key":"Block Potion"},{"floor":31,"key":"Explosive Potion"},{"floor":33,"key":"Fire Potion"},{"floor":37,"key":"BloodPotion"}],"is_trial":false,"path_per_floor":["M","?","M","M","$","E","R","E","T","M","E","?","E","M","R","B",null,"M","?","$","M","?","R","E","R","T","?","E","R","M","M","R","B",null,"M","?","M","M","$","E","R","?","T","R","M","R","E","M","R","B",null,"R","$","E","B",null],"character_chosen":"IRONCLAD","items_purchased":["Apotheosis","Regen Potion","PowerPotion","Chemical X","Shrug It Off","Bag of Marbles","Disarm","Berserk","Shrug It Off"],"campfire_rested":1,"item_purchase_floors":[5,5,5,20,20,20,39,39,53],"current_hp_per_floor":[66,66,68,62,62,57,57,56,56,54,45,45,54,57,57,33,59,36,36,36,35,35,55,42,42,42,42,53,53,66,68,68,21,56,55,62,68,60,60,64,64,42,42,42,65,65,68,68,68,28,58,58,58,55,44],"gold":60,"neow_bonus":"TWO_FIFTY_GOLD","is_prod":false,"is_daily":false,"chose_seed":false,"campfire_upgraded":9,"win_rate":0,"timestamp":1564957957,"path_taken":["M","?","M","M","$","E","R","E","T","M","E","?","E","M","R","BOSS","M","?","$","M","?","R","E","R","T","?","E","R","?","M","R","BOSS","M","?","M","M","$","E","R","?","T","R","M","R","E","M","R","BOSS","R","$","E","BOSS"],"build_version":"2019-07-17","purchased_purges":3,"victory":true,"max_hp_per_floor":[68,68,68,68,68,68,68,68,68,68,68,68,68,68,68,68,68,68,68,68,68,68,68,68,68,68,68,68,68,68,68,68,68,68,68,68,68,68,68,68,68,68,68,68,68,68,68,68,68,68,68,68,68,68,68],"card_choices":[{"not_picked":["Cleave","Wild Strike"],"picked":"Iron Wave","floor":1.0},{"not_picked":["Pummel","Sword Boomerang"],"picked":"Iron Wave","floor":3.0},{"not_picked":["Rampage","Clothesline"],"picked":"Evolve","floor":4.0},{"not_picked":["Wild Strike","Seeing Red"],"picked":"Twin Strike","floor":6.0},{"not_picked":["Burning Pact","Sentinel"],"picked":"Shockwave","floor":8.0},{"not_picked":["Entrench","Rampage"],"picked":"Thunderclap","floor":10.0},{"not_picked":["Hemokinesis","Searing Blow","Flex"],"picked":"SKIP","floor":11.0},{"not_picked":["Entrench","Metallicize"],"picked":"Whirlwind","floor":13.0},{"not_picked":["Rage","Headbutt","Clash"],"picked":"SKIP","floor":14.0},{"not_picked":["Feed","Brutality"],"picked":"Juggernaut","floor":16},{"not_picked":["Havoc+1","Warcry"],"picked":"Body Slam","floor":18},{"not_picked":["Headbutt","Dropkick","Twin Strike"],"picked":"SKIP","floor":21},{"not_picked":["Sever Soul","Hemokinesis","Reckless Charge"],"picked":"SKIP","floor":24},{"not_picked":["Metallicize","Power Through"],"picked":"Feel No Pain+1","floor":28},{"not_picked":["Inflame+1","Clash"],"picked":"Spot Weakness+1","floor":30},{"not_picked":["Second Wind","Warcry"],"picked":"Limit Break","floor":31},{"not_picked":["Juggernaut","Exhume"],"picked":"Offering","floor":33},{"not_picked":["Perfected Strike","Cleave"],"picked":"Shrug It Off","floor":35},{"not_picked":["Second Wind","Body Slam+1"],"picked":"Metallicize","floor":37},{"not_picked":["Flex","Clothesline"],"picked":"Corruption","floor":38},{"not_picked":["Fire Breathing","Reckless Charge"],"picked":"Disarm+1","floor":40},{"not_picked":["Metallicize","Cleave+1"],"picked":"Sentinel","floor":42},{"not_picked":["Perfected Strike","Pommel Strike"],"picked":"Battle Trance","floor":45},{"not_picked":["Wild Strike","Entrench","Armaments"],"picked":"SKIP","floor":47},{"not_picked":["Clash+1","Havoc","Pommel Strike"],"picked":"SKIP","floor":48},{"not_picked":["Ghostly Armor+1","Dark Embrace"],"picked":"Headbutt","floor":54}],"player_experience":714937,"relics_obtained":[{"floor":6.0,"key":"Champion Belt"},{"floor":8.0,"key":"Centennial Puzzle"},{"floor":11.0,"key":"Bottled Flame"},{"floor":13.0,"key":"Art of War"},{"floor":24,"key":"Paper Frog"},{"floor":24,"key":"Bag of Preparation"},{"floor":26,"key":"Bird Faced Urn"},{"floor":28,"key":"Lantern"},{"floor":28,"key":"Anchor"},{"floor":36,"key":"Turnip"},{"floor":40,"key":"Matryoshka"},{"floor":40,"key":"Juzu Bracelet"},{"floor":42,"key":"Pocketwatch"},{"floor":43,"key":"Pen Nib"},{"floor":43,"key":"Boot"},{"floor":47,"key":"Ice Cream"},{"floor":47,"key":"Red Skull"},{"floor":54,"key":"Whetstone"},{"floor":54,"key":"War Paint"}],"event_choices":[{"damage_healed":0.0,"max_hp_gain":0.0,"max_hp_loss":0.0,"gold_gain":0.0,"event_name":"Golden Idol","player_choice":"Take Wound","floor":2.0,"gold_loss":0.0,"damage_taken":0.0,"relics_obtained":["Golden Idol"],"cards_obtained":["Injury"]},{"cards_removed":["Strike_R"],"damage_healed":0.0,"max_hp_gain":0.0,"max_hp_loss":0.0,"gold_gain":0.0,"event_name":"Living Wall","player_choice":"Forget","floor":12.0,"gold_loss":0.0,"damage_taken":0.0},{"damage_healed":0,"gold_gain":0,"player_choice":"Read","damage_taken":0,"max_hp_gain":0,"max_hp_loss":0,"event_name":"The Library","floor":19,"gold_loss":0,"cards_obtained":["Metallicize"]},{"damage_healed":0,"gold_gain":0,"player_choice":"Gave Idol","damage_taken":0,"relics_obtained":["Bloody Idol"],"max_hp_gain":0,"max_hp_loss":0,"event_name":"Forgotten Altar","floor":22,"relics_lost":["Golden Idol"],"gold_loss":0},{"damage_healed":0,"gold_gain":0,"player_choice":"Got Potions","damage_taken":0,"max_hp_gain":0,"max_hp_loss":0,"event_name":"Lab","floor":27,"gold_loss":0},{"damage_healed":0,"gold_gain":0,"player_choice":"Fight","damage_taken":0,"max_hp_gain":0,"max_hp_loss":0,"event_name":"MindBloom","floor":36,"gold_loss":0},{"damage_healed":0,"gold_gain":0,"player_choice":"Fight","damage_taken":0,"max_hp_gain":0,"max_hp_loss":0,"event_name":"Mysterious Sphere","floor":42,"gold_loss":0}],"is_beta":false,"boss_relics":[{"not_picked":["Coffee Dripper","Runic Cube"],"picked":"Black Star"},{"not_picked":["Philosopher\u0027s Stone","Lizard Tail"],"picked":"Pandora\u0027s Box"}],"items_purged_floors":[5,39,53],"is_endless":false,"potions_floor_spawned":[6,11,16,31,33,35,36,37,40],"ascension_level":15}