{"gold_per_floor":[111,111,121,134,134,134,309,321,371,371,406,425,453,468,468,563,563,579,629,355,366,66,66,100,116,116,147,181,197,197,197,197,295,295,314,334,348,366,385,385,385,397,397,431,450,479,499,499,499,499,499,499,72,105,105],"floor_reached":56,"playtime":3306,"items_purged":["Doubt","Strike_G","Strike_G"],"score":1311,"play_id":"1049d3fb-d668-4b97-899b-ba2140ef6f08","local_time":"20190818204502","is_ascension_mode":false,"campfire_choices":[{"data":"Bouncing Flask","floor":6,"key":"SMITH"},{"data":"Dodge and Roll","floor":10,"key":"SMITH"},{"data":"Wraith Form v2","floor":15,"key":"SMITH"},{"data":"Noxious Fumes","floor":23,"key":"SMITH"},{"data":"Catalyst","floor":32,"key":"SMITH"},{"floor":40,"key":"RECALL"},{"data":"Catalyst","floor":49,"key":"SMITH"},{"data":"Bouncing Flask","floor":52,"key":"SMITH"}],"neow_cost":"NONE","seed_source_timestamp":2338456667217631,"circlet_count":0,"master_deck":["Strike_G","Strike_G","Defend_G+1","Defend_G","Defend_G","Defend_G","Defend_G","Survivor","Neutralize+1","Well Laid Plans","Bouncing Flask+1","Dagger Spray+1","Dodge and Roll+1","PiercingWail","Dash","Noxious Fumes+1","Wraith Form v2+1","Dodge and Roll","Glass Knife","Deflect","Catalyst+1","Caltrops+1","Dagger Spray+1","Malaise","Quick Slash+1","Terror+1","Outmaneuver+1","Bouncing Flask+1","Deadly Poison+1","Catalyst+1","Dark Shackles","Acrobatics"],"relics":["Ring of the Snake","Oddly Smooth Stone","Omamori","Bottled Tornado","Coffee Dripper","Art of War","TwistedFunnel","Vajra","Red Mask","Dream Catcher","Strawberry","Bag of Preparation","Sozu","PreservedInsect","Regal Pillow","Pear","Bottled Lightning","Orichalcum"],"potions_floor_usage":[16,25,33,55],"damage_taken":[{"damage":0,"enemies":"Cultist","floor":1,"turns":4},{"damage":5,"enemies":"Small Slimes","floor":3,"turns":3},{"damage":0,"enemies":"2 Louse","floor":4,"turns":2},{"damage":2,"enemies":"Looter","floor":8,"turns":4},{"damage":14,"enemies":"3 Sentries","floor":11,"turns":7},{"damage":1,"enemies":"Exordium Thugs","floor":12,"turns":5},{"damage":1,"enemies":"Gremlin Nob","floor":13,"turns":4},{"damage":0,"enemies":"Lots of Slimes","floor":14,"turns":1},{"damage":21,"enemies":"Slime Boss","floor":16,"turns":13},{"damage":4,"enemies":"3 Byrds","floor":18,"turns":5},{"damage":0,"enemies":"Chosen","floor":21,"turns":5},{"damage":3,"enemies":"Book of Stabbing","floor":24,"turns":6},{"damage":0,"enemies":"Snake Plant","floor":25,"turns":3},{"damage":0,"enemies":"Masked Bandits","floor":27,"turns":4},{"damage":11,"enemies":"Slavers","floor":28,"turns":5},{"damage":0,"enemies":"Cultist and Chosen","floor":29,"turns":5},{"damage":14,"enemies":"Collector","floor":33,"turns":6},{"damage":2,"enemies":"3 Darklings","floor":35,"turns":3},{"damage":0,"enemies":"Orb Walker","floor":36,"turns":2},{"damage":4,"enemies":"Maw","floor":37,"turns":6},{"damage":5,"enemies":"Transient","floor":38,"turns":5},{"damage":0,"enemies":"4 Shapes","floor":39,"turns":5},{"damage":1,"enemies":"Sphere and 2 Shapes","floor":42,"turns":5},{"damage":3,"enemies":"Reptomancer","floor":44,"turns":4},{"damage":0,"enemies":"Writhing Mass","floor":45,"turns":4},{"damage":19,"enemies":"Nemesis","floor":46,"turns":5},{"damage":9,"enemies":"Maw","floor":47,"turns":6},{"damage":29,"enemies":"Time Eater","floor":50,"turns":6},{"damage":0,"enemies":"Shield and Spear","floor":54,"turns":5},{"damage":72,"enemies":"The Heart","floor":55,"turns":7}],"seed_played":"-8406413467100142046","potions_obtained":[{"floor":1,"key":"SteroidPotion"},{"floor":3,"key":"EssenceOfSteel"},{"floor":13,"key":"GamblersBrew"},{"floor":27,"key":"Energy Potion"}],"is_trial":false,"path_per_floor":["M","?","M","M","?","R","?","M","T","R","E","M","E","M","R","B",null,"M","?","$","M","$","R","E","M","T","?","E","M","?","T","R","B",null,"M","M","M","M","M","R","?","M","T","E","M","E","M","?","R","B",null,"R","$","E","B",null],"character_chosen":"THE_SILENT","items_purchased":["Art of War","Block Potion","TwistedFunnel","Bottled Lightning","Acrobatics"],"campfire_rested":0,"item_purchase_floors":[20,20,22,53,53],"current_hp_per_floor":[70,70,65,65,51,51,51,49,49,49,35,34,33,33,33,12,70,66,66,66,66,66,66,63,63,63,63,52,52,59,59,59,45,77,75,75,71,66,66,66,66,65,65,62,62,53,44,44,44,15,87,87,87,87,15],"gold":105,"neow_bonus":"TRANSFORM_CARD","is_prod":false,"is_daily":false,"chose_seed":false,"campfire_upgraded":7,"win_rate":0,"timestamp":1566175502,"path_taken":["M","?","M","M","?","R","?","M","T","R","E","M","E","M","R","BOSS","M","?","?","M","$","R","E","?","T","?","E","M","?","?","R","BOSS","M","?","M","M","M","R","?","M","T","E","M","E","M","?","R","BOSS","R","$","E","BOSS"],"build_version":"2019-07-17","purchased_purges":3,"victory":true,"max_hp_per_floor":[70,70,70,70,70,70,70,70,70,70,70,70,70,70,70,70,70,70,70,70,70,70,70,70,70,70,70,70,70,77,77,77,77,77,77,77,77,77,77,77,77,77,77,77,77,87,87,87,87,87,87,87,87,87,87],"card_choices":[{"not_picked":["Crippling Poison","Sucker Punch"],"picked":"Bouncing Flask","floor":1},{"not_picked":["Deflect","Blade Dance"],"picked":"Dagger Spray","floor":3},{"not_picked":["Slice","Cloak And Dagger"],"picked":"Dodge and Roll","floor":4},{"not_picked":["Heel Hook","Dagger Throw"],"picked":"PiercingWail","floor":8},{"not_picked":["Quick Slash","Blade Dance"],"picked":"Dash","floor":11},{"not_picked":["Blade Dance","Predator"],"picked":"Noxious Fumes","floor":12},{"not_picked":["Sucker Punch","Poisoned Stab"],"picked":"Wraith Form v2","floor":13},{"not_picked":["Prepared","Dash"],"picked":"Dodge and Roll","floor":14},{"not_picked":["Wraith Form v2","Unload"],"picked":"Glass Knife","floor":16},{"not_picked":["Dagger Spray","Dagger Throw","Outmaneuver"],"picked":"SKIP","floor":18},{"not_picked":["Backflip","Sucker Punch"],"picked":"Deflect","floor":21},{"not_picked":["Unload","Setup"],"picked":"Catalyst","floor":24},{"not_picked":["Acrobatics","Flying Knee"],"picked":"Caltrops+1","floor":25},{"not_picked":["Eviscerate","Dodge and Roll"],"picked":"Dagger Spray+1","floor":28},{"not_picked":["Backflip","Heel Hook+1","Slice"],"picked":"SKIP","floor":29},{"not_picked":["Venomology","Unload"],"picked":"Malaise","floor":33},{"not_picked":["Concentrate","Poisoned Stab"],"picked":"Quick Slash+1","floor":35},{"not_picked":["Outmaneuver","Sucker Punch"],"picked":"Terror+1","floor":36},{"not_picked":["Prepared","Blade Dance+1","Dodge and Roll+1"],"picked":"SKIP","floor":37},{"not_picked":["Underhanded Strike","Skewer+1"],"picked":"Outmaneuver+1","floor":38},{"not_picked":["Deflect+1","Sucker Punch"],"picked":"Bouncing Flask","floor":39},{"not_picked":["Dagger Throw","Flying Knee+1","Eviscerate+1"],"picked":"SKIP","floor":42},{"not_picked":["Escape Plan+1","Blade Dance"],"picked":"Deadly Poison+1","floor":44},{"not_picked":["Distraction+1","Skewer","Dodge and Roll+1"],"picked":"SKIP","floor":45},{"not_picked":["Dagger Throw","Dodge and Roll+1","Envenom"],"picked":"SKIP","floor":46},{"not_picked":["Expertise+1","Outmaneuver"],"picked":"Catalyst","floor":47},{"not_picked":["Panache","Finesse"],"picked":"Dark Shackles","floor":48},{"not_picked":["Well Laid Plans","Dagger Spray","Finisher+1"],"picked":"SKIP","floor":54}],"player_experience":1255681,"relics_obtained":[{"floor":9,"key":"Oddly Smooth Stone"},{"floor":11,"key":"Omamori"},{"floor":13,"key":"Bottled Tornado"},{"floor":24,"key":"Vajra"},{"floor":27,"key":"Red Mask"},{"floor":28,"key":"Dream Catcher"},{"floor":31,"key":"Bag of Preparation"},{"floor":43,"key":"PreservedInsect"},{"floor":44,"key":"Regal Pillow"},{"floor":46,"key":"Pear"},{"floor":54,"key":"Orichalcum"}],"event_choices":[{"damage_healed":0,"gold_gain":0,"player_choice":"Grow","damage_taken":0,"max_hp_gain":0,"max_hp_loss":0,"event_name":"Living Wall","floor":2,"gold_loss":0,"cards_upgraded":["Neutralize"]},{"damage_healed":0,"gold_gain":0,"player_choice":"Entered Light","damage_taken":14,"max_hp_gain":0,"max_hp_loss":0,"event_name":"Shining Light","floor":5,"gold_loss":0,"cards_upgraded":["Defend_G","Dagger Spray"]},{"damage_healed":0,"gold_gain":175,"player_choice":"AGREE","damage_taken":0,"max_hp_gain":0,"max_hp_loss":0,"event_name":"Liars Game","floor":7,"gold_loss":0,"cards_obtained":["Doubt"]},{"damage_healed":0,"gold_gain":100,"player_choice":"Bet on Murderer","damage_taken":0,"max_hp_gain":0,"max_hp_loss":0,"event_name":"The Joust","floor":19,"gold_loss":50},{"damage_healed":0,"gold_gain":0,"player_choice":"Fought Bandits","damage_taken":0,"max_hp_gain":0,"max_hp_loss":0,"event_name":"Masked Bandits","floor":27,"gold_loss":0},{"damage_healed":0,"gold_gain":0,"player_choice":"Opened","damage_taken":0,"relics_obtained":["Strawberry"],"max_hp_gain":0,"max_hp_loss":0,"event_name":"The Mausoleum","floor":30,"gold_loss":0},{"damage_healed":0,"gold_gain":0,"player_choice":"Ignored","damage_taken":0,"max_hp_gain":0,"max_hp_loss":0,"event_name":"Mysterious Sphere","floor":41,"gold_loss":0},{"damage_healed":0,"gold_gain":0,"player_choice":"Memory 1","damage_taken":0,"max_hp_gain":0,"max_hp_loss":0,"event_name":"SensoryStone","floor":48,"gold_loss":0}],"is_beta":false,"boss_relics":[{"not_picked":["HoveringKite","Runic Dome"],"picked":"Coffee Dripper"},{"not_picked":["Snecko Eye","Black Star"],"picked":"Sozu"}],"items_purged_floors":[20,22,53],"is_endless":false,"potions_floor_spawned":[1,3,13,21,27,28,29,36,38,42,44,47],"ascension_level":0}