{"gold_per_floor":[118,118,134,150,150,150,163,163,163,190,205,218,218,238,238,309,309,323,336,30,45,65,65,92,92],"floor_reached":25,"playtime":1080,"items_purged":[],"score":422,"play_id":"00524f8c-fa61-422c-add0-7af72c942b68","local_time":"20190702132125","is_ascension_mode":true,"campfire_choices":[{"data":"1","floor":6.0,"key":"LIFT"},{"data":"2","floor":8.0,"key":"LIFT"},{"data":"3","floor":13.0,"key":"LIFT"},{"data":"Sunder","floor":15.0,"key":"SMITH"},{"floor":23.0,"key":"REST"}],"neow_cost":"PERCENT_DAMAGE","seed_source_timestamp":735803121097052,"circlet_count":0,"master_deck":["AscendersBane","Strike_B","Strike_B","Strike_B","Strike_B","Defend_B","Defend_B","Defend_B","Defend_B","Zap","Dualcast","Ball Lightning","Gash","FTL","Sunder+1","Gash","Hologram","Gash","Hologram","Core Surge","FTL","Gash","Compile Driver","Skim+1","Glacier","Cold Snap","Coolheaded","Sunder","Go for the Eyes"],"special_seed":0,"relics":["Cracked Core","Girya","Strawberry","Darkstone Periapt","Pen Nib","Orrery","Shuriken","Vajra"],"potions_floor_usage":[24],"damage_taken":[{"damage":1.0,"enemies":"Cultist","floor":1.0,"turns":4.0},{"damage":8.0,"enemies":"Jaw Worm","floor":3.0,"turns":4.0},{"damage":1.0,"enemies":"Small Slimes","floor":4.0,"turns":3.0},{"damage":1.0,"enemies":"2 Fungi Beasts","floor":7.0,"turns":3.0},{"damage":15.0,"enemies":"3 Sentries","floor":10.0,"turns":5.0},{"damage":0.0,"enemies":"Large Slime","floor":11.0,"turns":2.0},{"damage":3.0,"enemies":"3 Louse","floor":12.0,"turns":2.0},{"damage":7.0,"enemies":"Looter","floor":14.0,"turns":3.0},{"damage":24.0,"enemies":"The Guardian","floor":16.0,"turns":8.0},{"damage":7.0,"enemies":"Chosen","floor":18.0,"turns":3.0},{"damage":2.0,"enemies":"Shell Parasite","floor":19.0,"turns":2.0},{"damage":10.0,"enemies":"Cultist and Chosen","floor":21.0,"turns":3.0},{"damage":26.0,"enemies":"Snecko","floor":22.0,"turns":4.0},{"damage":18,"enemies":"Slavers","floor":24,"turns":5},{"damage":24,"enemies":"Snake Plant","floor":25,"turns":1}],"seed_played":"8591723650260866952","potions_obtained":[{"floor":1.0,"key":"Dexterity Potion"},{"floor":3.0,"key":"Block Potion"},{"floor":19.0,"key":"Fire Potion"}],"is_trial":false,"path_per_floor":["M","?","M","M","?","R","M","R","T","E","M","M","R","M","R","B",null,"M","M","$","M","M","R","E","M"],"character_chosen":"DEFECT","items_purchased":["Shuriken","Cold Snap"],"campfire_rested":1,"item_purchase_floors":[20,20],"current_hp_per_floor":[45,41,33,32,58,58,57,57,57,42,42,39,39,32,32,8,61,54,52,52,42,16,39,21,0],"gold":92,"neow_bonus":"ONE_RARE_RELIC","is_prod":false,"is_daily":false,"chose_seed":false,"campfire_upgraded":1,"win_rate":0,"timestamp":1562066485,"path_taken":["M","?","M","M","?","R","M","R","T","E","?","M","R","M","R","BOSS","M","?","$","M","M","R","E","M"],"build_version":"2019-07-01","purchased_purges":0,"victory":false,"max_hp_per_floor":[71,78,78,78,78,78,78,78,78,78,78,78,78,78,78,78,78,78,78,78,78,78,78,78,78],"card_choices":[{"not_picked":["Hello World","Go for the Eyes"],"picked":"Ball Lightning","floor":1.0},{"not_picked":["Chaos","Skim"],"picked":"Gash","floor":3.0},{"not_picked":["Conserve Battery","Force Field"],"picked":"FTL","floor":4.0},{"not_picked":["Tempest","Recycle"],"picked":"Sunder","floor":7.0},{"not_picked":["Conserve Battery","Sweeping Beam"],"picked":"Gash","floor":10.0},{"not_picked":["Undo","Force Field"],"picked":"Hologram","floor":11.0},{"not_picked":["Go for the Eyes","Steam"],"picked":"Gash","floor":12.0},{"not_picked":["Chaos","Fusion"],"picked":"Hologram","floor":14.0},{"not_picked":["Thunder Strike","Machine Learning"],"picked":"Core Surge","floor":16.0},{"not_picked":["Steam Power","Double Energy"],"picked":"FTL","floor":17.0},{"not_picked":["Barrage","Recycle"],"picked":"Gash","floor":17.0},{"not_picked":["Rip and Tear","Stack"],"picked":"Compile Driver","floor":17.0},{"not_picked":["Redo","Compile Driver"],"picked":"Skim+1","floor":18.0},{"not_picked":["Ball Lightning","Tempest"],"picked":"Glacier","floor":19.0},{"not_picked":["Gash","Compile Driver"],"picked":"Coolheaded","floor":21.0},{"not_picked":["Coolheaded","Turbo"],"picked":"Sunder","floor":22.0},{"not_picked":["Hologram","Beam Cell"],"picked":"Go for the Eyes","floor":24}],"player_experience":606854,"relics_obtained":[{"floor":9.0,"key":"Darkstone Periapt"},{"floor":10.0,"key":"Pen Nib"},{"floor":24,"key":"Vajra"}],"event_choices":[{"damage_healed":0.0,"max_hp_gain":0.0,"max_hp_loss":0.0,"gold_gain":0.0,"event_name":"Scrap Ooze","player_choice":"Success","floor":2.0,"gold_loss":0.0,"damage_taken":11.0,"relics_obtained":["Strawberry"]},{"damage_healed":26.0,"max_hp_gain":0.0,"max_hp_loss":0.0,"gold_gain":0.0,"event_name":"Big Fish","player_choice":"Banana","floor":5.0,"gold_loss":0.0,"damage_taken":0.0}],"is_beta":false,"boss_relics":[{"not_picked":["Snecko Eye","Velvet Choker"],"picked":"Orrery"}],"items_purged_floors":[],"is_endless":false,"potions_floor_spawned":[1,3,11,12,19],"killed_by":"Snake Plant","ascension_level":15}