{"gold_per_floor":[99,99,99,99,99,99,99,99,99,99,20,20,20,20,20,20,20,20,20,20,20,20,20,20,20,20,20,20,20,20,20,20,20],"floor_reached":33,"playtime":1723,"items_purged":[],"score":600,"play_id":"0a0272c7-f603-4eb8-a339-09d688835871","local_time":"20190719010153","is_ascension_mode":true,"campfire_choices":[{"floor":7.0,"key":"REST"},{"floor":10.0,"key":"REST"},{"data":"Noxious Fumes","floor":15.0,"key":"SMITH"},{"data":"Blade Dance","floor":29,"key":"SMITH"},{"data":"Catalyst","floor":32,"key":"SMITH"}],"neow_cost":"NONE","seed_source_timestamp":660713034427628,"circlet_count":0,"master_deck":["AscendersBane","Strike_G","Strike_G","Strike_G","Strike_G","Strike_G","Defend_G","Defend_G","Defend_G","Defend_G","Defend_G","Survivor","Neutralize","Footwork","Calculated Gamble","Acrobatics","Caltrops","Backstab+1","Bouncing Flask","Noxious Fumes+1","Dagger Throw+1","Poisoned Stab+1","Quick Slash+1","Die Die Die+1","RitualDagger+1","Burst+1","Deflect","Noxious Fumes","Blade Dance+1","A Thousand Cuts","Catalyst+1"],"special_seed":0,"relics":["Ectoplasm","Molten Egg 2","Bronze Scales","Bag of Marbles","Shuriken","Lizard Tail","Mummified Hand","Dream Catcher","Bottled Lightning","Meat on the Bone","Mango","Lantern"],"potions_floor_usage":[27,27,27],"damage_taken":[{"damage":0.0,"enemies":"Cultist","floor":1.0,"turns":5.0},{"damage":3.0,"enemies":"2 Louse","floor":2.0,"turns":4.0},{"damage":1.0,"enemies":"Small Slimes","floor":4.0,"turns":4.0},{"damage":26.0,"enemies":"Gremlin Nob","floor":6.0,"turns":5.0},{"damage":24.0,"enemies":"3 Sentries","floor":8.0,"turns":11.0},{"damage":0.0,"enemies":"Blue Slaver","floor":12.0,"turns":2.0},{"damage":0.0,"enemies":"2 Fungi Beasts","floor":13.0,"turns":2.0},{"damage":7.0,"enemies":"Lagavulin","floor":14.0,"turns":4.0},{"damage":2.0,"enemies":"Slime Boss","floor":16.0,"turns":8.0},{"damage":0.0,"enemies":"Chosen","floor":18.0,"turns":3.0},{"damage":6.0,"enemies":"Spheric Guardian","floor":20.0,"turns":3.0},{"damage":20.0,"enemies":"Gremlin Leader","floor":23.0,"turns":4.0},{"damage":17.0,"enemies":"Slavers","floor":25.0,"turns":4.0},{"damage":16,"enemies":"Snake Plant","floor":27,"turns":2},{"damage":16,"enemies":"Gremlin Leader","floor":28,"turns":6},{"damage":33,"enemies":"Slavers","floor":30,"turns":3},{"damage":0,"enemies":"Cultist and Chosen","floor":31,"turns":4},{"damage":38,"enemies":"Champ","floor":33,"turns":5}],"seed_played":"7006806684150350245","potions_obtained":[{"floor":1.0,"key":"EntropicBrew"},{"floor":2.0,"key":"Fire Potion"},{"floor":6.0,"key":"Fire Potion"},{"floor":25.0,"key":"LiquidBronze"},{"floor":27,"key":"SkillPotion"}],"is_trial":false,"path_per_floor":["M","M","?","M","?","E","R","E","T","R","$","M","M","E","R","B",null,"M","?","M","?","T","E","?","E","T","M","E","R","E","M","R","B"],"character_chosen":"THE_SILENT","items_purchased":["Noxious Fumes"],"campfire_rested":2,"item_purchase_floors":[11],"current_hp_per_floor":[59,56,45,44,44,18,37,13,13,32,32,32,32,25,25,23,55,55,49,43,43,43,23,23,6,6,37,47,47,26,38,38,0],"gold":20,"neow_bonus":"BOSS_RELIC","is_prod":false,"is_daily":false,"chose_seed":false,"campfire_upgraded":3,"win_rate":0,"timestamp":1563490913,"path_taken":["M","M","?","M","?","E","R","E","T","R","$","M","?","E","R","BOSS","M","?","M","?","?","E","?","E","T","?","E","R","E","M","R","BOSS"],"build_version":"2019-07-17","purchased_purges":0,"victory":false,"max_hp_per_floor":[66,66,66,66,66,66,66,66,66,66,66,66,66,66,66,66,66,66,66,66,66,66,66,66,66,66,66,80,80,80,80,80,80],"card_choices":[{"not_picked":["Endless Agony","Crippling Poison"],"picked":"Footwork","floor":1.0},{"not_picked":["Quick Slash","Riddle With Holes"],"picked":"Calculated Gamble","floor":2.0},{"not_picked":["Prepared","Infinite Blades"],"picked":"Acrobatics","floor":4.0},{"not_picked":["Deflect","Quick Slash"],"picked":"Backstab","floor":6.0},{"not_picked":["Masterful Stab+1","Burst"],"picked":"Bouncing Flask","floor":8.0},{"not_picked":["Slice+1","Heel Hook+1"],"picked":"Dagger Throw+1","floor":12.0},{"not_picked":["Tools of the Trade","Reflex"],"picked":"Poisoned Stab+1","floor":13.0},{"not_picked":["Setup","Slice+1"],"picked":"Quick Slash+1","floor":14.0},{"not_picked":["Adrenaline","Tools of the Trade"],"picked":"Die Die Die+1","floor":16.0},{"not_picked":["Choke+1","Heel Hook+1","Deadly Poison"],"picked":"SKIP","floor":18.0},{"not_picked":["Outmaneuver","Poisoned Stab+1","Masterful Stab+1"],"picked":"SKIP","floor":20.0},{"not_picked":["Poisoned Stab+1","Outmaneuver"],"picked":"Burst","floor":23.0},{"not_picked":["Finisher+1","Flechettes+1"],"picked":"Deflect","floor":25.0},{"not_picked":["Cloak And Dagger","Outmaneuver"],"picked":"Noxious Fumes","floor":27},{"not_picked":["Poisoned Stab+1","Terror"],"picked":"Blade Dance","floor":28},{"not_picked":["Eviscerate+1","Masterful Stab+1"],"picked":"A Thousand Cuts","floor":30},{"not_picked":["Dodge and Roll","Blade Dance"],"picked":"Catalyst","floor":31}],"player_experience":654540,"relics_obtained":[{"floor":6.0,"key":"Molten Egg 2"},{"floor":8.0,"key":"Bronze Scales"},{"floor":9.0,"key":"Bag of Marbles"},{"floor":14.0,"key":"Shuriken"},{"floor":22.0,"key":"Mummified Hand"},{"floor":23.0,"key":"Dream Catcher"},{"floor":25.0,"key":"Bottled Lightning"},{"floor":26.0,"key":"Meat on the Bone"},{"floor":28,"key":"Mango"},{"floor":30,"key":"Lantern"}],"event_choices":[{"damage_healed":0.0,"max_hp_gain":0.0,"max_hp_loss":0.0,"gold_gain":75.0,"event_name":"World of Goop","player_choice":"Gather Gold","floor":3.0,"gold_loss":0.0,"damage_taken":11.0},{"damage_healed":0.0,"max_hp_gain":0.0,"max_hp_loss":0.0,"gold_gain":0.0,"event_name":"Match and Keep!","player_choice":"1 cards matched","floor":5.0,"gold_loss":0.0,"damage_taken":0.0,"cards_obtained":["Caltrops"]},{"damage_healed":0.0,"max_hp_gain":0.0,"max_hp_loss":0.0,"gold_gain":0.0,"event_name":"Nest","player_choice":"Joined the Cult","floor":19.0,"gold_loss":0.0,"damage_taken":6.0,"cards_obtained":["RitualDagger"]},{"damage_healed":0.0,"max_hp_gain":0.0,"max_hp_loss":0.0,"gold_gain":0.0,"event_name":"Ghosts","player_choice":"Ignored","floor":21.0,"gold_loss":0.0,"damage_taken":0.0},{"damage_healed":0.0,"max_hp_gain":0.0,"max_hp_loss":0.0,"gold_gain":0.0,"event_name":"Upgrade Shrine","player_choice":"Upgraded","floor":24.0,"gold_loss":0.0,"damage_taken":0.0,"cards_upgraded":["Burst"]}],"is_beta":false,"boss_relics":[{"not_picked":["Velvet Choker","Calling Bell"],"picked":"Lizard Tail"}],"items_purged_floors":[],"is_endless":false,"potions_floor_spawned":[1,2,6,12,25,27,30],"killed_by":"Champ","ascension_level":15}