{"gold_per_floor":[113,288,288,302,322,322,340,366,366,378,378,378,408,428,428,428],"floor_reached":16,"playtime":1565,"items_purged":[],"score":135,"play_id":"9b602598-ee8e-4e1f-aabd-60ee86a0d601","local_time":"20180816193634","is_ascension_mode":true,"campfire_choices":[{"data":"Dagger Spray","floor":6,"key":"SMITH"},{"floor":12,"key":"REST"},{"floor":15,"key":"REST"}],"neow_cost":"NONE","seed_source_timestamp":64508003045115,"circlet_count":0,"master_deck":["Defend_G","Defend_G","Defend_G","Defend_G","Defend_G","Strike_G","Strike_G","Strike_G","Strike_G","Strike_G","Survivor","Neutralize","Dagger Spray+1","Doubt","Normality","PiercingWail","Prepared","Flying Knee","A Thousand Cuts","Poisoned Stab","Concentrate","Underhanded Strike"],"relics":["Runic Pyramid","Juzu Bracelet","Ginger","Blue Candle","Odd Mushroom"],"potions_floor_usage":[4,11,13],"damage_taken":[{"damage":0,"enemies":"Small Slimes","floor":1,"turns":4},{"damage":0,"enemies":"Jaw Worm","floor":4,"turns":4},{"damage":0,"enemies":"2 Louse","floor":5,"turns":3},{"damage":0,"enemies":"Exordium Wildlife","floor":7,"turns":2},{"damage":44,"enemies":"Lagavulin","floor":8,"turns":9},{"damage":6,"enemies":"Gremlin Gang","floor":10,"turns":5},{"damage":0,"enemies":"Exordium Thugs","floor":11,"turns":1},{"damage":12,"floor":13,"turns":4},{"damage":3,"enemies":"2 Fungi Beasts","floor":14,"turns":4},{"damage":44,"enemies":"Slime Boss","floor":16,"turns":9}],"seed_played":"4950515223230701479","potions_obtained":[{"floor":1,"key":"EssenceOfSteel"},{"floor":4,"key":"SmokeBomb"},{"floor":8,"key":"Block Potion"}],"is_trial":false,"path_per_floor":["M","?","?","M","M","R","M","E","T","M","M","R","?","M","R"],"character_chosen":"THE_SILENT","items_purchased":[],"campfire_rested":2,"item_purchase_floors":[],"current_hp_per_floor":[63,63,63,63,63,63,63,19,19,13,13,34,22,19,40,0],"gold":428,"neow_bonus":"BOSS_RELIC","is_prod":false,"is_daily":false,"chose_seed":false,"campfire_upgraded":1,"win_rate":0,"timestamp":1534462594,"path_taken":["M","?","?","M","M","R","M","E","T","M","M","R","?","M","R","BOSS"],"build_version":"2018-08-09","purchased_purges":0,"victory":false,"max_hp_per_floor":[70,70,70,70,70,70,70,70,70,70,70,70,70,70,70,70],"card_choices":[{"not_picked":["Expertise","Poisoned Stab"],"picked":"Dagger Spray","floor":1},{"not_picked":["Infinite Blades","Quick Slash"],"picked":"PiercingWail","floor":4},{"not_picked":["Eviscerate","Poisoned Stab"],"picked":"Prepared","floor":5},{"not_picked":["Riddle With Holes","Dagger Spray"],"picked":"Flying Knee","floor":7},{"not_picked":["Blur","Reflex"],"picked":"A Thousand Cuts","floor":8},{"not_picked":["Quick Slash","Well Laid Plans"],"picked":"Poisoned Stab","floor":10},{"not_picked":["Flechettes","Dagger Spray"],"picked":"Concentrate","floor":13},{"not_picked":["Deflect","Deadly Poison"],"picked":"Underhanded Strike","floor":14}],"player_experience":291712,"relics_obtained":[{"floor":8,"key":"Ginger"},{"floor":9,"key":"Blue Candle"},{"floor":13,"key":"Odd Mushroom"}],"event_choices":[{"event_name":"Liars Game","player_choice":"agreed","floor":2,"damage_taken":0},{"event_name":"Accursed Blacksmith","player_choice":"Rummage","floor":3,"damage_taken":0},{"event_name":"Mushrooms","player_choice":"Fought Mushrooms","floor":13,"damage_taken":0}],"is_beta":false,"boss_relics":[],"items_purged_floors":[],"is_endless":false,"potions_floor_spawned":[1,4,8,11],"killed_by":"Slime Boss","ascension_level":6}