{"gold_per_floor":[111,124,124,8,8,8,338,338,338,367,384,384,398,398,398,471,471,486,86,86],"floor_reached":20,"playtime":2467,"items_purged":["Defend_G"],"score":351,"play_id":"33db4fbe-3465-491f-9e55-a4ce0fefd7cd","local_time":"20190711220656","is_ascension_mode":true,"campfire_choices":[{"floor":6.0,"key":"REST"},{"floor":8,"key":"REST"},{"floor":12,"key":"REST"},{"data":"Deadly Poison","floor":15,"key":"SMITH"}],"neow_cost":"NONE","seed_source_timestamp":977041217523929,"circlet_count":0,"master_deck":["AscendersBane","Strike_G","Strike_G","Strike_G","Defend_G","Defend_G","Defend_G","Defend_G","Survivor","Neutralize+1","Blade Dance","Deadly Poison+1","Footwork","Dash","PiercingWail","Flying Knee","Blur","After Image","Cloak And Dagger","Well Laid Plans"],"special_seed":0,"relics":["Ring of the Snake","Happy Flower","Old Coin","Tingsha","Pantograph","Cursed Key","Thread and Needle"],"potions_floor_usage":[7,10],"damage_taken":[{"damage":4.0,"enemies":"Small Slimes","floor":1.0,"turns":4.0},{"damage":4.0,"enemies":"Jaw Worm","floor":2.0,"turns":6.0},{"damage":24,"enemies":"Gremlin Nob","floor":7,"turns":4},{"damage":33,"enemies":"3 Sentries","floor":10,"turns":12},{"damage":0,"enemies":"Cultist","floor":11,"turns":4},{"damage":0,"enemies":"3 Louse","floor":13,"turns":3},{"damage":12,"enemies":"The Guardian","floor":16,"turns":11},{"damage":20,"enemies":"3 Byrds","floor":18,"turns":7},{"damage":45,"enemies":"Masked Bandits","floor":20,"turns":5}],"seed_played":"6413868727525649547","potions_obtained":[{"floor":1.0,"key":"AttackPotion"},{"floor":7,"key":"Poison Potion"},{"floor":13,"key":"Swift Potion"}],"is_trial":false,"path_per_floor":["M","M","?","$","?","R","E","R","T","E","M","R","M","?","R","B",null,"M","$","?"],"character_chosen":"THE_SILENT","items_purchased":["Footwork","Thread and Needle","Well Laid Plans"],"campfire_rested":3,"item_purchase_floors":[4,19,19],"current_hp_per_floor":[55,51,44,44,26,45,21,40,40,7,7,26,26,26,26,39,59,39,39,0],"gold":86,"neow_bonus":"UPGRADE_CARD","is_prod":false,"is_daily":false,"chose_seed":false,"campfire_upgraded":1,"win_rate":0,"timestamp":1562897216,"path_taken":["M","M","?","?","?","R","E","R","T","E","M","R","?","?","R","BOSS","M","?","?"],"build_version":"2019-07-05","purchased_purges":1,"victory":false,"max_hp_per_floor":[66,66,66,66,66,66,66,66,66,66,66,66,66,66,66,66,66,66,66,66],"card_choices":[{"not_picked":["Tactician","Acrobatics"],"picked":"Blade Dance","floor":1.0},{"not_picked":["Dodge and Roll","Deflect"],"picked":"Deadly Poison","floor":2.0},{"not_picked":["Tactician","Eviscerate"],"picked":"Dash","floor":7},{"not_picked":["Flechettes","Choke"],"picked":"PiercingWail","floor":10},{"not_picked":["Riddle With Holes","Cloak And Dagger"],"picked":"Flying Knee","floor":11},{"not_picked":["Setup","Leg Sweep"],"picked":"Blur","floor":13},{"not_picked":["Envenom","Adrenaline"],"picked":"After Image","floor":16},{"not_picked":["Masterful Stab","Underhanded Strike"],"picked":"Cloak And Dagger","floor":18}],"player_experience":1126421,"relics_obtained":[{"floor":7,"key":"Old Coin"},{"floor":9,"key":"Tingsha"},{"floor":10,"key":"Pantograph"}],"event_choices":[{"cards_removed":["Strike_G"],"damage_healed":0.0,"max_hp_gain":0.0,"max_hp_loss":0.0,"gold_gain":0.0,"event_name":"Golden Wing","player_choice":"Card Removal","floor":3.0,"gold_loss":0.0,"damage_taken":7.0},{"damage_healed":0.0,"max_hp_gain":0.0,"max_hp_loss":0.0,"gold_gain":0.0,"event_name":"Scrap Ooze","player_choice":"Success","floor":5.0,"gold_loss":0.0,"damage_taken":18.0,"relics_obtained":["Happy Flower"]},{"cards_removed":["Strike_G"],"damage_healed":0,"gold_gain":0,"player_choice":"Offered Basic","damage_taken":0,"max_hp_gain":0,"max_hp_loss":0,"event_name":"Bonfire Elementals","floor":14,"gold_loss":0},{"damage_healed":0,"gold_gain":0,"player_choice":"Fought Bandits","damage_taken":0,"max_hp_gain":0,"max_hp_loss":0,"event_name":"Masked Bandits","floor":20,"gold_loss":0}],"is_beta":false,"boss_relics":[{"not_picked":["Astrolabe","Empty Cage"],"picked":"Cursed Key"}],"items_purged_floors":[4],"is_endless":false,"potions_floor_spawned":[1,7,13],"killed_by":"Masked Bandits","ascension_level":19}