{"gold_per_floor":[12,31,31,42,117,151,151,127,151,151,170,190,222,251,263,372,384,416,3,23,38,38,38,55,85,132,142,0,0,0,0,0,0],"floor_reached":33,"playtime":3124,"items_purged":["Regret"],"score":319,"play_id":"bf82de67-f2d0-4bc8-9e9f-eb56504e39ee","local_time":"20180805162957","is_ascension_mode":true,"campfire_choices":[{"floor":7,"key":"REST"},{"floor":10,"key":"REST"},{"floor":15,"key":"REST"},{"floor":23,"key":"REST"},{"floor":30,"key":"REST"},{"floor":32,"key":"REST"}],"neow_cost":"NO_GOLD","seed_source_timestamp":1008563808211219,"circlet_count":0,"master_deck":["Defend_G","Defend_G","Defend_G","Defend_G","Defend_G","Strike_G","Strike_G","Strike_G","Strike_G","Survivor","Neutralize","Adrenaline","Poisoned Stab","Outmaneuver","Slice","Doppelganger","Deadly Poison","Bouncing Flask","Deflect","Prepared","Quick Slash","Dagger Spray","Glass Knife","Flechettes","Backflip+1","Bane+1","Poisoned Stab","Noxious Fumes","Backstab","Infinite Blades+1","Glass Knife","Dagger Spray","Leg Sweep"],"relics":["Ring of the Snake","Snake Skull","Pen Nib","Dream Catcher","MawBank","Black Star","TwistedFunnel","Vajra","Juzu Bracelet","Omamori","Bag of Marbles"],"potions_floor_usage":[12,24,33,33,33],"damage_taken":[{"damage":1,"enemies":"2 Louse","floor":1,"turns":3},{"damage":1,"enemies":"Jaw Worm","floor":2,"turns":4},{"damage":7,"enemies":"Cultist","floor":4,"turns":4},{"damage":47,"enemies":"3 Sentries","floor":6,"turns":13},{"damage":1,"enemies":"Large Slime","floor":11,"turns":4},{"damage":9,"enemies":"Gremlin Gang","floor":12,"turns":4},{"damage":26,"enemies":"Gremlin Nob","floor":13,"turns":4},{"damage":2,"enemies":"2 Fungi Beasts","floor":14,"turns":3},{"damage":16,"enemies":"Slime Boss","floor":16,"turns":9},{"damage":7,"enemies":"Chosen","floor":18,"turns":4},{"damage":24,"enemies":"Shell Parasite","floor":20,"turns":3},{"damage":13,"enemies":"Cultist and Chosen","floor":21,"turns":6},{"damage":0,"enemies":"3 Cultists","floor":24,"turns":3},{"damage":28,"enemies":"Slavers","floor":25,"turns":4},{"damage":9,"enemies":"Centurion and Healer","floor":27,"turns":3},{"damage":73,"enemies":"Champ","floor":33,"turns":8}],"seed_played":"7053281047412691428","potions_obtained":[{"floor":2,"key":"Regen Potion"},{"floor":4,"key":"SmokeBomb"},{"floor":11,"key":"Fire Potion"},{"floor":16,"key":"SkillPotion"},{"floor":21,"key":"Ancient Potion"},{"floor":24,"key":"GamblersBrew"},{"floor":27,"key":"Poison Potion"},{"floor":29,"key":"Energy Potion"},{"floor":29,"key":"SpeedPotion"}],"is_trial":false,"path_per_floor":["M","M","?","M","?","E","R","$","T","R","M","M","E","M","R","B",null,"M","$","M","M","?","R","M","E","T","M","$","?","R","$","R"],"character_chosen":"THE_SILENT","items_purchased":["Deadly Poison","TwistedFunnel","Vajra","Glass Knife"],"campfire_rested":6,"item_purchase_floors":[8,19,19,28],"current_hp_per_floor":[69,68,68,61,50,3,24,24,24,45,44,35,9,7,28,12,70,63,63,39,26,26,47,47,19,19,10,10,10,31,31,52,0],"gold":0,"neow_bonus":"THREE_RARE_CARDS","is_prod":false,"is_daily":false,"chose_seed":false,"campfire_upgraded":0,"win_rate":0,"timestamp":1533500997,"path_taken":["M","M","?","M","?","E","R","$","T","R","?","M","E","M","R","BOSS","M","$","M","M","?","R","M","E","T","M","$","?","R","?","R","BOSS"],"build_version":"2018-08-02","purchased_purges":1,"victory":false,"max_hp_per_floor":[70,70,70,70,70,70,70,70,70,70,70,70,70,70,70,70,70,70,70,70,70,70,70,70,70,70,70,70,70,70,70,70,70],"card_choices":[{"not_picked":["Corpse Explosion","Phantasmal Killer"],"picked":"Adrenaline","floor":0},{"not_picked":["Outmaneuver","Well Laid Plans"],"picked":"Poisoned Stab","floor":1},{"not_picked":["PiercingWail","Deadly Poison"],"picked":"Outmaneuver","floor":2},{"not_picked":["Deflect","Distraction"],"picked":"Slice","floor":4},{"not_picked":["Concentrate","Predator"],"picked":"Doppelganger","floor":6},{"not_picked":["Dagger Throw","Flying Knee"],"picked":"Bouncing Flask","floor":10},{"not_picked":["Cloak And Dagger","Tactician"],"picked":"Deflect","floor":11},{"not_picked":["Heel Hook","Terror"],"picked":"Prepared","floor":12},{"not_picked":["Endless Agony","Setup","Dodge and Roll"],"picked":"SKIP","floor":13},{"not_picked":["Eviscerate","Escape Plan"],"picked":"Quick Slash","floor":14},{"not_picked":["Flying Knee","Slice"],"picked":"Dagger Spray","floor":15},{"not_picked":["Grand Finale","Phantasmal Killer"],"picked":"Glass Knife","floor":16},{"not_picked":["Deflect","Infinite Blades"],"picked":"Flechettes","floor":18},{"not_picked":["Cloak And Dagger","Outmaneuver"],"picked":"Backflip+1","floor":20},{"not_picked":["Sucker Punch","Deadly Poison"],"picked":"Bane+1","floor":21},{"not_picked":["Flying Knee","Tactician+1"],"picked":"Poisoned Stab","floor":23},{"not_picked":["Sucker Punch+1","Dagger Spray"],"picked":"Noxious Fumes","floor":24},{"not_picked":["Terror","Infinite Blades"],"picked":"Backstab","floor":25},{"not_picked":["Slice","Dodge and Roll"],"picked":"Infinite Blades+1","floor":27},{"not_picked":["Dodge and Roll","Blur"],"picked":"Dagger Spray","floor":30},{"not_picked":["Calculated Gamble","Cloak And Dagger+1"],"picked":"Leg Sweep","floor":32}],"player_experience":230587,"relics_obtained":[{"floor":6,"key":"Pen Nib"},{"floor":9,"key":"Dream Catcher"},{"floor":13,"key":"MawBank"},{"floor":25,"key":"Juzu Bracelet"},{"floor":25,"key":"Omamori"},{"floor":26,"key":"Bag of Marbles"}],"event_choices":[{"event_name":"Big Fish","player_choice":"Box","floor":3,"damage_taken":0},{"event_name":"World of Goop","player_choice":"Gather Gold","floor":5,"damage_taken":0},{"event_name":"Bonfire Elementals","player_choice":"BASIC","floor":22,"damage_taken":0},{"event_name":"The Lab","player_choice":"Got Potions","floor":29,"damage_taken":0}],"is_beta":false,"boss_relics":[{"not_picked":["Astrolabe","Velvet Choker"],"picked":"Black Star"}],"items_purged_floors":[19],"is_endless":false,"potions_floor_spawned":[2,4,11,16,21,24,27],"killed_by":"Champ","ascension_level":3}