{"gold_per_floor":[18,36,51,67,85,117,117,144,144,144,219,250,266,323,323,323],"floor_reached":16,"playtime":708,"items_purged":[],"score":214,"play_id":"a633c62a-0eaf-44ce-8850-f3d36661f265","local_time":"20190914204605","is_ascension_mode":true,"campfire_choices":[{"data":"Flex","floor":7,"key":"SMITH"},{"data":"Fire Breathing","floor":10,"key":"SMITH"},{"data":"Double Tap","floor":15,"key":"SMITH"}],"neow_cost":"NO_GOLD","seed_source_timestamp":161502934536600,"circlet_count":0,"master_deck":["AscendersBane","Strike_R","Strike_R","Strike_R","Defend_R","Defend_R","Defend_R","Defend_R","Bash","Flex+1","True Grit","Anger","Heavy Blade","Battle Trance","Anger","Sword Boomerang","Twin Strike","Fire Breathing+1","Evolve","Double Tap+1"],"relics":["Burning Blood","Gremlin Horn","Ornamental Fan","The Courier","Strawberry","Gambling Chip"],"potions_floor_usage":[5],"damage_taken":[{"damage":1,"enemies":"Cultist","floor":1,"turns":4},{"damage":12,"enemies":"Small Slimes","floor":2,"turns":4},{"damage":5,"enemies":"Jaw Worm","floor":3,"turns":5},{"damage":5,"enemies":"2 Fungi Beasts","floor":4,"turns":4},{"damage":15,"enemies":"Exordium Thugs","floor":5,"turns":4},{"damage":8,"enemies":"Gremlin Nob","floor":6,"turns":3},{"damage":30,"enemies":"Lagavulin","floor":8,"turns":5},{"damage":6,"enemies":"3 Sentries","floor":12,"turns":5},{"damage":19,"enemies":"Large Slime","floor":13,"turns":5},{"damage":31,"enemies":"3 Sentries","floor":14,"turns":5},{"damage":7,"enemies":"Hexaghost","floor":16,"turns":4}],"seed_played":"4802480048845875433","potions_obtained":[{"floor":2,"key":"SpeedPotion"},{"floor":3,"key":"BloodPotion"},{"floor":5,"key":"Regen Potion"},{"floor":6,"key":"SteroidPotion"}],"is_trial":false,"path_per_floor":["M","M","M","M","M","E","R","E","T","R","?","E","M","?","R","B"],"character_chosen":"IRONCLAD","items_purchased":[],"campfire_rested":0,"item_purchase_floors":[],"current_hp_per_floor":[73,67,68,69,75,73,73,49,49,49,38,45,32,7,7,0],"gold":323,"neow_bonus":"TRANSFORM_TWO_CARDS","is_prod":false,"is_daily":false,"chose_seed":false,"campfire_upgraded":3,"win_rate":0,"timestamp":1568486765,"path_taken":["M","M","M","M","M","E","R","E","T","R","?","E","M","?","R","BOSS"],"build_version":"2019-09-12","purchased_purges":0,"victory":false,"max_hp_per_floor":[75,75,75,75,75,75,75,75,75,75,75,82,82,82,82,82],"card_choices":[{"not_picked":["Infernal Blade","Dual Wield"],"picked":"Anger","floor":1},{"not_picked":["Power Through","Sever Soul"],"picked":"Heavy Blade","floor":2},{"not_picked":["Armaments","Iron Wave"],"picked":"Battle Trance","floor":3},{"not_picked":["Sever Soul","Entrench"],"picked":"Anger","floor":4},{"not_picked":["Perfected Strike","Reckless Charge"],"picked":"Sword Boomerang","floor":5},{"not_picked":["Clash","Infernal Blade"],"picked":"Twin Strike","floor":6},{"not_picked":["Warcry","Dropkick"],"picked":"Fire Breathing","floor":8},{"not_picked":["Metallicize","Carnage"],"picked":"Evolve","floor":12},{"not_picked":["Body Slam","Anger","Heavy Blade"],"picked":"SKIP","floor":13},{"not_picked":["Warcry","Rupture"],"picked":"Double Tap","floor":14}],"player_experience":827884,"relics_obtained":[{"floor":6,"key":"Gremlin Horn"},{"floor":8,"key":"Ornamental Fan"},{"floor":9,"key":"The Courier"},{"floor":12,"key":"Strawberry"},{"floor":14,"key":"Gambling Chip"}],"event_choices":[{"damage_healed":0,"gold_gain":75,"player_choice":"Gather Gold","damage_taken":11,"max_hp_gain":0,"max_hp_loss":0,"event_name":"World of Goop","floor":11,"gold_loss":0},{"damage_healed":0,"gold_gain":0,"player_choice":"Searched \u00272\u0027 times","damage_taken":0,"max_hp_gain":0,"max_hp_loss":0,"event_name":"Dead Adventurer","floor":14,"gold_loss":0}],"is_beta":true,"boss_relics":[],"items_purged_floors":[],"is_endless":false,"potions_floor_spawned":[2,3,5,6],"killed_by":"Hexaghost","ascension_level":15}