{"gold_per_floor":[111,111,7,7,25,68,68,106,160,160,176,176,189,227,227,317,317,330,343,343,343,353,386,386,396,396,409,100,119,153,5,5,77,77,87,102,102,113,63,89,89,123,195,209,241,241,259,276,276,276,276,276,50,75,75],"floor_reached":56,"playtime":4104,"items_purged":["Defend_R","Defend_R","Strike_R","Strike_R"],"score":2020,"play_id":"9a9f1234-2cd2-46cc-a0fe-a8d75466bd02","local_time":"20190802175330","is_ascension_mode":true,"campfire_choices":[{"data":"Shockwave","floor":7.0,"key":"SMITH"},{"data":"Flame Barrier","floor":10.0,"key":"SMITH"},{"data":"Spot Weakness","floor":12.0,"key":"SMITH"},{"data":"Metallicize","floor":15.0,"key":"SMITH"},{"data":"Berserk","floor":24.0,"key":"SMITH"},{"floor":32.0,"key":"REST"},{"floor":41.0,"key":"REST"},{"floor":46.0,"key":"RECALL"},{"data":"True Grit","floor":49.0,"key":"SMITH"},{"floor":52.0,"key":"REST"}],"neow_cost":"NONE","seed_source_timestamp":253662075348987,"circlet_count":0,"master_deck":["AscendersBane","Strike_R","Bash","Anger","Anger","Spot Weakness+1","Twin Strike","Flame Barrier+1","Shockwave+1","Metallicize+1","Headbutt","Berserk+1","Heavy Blade+1","Metallicize","True Grit+1","Feed","Shrug It Off+1","Pummel","Spot Weakness","Flash of Steel","Fiend Fire","Armaments+1","Cleave+1","Dual Wield+1","Disarm+1","Thunderclap","Limit Break","Sword Boomerang","Feel No Pain"],"special_seed":0,"relics":["Burning Blood","Orichalcum","Bloody Idol","Darkstone Periapt","Smiling Mask","Tiny Chest","Dodecahedron","Runic Pyramid","Ancient Tea Set","Vajra","Mummified Hand","Astrolabe","Dead Branch","Pen Nib","Pantograph","Bag of Preparation","Shuriken"],"potions_floor_usage":[55,55],"damage_taken":[{"damage":3.0,"enemies":"2 Louse","floor":1.0,"turns":4.0},{"damage":3.0,"enemies":"Jaw Worm","floor":5.0,"turns":4.0},{"damage":16.0,"enemies":"3 Sentries","floor":6.0,"turns":8.0},{"damage":26.0,"enemies":"Lagavulin","floor":8.0,"turns":8.0},{"damage":0.0,"enemies":"Small Slimes","floor":11.0,"turns":2.0},{"damage":7.0,"enemies":"Exordium Wildlife","floor":13.0,"turns":4.0},{"damage":14.0,"enemies":"3 Sentries","floor":14.0,"turns":6.0},{"damage":8.0,"enemies":"Hexaghost","floor":16.0,"turns":9.0},{"damage":12.0,"enemies":"Spheric Guardian","floor":18.0,"turns":4.0},{"damage":28.0,"enemies":"2 Thieves","floor":19.0,"turns":5.0},{"damage":10.0,"enemies":"Snake Plant","floor":22.0,"turns":5.0},{"damage":29.0,"enemies":"Slavers","floor":23.0,"turns":5.0},{"damage":19.0,"enemies":"3 Cultists","floor":25.0,"turns":6.0},{"damage":0.0,"enemies":"Chosen and Byrds","floor":27.0,"turns":4.0},{"damage":19.0,"enemies":"Snecko","floor":29.0,"turns":5.0},{"damage":13.0,"enemies":"Book of Stabbing","floor":30.0,"turns":4.0},{"damage":41.0,"enemies":"Champ","floor":33.0,"turns":9.0},{"damage":14.0,"enemies":"3 Darklings","floor":35.0,"turns":6.0},{"damage":13.0,"enemies":"Orb Walker","floor":36.0,"turns":4.0},{"damage":31.0,"enemies":"4 Shapes","floor":38.0,"turns":7.0},{"damage":51.0,"enemies":"Giant Head","floor":40.0,"turns":8.0},{"damage":26.0,"enemies":"Nemesis","floor":42.0,"turns":5.0},{"damage":20.0,"enemies":"Maw","floor":44.0,"turns":6.0},{"damage":5.0,"enemies":"Giant Head","floor":45.0,"turns":6.0},{"damage":17.0,"enemies":"Jaw Worm Horde","floor":47.0,"turns":3.0},{"damage":11.0,"enemies":"4 Shapes","floor":48.0,"turns":5.0},{"damage":39.0,"enemies":"Donu and Deca","floor":50.0,"turns":5.0},{"damage":34.0,"enemies":"Shield and Spear","floor":54.0,"turns":5.0},{"damage":70,"enemies":"The Heart","floor":55,"turns":5}],"seed_played":"5728260531108911708","potions_obtained":[{"floor":1.0,"key":"SkillPotion"},{"floor":6.0,"key":"Poison Potion"},{"floor":11.0,"key":"SpeedPotion"},{"floor":19.0,"key":"Poison Potion"},{"floor":23.0,"key":"PowerPotion"},{"floor":25.0,"key":"Explosive Potion"},{"floor":29.0,"key":"Strength Potion"},{"floor":36.0,"key":"Weak Potion"},{"floor":42.0,"key":"Regen Potion"},{"floor":44.0,"key":"SmokeBomb"},{"floor":45.0,"key":"PowerPotion"}],"is_trial":false,"path_per_floor":["M","?","$","?","M","E","R","E","T","R","M","R","M","E","R","B",null,"M","M","?","?","M","E","R","M","T","M","$","M","E","$","R","B",null,"M","M","?","M","$","E","R","E","T","M","E","R","M","M","R","B",null,"R","$","E","B",null],"character_chosen":"IRONCLAD","items_purchased":["Spot Weakness","Twin Strike","Vajra","Pummel","Spot Weakness","Flash of Steel","Limit Break","Sword Boomerang"],"campfire_rested":3,"item_purchase_floors":[3,3,28,28,28,31,53,53],"current_hp_per_floor":[71,66,66,66,68,58,58,38,38,38,44,44,43,35,35,33,59,53,31,31,45,46,28,28,20,20,34,34,29,30,30,53,26,67,68,70,70,54,54,18,46,31,36,39,48,48,46,49,49,44,93,109,109,86,45],"gold":75,"neow_bonus":"THREE_CARDS","is_prod":false,"is_daily":false,"chose_seed":false,"campfire_upgraded":6,"win_rate":0,"timestamp":1564761210,"path_taken":["M","?","$","?","?","E","R","E","T","R","M","R","M","E","R","BOSS","M","M","?","?","M","E","R","M","T","?","$","M","E","$","R","BOSS","M","M","?","M","$","E","R","E","T","M","E","R","M","M","R","BOSS","R","$","E","BOSS"],"build_version":"2019-07-17","purchased_purges":4,"victory":true,"max_hp_per_floor":[75,75,75,68,68,68,68,68,68,68,68,68,68,68,68,68,68,68,68,68,68,68,68,68,68,68,71,71,74,77,77,77,80,80,84,88,88,92,92,96,96,96,96,96,99,99,103,106,106,109,109,109,109,109,109],"card_choices":[{"not_picked":["Dual Wield","Warcry"],"picked":"Anger","floor":0.0},{"not_picked":["Dropkick","Bloodletting"],"picked":"Anger","floor":1.0},{"not_picked":["Havoc","Headbutt"],"picked":"Flame Barrier","floor":5.0},{"not_picked":["Clothesline","Clash"],"picked":"Shockwave","floor":6.0},{"not_picked":["Infernal Blade","Dual Wield"],"picked":"Metallicize","floor":8.0},{"not_picked":["Flex","Rupture","Combust"],"picked":"SKIP","floor":11.0},{"not_picked":["Second Wind","Havoc"],"picked":"Headbutt","floor":13.0},{"not_picked":["Twin Strike","Seeing Red","Bloodletting"],"picked":"SKIP","floor":14.0},{"not_picked":["Double Tap","Exhume"],"picked":"Berserk","floor":16.0},{"not_picked":["Carnage","Body Slam"],"picked":"Heavy Blade+1","floor":18.0},{"not_picked":["Clash","Burning Pact"],"picked":"Metallicize","floor":19.0},{"not_picked":["Sentinel","Headbutt"],"picked":"True Grit","floor":22.0},{"not_picked":["Twin Strike","Havoc","Iron Wave"],"picked":"SKIP","floor":23.0},{"not_picked":["Sentinel+1","Shrug It Off"],"picked":"Feed","floor":25.0},{"not_picked":["Twin Strike","Cleave"],"picked":"Shrug It Off+1","floor":27.0},{"not_picked":["True Grit","Blood for Blood","Iron Wave"],"picked":"SKIP","floor":29.0},{"not_picked":["Thunderclap","Feel No Pain","Armaments"],"picked":"SKIP","floor":30.0},{"not_picked":["Barricade","Brutality"],"picked":"Fiend Fire","floor":33.0},{"not_picked":["Clash","Body Slam"],"picked":"Disarm+1","floor":35.0},{"not_picked":["Clash","Body Slam","Sever Soul"],"picked":"SKIP","floor":36.0},{"not_picked":["Dropkick","Havoc+1","Fire Breathing"],"picked":"SKIP","floor":38.0},{"not_picked":["Pommel Strike","Anger"],"picked":"Thunderclap","floor":40.0},{"not_picked":["Anger","Shrug It Off","Heavy Blade"],"picked":"SKIP","floor":42.0},{"not_picked":["Pommel Strike+1","Clothesline","Searing Blow"],"picked":"SKIP","floor":44.0},{"not_picked":["Combust+1","Armaments+1","Body Slam+1"],"picked":"SKIP","floor":45.0},{"not_picked":["Pommel Strike","Wild Strike","Twin Strike"],"picked":"SKIP","floor":47.0},{"not_picked":["Evolve+1","Blood for Blood+1","Pommel Strike"],"picked":"SKIP","floor":48.0},{"not_picked":["Ghostly Armor+1","Battle Trance"],"picked":"Feel No Pain","floor":54.0}],"player_experience":705116,"relics_obtained":[{"floor":6.0,"key":"Darkstone Periapt"},{"floor":8.0,"key":"Smiling Mask"},{"floor":9.0,"key":"Tiny Chest"},{"floor":14.0,"key":"Dodecahedron"},{"floor":23.0,"key":"Ancient Tea Set"},{"floor":30.0,"key":"Mummified Hand"},{"floor":40.0,"key":"Dead Branch"},{"floor":42.0,"key":"Pen Nib"},{"floor":43.0,"key":"Pantograph"},{"floor":45.0,"key":"Bag of Preparation"},{"floor":54.0,"key":"Shuriken"}],"event_choices":[{"damage_healed":0.0,"max_hp_gain":0.0,"max_hp_loss":0.0,"gold_gain":0.0,"event_name":"Scrap Ooze","player_choice":"Success","floor":2.0,"gold_loss":0.0,"damage_taken":5.0,"relics_obtained":["Orichalcum"]},{"damage_healed":0.0,"max_hp_gain":0.0,"max_hp_loss":7.0,"gold_gain":0.0,"event_name":"Golden Idol","player_choice":"Lose Max HP","floor":4.0,"gold_loss":0.0,"damage_taken":0.0,"relics_obtained":["Golden Idol"]},{"damage_healed":0.0,"max_hp_gain":0.0,"max_hp_loss":0.0,"gold_gain":0.0,"event_name":"Forgotten Altar","player_choice":"Gave Idol","floor":20.0,"relics_lost":["Golden Idol"],"gold_loss":0.0,"damage_taken":0.0,"relics_obtained":["Bloody Idol"]},{"damage_healed":14.0,"max_hp_gain":0.0,"max_hp_loss":0.0,"gold_gain":0.0,"event_name":"The Library","player_choice":"Heal","floor":21.0,"gold_loss":0.0,"damage_taken":0.0},{"cards_removed":["Strike_R"],"damage_healed":0.0,"max_hp_gain":0.0,"max_hp_loss":0.0,"gold_gain":0.0,"event_name":"Falling","player_choice":"Removed Attack","floor":37.0,"gold_loss":0.0,"damage_taken":0.0}],"is_beta":false,"boss_relics":[{"not_picked":["White Beast Statue","Velvet Choker"],"picked":"Runic Pyramid"},{"not_picked":["Calling Bell","Cursed Key"],"picked":"Astrolabe"}],"items_purged_floors":[28,31,39,53],"is_endless":false,"potions_floor_spawned":[1,6,11,19,23,25,29,30,36,42,44,45],"ascension_level":15}