{"gold_per_floor":[119,131,147,157,171,202,202,218,272,272,27,47,74,94,94,190,190,203,234,27,27,27,52,52,65,111,111,121,150,168,187,187,284,284,303,323,323,335,348,376,393,393,393,393,427,427,427,228,228,228,228,228,27,59,59],"floor_reached":56,"playtime":2584,"items_purged":["Regret","Strike_R+1","Strike_R+1"],"score":1286,"play_id":"2dae553a-c1ea-4afe-831a-182ec1417fbb","local_time":"20190315235722","is_ascension_mode":false,"campfire_choices":[{"data":"Demon Form","floor":7.0,"key":"SMITH"},{"data":"Rage","floor":15.0,"key":"SMITH"},{"data":"Uppercut","floor":24.0,"key":"SMITH"},{"data":"Sword Boomerang","floor":27.0,"key":"SMITH"},{"floor":32.0,"key":"REST"},{"data":"Double Tap","floor":42.0,"key":"SMITH"},{"floor":44.0,"key":"REST"},{"floor":46.0,"key":"RECALL"},{"data":"Rage","floor":47.0,"key":"SMITH"},{"floor":49.0,"key":"REST"},{"data":"Sword Boomerang","floor":52,"key":"SMITH"}],"neow_cost":"NONE","seed_source_timestamp":4588782568992857,"circlet_count":0,"master_deck":["Strike_R+1","Strike_R+1","Strike_R+1","Defend_R+1","Defend_R+1","Defend_R+1","Defend_R+1","Bash","Sword Boomerang+1","Rage+1","Sword Boomerang+1","Uppercut+1","Inflame","Pommel Strike","Demon Form+1","Thunderclap","Shrug It Off","Heavy Blade+1","Pummel","Shrug It Off+1","Battle Trance+1","Fire Breathing+1","Rage+1","Disarm","Double Tap+1","Cleave","Power Through+1","Double Tap+1"],"special_seed":0,"relics":["Burning Blood","Pear","Smiling Mask","Shuriken","Bottled Tornado","Mummified Hand","Mark of Pain","Red Mask","Pen Nib","Boot","Gambling Chip","Lizard Tail","WingedGreaves","Toxic Egg 2","Dodecahedron","Oddly Smooth Stone","Bronze Scales","Letter Opener"],"potions_floor_usage":[55,55,55],"damage_taken":[{"damage":5.0,"enemies":"Cultist","floor":1.0,"turns":4.0},{"damage":3.0,"enemies":"2 Louse","floor":2.0,"turns":3.0},{"damage":4.0,"enemies":"Jaw Worm","floor":3.0,"turns":3.0},{"damage":14.0,"enemies":"Exordium Wildlife","floor":4.0,"turns":5.0},{"damage":2.0,"enemies":"Large Slime","floor":5.0,"turns":4.0},{"damage":24.0,"enemies":"Gremlin Nob","floor":6.0,"turns":4.0},{"damage":19.0,"enemies":"Lots of Slimes","floor":8.0,"turns":6.0},{"damage":1.0,"enemies":"2 Fungi Beasts","floor":12.0,"turns":3.0},{"damage":23.0,"enemies":"3 Sentries","floor":13.0,"turns":5.0},{"damage":8.0,"enemies":"Red Slaver","floor":14.0,"turns":3.0},{"damage":37.0,"enemies":"Hexaghost","floor":16.0,"turns":7.0},{"damage":22.0,"enemies":"2 Thieves","floor":18.0,"turns":4.0},{"damage":25.0,"enemies":"Masked Bandits","floor":19.0,"turns":3.0},{"damage":7.0,"enemies":"Book of Stabbing","floor":23.0,"turns":4.0},{"damage":0.0,"enemies":"3 Byrds","floor":25.0,"turns":3.0},{"damage":10.0,"enemies":"Sentry and Sphere","floor":28.0,"turns":3.0},{"damage":38.0,"enemies":"Slavers","floor":29.0,"turns":5.0},{"damage":12.0,"enemies":"Centurion and Healer","floor":30.0,"turns":3.0},{"damage":0.0,"enemies":"Snecko","floor":31.0,"turns":4.0},{"damage":24.0,"enemies":"Automaton","floor":33.0,"turns":5.0},{"damage":9.0,"enemies":"3 Shapes","floor":35.0,"turns":4.0},{"damage":6.0,"enemies":"3 Darklings","floor":36.0,"turns":4.0},{"damage":15.0,"enemies":"Writhing Mass","floor":38.0,"turns":5.0},{"damage":13.0,"enemies":"Jaw Worm Horde","floor":39.0,"turns":3.0},{"damage":61.0,"enemies":"Reptomancer","floor":40.0,"turns":5.0},{"damage":0.0,"enemies":"Transient","floor":41.0,"turns":5.0},{"damage":5.0,"enemies":"Nemesis","floor":45.0,"turns":3.0},{"damage":70,"enemies":"Donu and Deca","floor":50,"turns":6},{"damage":11,"enemies":"Shield and Spear","floor":54,"turns":5},{"damage":61,"enemies":"The Heart","floor":55,"turns":8}],"seed_played":"8215333385489325587","potions_obtained":[{"floor":1.0,"key":"Fruit Juice"},{"floor":5.0,"key":"Fruit Juice"},{"floor":12.0,"key":"Poison Potion"},{"floor":13.0,"key":"Regen Potion"},{"floor":16.0,"key":"Energy Potion"},{"floor":23.0,"key":"Weak Potion"},{"floor":25.0,"key":"Dexterity Potion"},{"floor":35.0,"key":"Strength Potion"}],"is_trial":false,"path_per_floor":["M","M","M","M","M","E","R","M","T","?","$","M","E","M","R","B",null,"M","?","$","?","?","E","R","M","T","R","M","E","M","M","R","B",null,"M","M","?","M","M","E","M","R","T","R","E","R","R","$","R","B",null,"R","$","E","B",null],"character_chosen":"IRONCLAD","items_purchased":["Bottled Tornado","Pen Nib","Oddly Smooth Stone","Bronze Scales"],"campfire_rested":3,"item_purchase_floors":[11,20,48,53],"current_hp_per_floor":[85,85,85,77,86,78,78,65,65,65,65,70,53,51,51,20,100,84,65,65,65,65,64,64,70,70,70,66,34,37,43,73,55,100,97,97,97,88,81,26,32,32,32,62,63,63,63,63,93,29,100,100,100,95,40],"gold":59,"neow_bonus":"THREE_CARDS","is_prod":false,"is_daily":false,"chose_seed":false,"campfire_upgraded":7,"win_rate":0,"timestamp":1552708642,"path_taken":["M","M","M","?","M","E","R","M","T","?","$","M","E","M","R","BOSS","M","?","$","?","?","E","R","M","T","R","M","E","M","M","R","BOSS","M","?","?","?","M","E","M","R","T","R","E","R","R","$","R","BOSS","R","$","E","BOSS"],"build_version":"2019-01-23","purchased_purges":3,"victory":true,"max_hp_per_floor":[85,85,85,85,90,100,100,100,100,100,100,100,100,100,100,100,100,100,100,100,100,100,100,100,100,100,100,100,100,100,100,100,100,100,100,100,100,100,100,100,100,100,100,100,100,100,100,100,100,100,100,100,100,100,100],"card_choices":[{"not_picked":["Sever Soul","Blood for Blood"],"picked":"Sword Boomerang","floor":0.0},{"not_picked":["Pummel","Shockwave"],"picked":"Rage","floor":1.0},{"not_picked":["Clash","Feel No Pain"],"picked":"Sword Boomerang","floor":2.0},{"not_picked":["Reckless Charge","Clash"],"picked":"Uppercut","floor":3.0},{"not_picked":["Wild Strike","Uppercut"],"picked":"Inflame","floor":4.0},{"not_picked":["Anger","True Grit"],"picked":"Pommel Strike","floor":5.0},{"not_picked":["Body Slam","Sever Soul"],"picked":"Demon Form","floor":6.0},{"not_picked":["Warcry","Clash","Combust"],"picked":"SKIP","floor":8.0},{"not_picked":["True Grit","Pommel Strike"],"picked":"Thunderclap","floor":12.0},{"not_picked":["True Grit","Body Slam"],"picked":"Shrug It Off","floor":13.0},{"not_picked":["Shrug It Off","Warcry","Rage"],"picked":"SKIP","floor":14.0},{"not_picked":["Clothesline","Battle Trance"],"picked":"Heavy Blade+1","floor":18.0},{"not_picked":["Wild Strike","Clash"],"picked":"Pummel","floor":19.0},{"not_picked":["Battle Trance","Wild Strike"],"picked":"Shrug It Off+1","floor":23.0},{"not_picked":["Iron Wave","Rupture+1"],"picked":"Battle Trance+1","floor":25.0},{"not_picked":["Warcry","Wild Strike"],"picked":"Fire Breathing+1","floor":28.0},{"not_picked":["Shrug It Off","Blood for Blood","Heavy Blade"],"picked":"SKIP","floor":29.0},{"not_picked":["Shrug It Off","Headbutt+1"],"picked":"Rage","floor":30.0},{"not_picked":["Rampage+1","Pummel"],"picked":"Disarm","floor":31.0},{"not_picked":["Immolate","Feed"],"picked":"Double Tap","floor":33.0},{"not_picked":["Twin Strike","Wild Strike","Perfected Strike"],"picked":"SKIP","floor":35.0},{"not_picked":["Dropkick","Anger"],"picked":"Cleave","floor":36.0},{"not_picked":["Twin Strike","Iron Wave+1","Blood for Blood+1"],"picked":"SKIP","floor":38.0},{"not_picked":["Pommel Strike","Iron Wave+1"],"picked":"Power Through+1","floor":39.0},{"not_picked":["Iron Wave+1","Intimidate","Battle Trance"],"picked":"SKIP","floor":40.0},{"not_picked":["Carnage+1","Sword Boomerang+1","Headbutt"],"picked":"SKIP","floor":41.0},{"not_picked":["Cleave+1","Exhume+1","Pommel Strike+1"],"picked":"SKIP","floor":45.0},{"not_picked":["Seeing Red+1","Shrug It Off+1"],"picked":"Double Tap+1","floor":54}],"player_experience":725523,"relics_obtained":[{"floor":6.0,"key":"Pear"},{"floor":9.0,"key":"Smiling Mask"},{"floor":13.0,"key":"Mummified Hand"},{"floor":19.0,"key":"Red Mask"},{"floor":23.0,"key":"Boot"},{"floor":29.0,"key":"Gambling Chip"},{"floor":40.0,"key":"WingedGreaves"},{"floor":43.0,"key":"Toxic Egg 2"},{"floor":45.0,"key":"Dodecahedron"},{"floor":54,"key":"Letter Opener"}],"event_choices":[{"damage_healed":0.0,"max_hp_gain":0.0,"max_hp_loss":0.0,"gold_gain":0.0,"event_name":"Big Fish","player_choice":"Box","floor":10.0,"gold_loss":0.0,"damage_taken":0.0,"relics_obtained":["Shuriken"],"cards_obtained":["Regret"]},{"damage_healed":0.0,"max_hp_gain":0.0,"max_hp_loss":0.0,"gold_gain":0.0,"event_name":"Masked Bandits","player_choice":"Fought Bandits","floor":19.0,"gold_loss":0.0,"damage_taken":0.0},{"damage_healed":0.0,"max_hp_gain":0.0,"max_hp_loss":0.0,"gold_gain":0.0,"event_name":"Back to Basics","player_choice":"Simplicity","floor":21.0,"gold_loss":0.0,"damage_taken":0.0,"cards_upgraded":["Strike_R","Strike_R","Strike_R","Strike_R","Strike_R","Defend_R","Defend_R","Defend_R","Defend_R"]},{"damage_healed":0.0,"max_hp_gain":0.0,"max_hp_loss":0.0,"gold_gain":0.0,"event_name":"FaceTrader","player_choice":"Leave","floor":22.0,"gold_loss":0.0,"damage_taken":0.0},{"damage_healed":0.0,"max_hp_gain":0.0,"max_hp_loss":0.0,"gold_gain":0.0,"event_name":"The Woman in Blue","player_choice":"Bought 0 Potions","floor":37.0,"gold_loss":0.0,"damage_taken":0.0}],"is_beta":false,"boss_relics":[{"not_picked":["Runic Dome","Black Blood"],"picked":"Mark of Pain"},{"not_picked":["Orrery","Pandora\u0027s Box"],"picked":"Lizard Tail"}],"items_purged_floors":[20,48,53],"is_endless":false,"potions_floor_spawned":[1,5,12,13,16,23,25,28,29,35,39],"ascension_level":0}