{"gold_per_floor":[110,35,35,49,62,62,87,87,87,87,415,415,415,433,433,510,510,450,450,450,450,288,288,288,288,288,288,288,288,288,288,288,288,288,288,24,0,0,0,0,0,0,0,0,0,0,0,0,0,0],"floor_reached":51,"playtime":3018,"items_purged":["Defend_B"],"score":1335,"play_id":"84c7b44b-60d5-45f2-b9c6-6f59c83ec89b","local_time":"20190629170959","is_ascension_mode":true,"campfire_choices":[{"data":"Zap","floor":6,"key":"SMITH"},{"data":"Sweeping Beam","floor":8,"key":"SMITH"},{"data":"Compile Driver","floor":12,"key":"SMITH"},{"floor":15,"key":"REST"},{"floor":23,"key":"REST"},{"floor":28,"key":"REST"},{"data":"Coolheaded","floor":30,"key":"SMITH"},{"data":"Melter","floor":32,"key":"SMITH"},{"data":"Fission","floor":40,"key":"SMITH"},{"data":"Redo","floor":44,"key":"SMITH"},{"floor":49,"key":"REST"}],"neow_cost":"NONE","seed_source_timestamp":805849829112117,"circlet_count":0,"master_deck":["AscendersBane","Strike_B","Strike_B","Strike_B","Defend_B","Defend_B","Defend_B","Zap+1","Dualcast","Sweeping Beam+1","Cold Snap+1","Compile Driver+1","Steam","Self Repair","Steam","Coolheaded+1","Electrodynamics","Cold Snap+1","Leap+1","Melter+1","FTL","Machine Learning","Hologram","BootSequence","Fission+1","Go for the Eyes","Turbo","Redo+1","Reinforced Body","Loop+1"],"relics":["Cracked Core","Matryoshka","Shuriken","Du-Vu Doll","Old Coin","Ectoplasm","Boot","Centennial Puzzle","Gambling Chip","Runic Pyramid","Symbiotic Virus","Red Mask","Bag of Marbles","Lantern","Darkstone Periapt","Bronze Scales"],"potions_floor_usage":[11,33,42,50,50],"damage_taken":[{"damage":2,"enemies":"Cultist","floor":1,"turns":4},{"damage":0,"enemies":"Small Slimes","floor":4,"turns":4},{"damage":2,"enemies":"Jaw Worm","floor":5,"turns":3},{"damage":25,"enemies":"Lagavulin","floor":7,"turns":8},{"damage":22,"enemies":"3 Sentries","floor":11,"turns":5},{"damage":12,"enemies":"Exordium Thugs","floor":14,"turns":3},{"damage":33,"enemies":"The Guardian","floor":16,"turns":13},{"damage":20,"enemies":"2 Thieves","floor":18,"turns":3},{"damage":13,"enemies":"Spheric Guardian","floor":19,"turns":4},{"damage":25,"enemies":"Centurion and Healer","floor":20,"turns":7},{"damage":17,"enemies":"Gremlin Leader","floor":24,"turns":5},{"damage":11,"enemies":"Snake Plant","floor":27,"turns":3},{"damage":16,"enemies":"Cultist and Chosen","floor":29,"turns":6},{"damage":0,"enemies":"Sentry and Sphere","floor":31,"turns":2},{"damage":29,"enemies":"Champ","floor":33,"turns":11},{"damage":1,"enemies":"Orb Walker","floor":35,"turns":3},{"damage":0,"enemies":"3 Darklings","floor":39,"turns":3},{"damage":0,"enemies":"Sphere and 2 Shapes","floor":41,"turns":2},{"damage":0,"enemies":"Reptomancer","floor":42,"turns":5},{"damage":32,"enemies":"Giant Head","floor":46,"turns":8},{"damage":1,"enemies":"Writhing Mass","floor":48,"turns":5},{"damage":28,"enemies":"Time Eater","floor":50,"turns":9}],"seed_played":"-862777743744282806","potions_obtained":[{"floor":4,"key":"Swift Potion"},{"floor":16,"key":"Swift Potion"},{"floor":20,"key":"Strength Potion"},{"floor":39,"key":"Weak Potion"},{"floor":48,"key":"Dexterity Potion"}],"is_trial":false,"path_per_floor":["M","?","?","M","M","R","E","R","T","?","E","R","?","M","R","B",null,"M","M","M","?","$","R","E","?","T","M","R","M","R","M","R","B",null,"M","$","?","T","M","R","M","E","T","R","$","E","?","M","R","B",null],"character_chosen":"DEFECT","items_purchased":["FTL","Symbiotic Virus"],"campfire_rested":4,"item_purchase_floors":[22,36],"current_hp_per_floor":[69,69,69,69,67,67,42,42,42,42,27,27,27,15,38,12,62,49,43,25,25,25,48,38,38,38,34,57,48,48,48,48,26,65,71,71,71,71,78,78,78,78,78,78,78,53,53,59,78,57],"gold":0,"neow_bonus":"TEN_PERCENT_HP_BONUS","is_prod":false,"is_daily":false,"chose_seed":false,"campfire_upgraded":7,"win_rate":0,"timestamp":1561842599,"path_taken":["M","?","?","M","?","R","E","R","T","?","E","R","?","M","R","BOSS","M","M","M","?","$","R","E","?","T","?","R","M","R","M","R","BOSS","M","$","?","?","M","R","M","E","T","R","?","E","?","M","R","BOSS"],"build_version":"2019-01-23","purchased_purges":1,"victory":true,"max_hp_per_floor":[78,78,78,78,78,78,78,78,78,78,78,78,78,78,78,78,78,78,78,78,78,78,78,78,78,78,78,78,78,78,78,78,78,78,78,78,78,78,78,78,78,78,78,78,78,78,78,78,78,78],"card_choices":[{"not_picked":["Go for the Eyes","Barrage"],"picked":"Sweeping Beam","floor":1},{"not_picked":["Ball Lightning","White Noise"],"picked":"Compile Driver","floor":4},{"not_picked":["Coolheaded","Go for the Eyes"],"picked":"Steam","floor":5},{"not_picked":["Barrage","Storm"],"picked":"Self Repair","floor":7},{"not_picked":["Conserve Battery","Barrage"],"picked":"Steam","floor":11},{"not_picked":["Steam","Static Discharge"],"picked":"Coolheaded","floor":14},{"not_picked":["Creative AI","Reboot"],"picked":"Electrodynamics","floor":16},{"not_picked":["Rebound","Turbo+1"],"picked":"Cold Snap+1","floor":18},{"not_picked":["Beam Cell","Loop+1"],"picked":"Leap+1","floor":19},{"not_picked":["Consume","Storm"],"picked":"Melter","floor":20},{"not_picked":["Cold Snap","Barrage"],"picked":"Machine Learning","floor":24},{"not_picked":["Recycle","Chill"],"picked":"Hologram","floor":27},{"not_picked":["Streamline","Sweeping Beam"],"picked":"BootSequence","floor":29},{"not_picked":["Loop","Recycle","Steam"],"picked":"SKIP","floor":31},{"not_picked":["Buffer","Amplify"],"picked":"Fission","floor":33},{"not_picked":["Storm","Chill+1"],"picked":"Go for the Eyes","floor":35},{"not_picked":["Compile Driver","Lockon"],"picked":"Turbo","floor":39},{"not_picked":["Leap","Stack","Cold Snap"],"picked":"SKIP","floor":41},{"not_picked":["Tempest+1","Leap"],"picked":"Redo","floor":42},{"not_picked":["Undo","Gash+1"],"picked":"Reinforced Body","floor":46},{"not_picked":["Steam","Hologram"],"picked":"Loop+1","floor":48}],"player_experience":1085742,"relics_obtained":[{"floor":7,"key":"Matryoshka"},{"floor":9,"key":"Shuriken"},{"floor":9,"key":"Du-Vu Doll"},{"floor":11,"key":"Old Coin"},{"floor":24,"key":"Boot"},{"floor":26,"key":"Centennial Puzzle"},{"floor":26,"key":"Gambling Chip"},{"floor":38,"key":"Bag of Marbles"},{"floor":42,"key":"Lantern"},{"floor":43,"key":"Darkstone Periapt"},{"floor":46,"key":"Bronze Scales"}],"event_choices":[{"cards_removed":["Strike_B"],"damage_healed":0,"gold_gain":0,"player_choice":"Card Removal","damage_taken":0,"max_hp_gain":0,"max_hp_loss":0,"event_name":"The Cleric","floor":2,"gold_loss":75},{"damage_healed":0,"gold_gain":0,"player_choice":"1 cards matched","damage_taken":0,"max_hp_gain":0,"max_hp_loss":0,"event_name":"Match and Keep!","floor":3,"gold_loss":0,"cards_obtained":["Cold Snap"]},{"damage_healed":0,"gold_gain":0,"player_choice":"Ignored","damage_taken":0,"max_hp_gain":0,"max_hp_loss":0,"event_name":"Liars Game","floor":10,"gold_loss":0},{"damage_healed":0,"gold_gain":0,"player_choice":"Upgraded","damage_taken":0,"max_hp_gain":0,"max_hp_loss":0,"event_name":"Upgrade Shrine","floor":13,"gold_loss":0,"cards_upgraded":["Cold Snap"]},{"damage_healed":0,"gold_gain":0,"player_choice":"Ignored","damage_taken":0,"max_hp_gain":0,"max_hp_loss":0,"event_name":"Ghosts","floor":21,"gold_loss":0},{"damage_healed":0,"gold_gain":0,"player_choice":"0 cards matched","damage_taken":0,"max_hp_gain":0,"max_hp_loss":0,"event_name":"Match and Keep!","floor":25,"gold_loss":0,"cards_obtained":[]},{"damage_healed":0,"gold_gain":0,"player_choice":"Paid","damage_taken":0,"relics_obtained":["Red Mask"],"max_hp_gain":0,"max_hp_loss":0,"event_name":"Tomb of Lord Red Mask","floor":37,"gold_loss":24},{"damage_healed":0,"gold_gain":0,"player_choice":"Ignored","damage_taken":0,"max_hp_gain":0,"max_hp_loss":0,"event_name":"Mysterious Sphere","floor":47,"gold_loss":0}],"is_beta":false,"boss_relics":[{"not_picked":["Tiny House","White Beast Statue"],"picked":"Ectoplasm"},{"not_picked":["Orrery","Eternal Feather"],"picked":"Runic Pyramid"}],"items_purged_floors":[22],"is_endless":false,"potions_floor_spawned":[4,16,20,24,27,31,39,48],"ascension_level":17}