{"gold_per_floor":[115,125,141,161,171,198,198,223,302,302,302,328,177,197,197,268,268,288,288,301,112,131,160,160,195,195,213,241,25,56,56,56,128,128,146,146,146,166,183,208,222,98,98,125,150,164,180,198,198,198,198,198,20,20],"floor_reached":54,"playtime":5908,"items_purged":["Strike_B","Strike_B","Strike_B","Zap"],"score":1555,"play_id":"cfb018bf-3ef4-4bdb-8d31-90dfc2f13045","local_time":"20190720000229","is_ascension_mode":true,"campfire_choices":[{"floor":7.0,"key":"REST"},{"data":"Defragment","floor":10.0,"key":"SMITH"},{"data":"Loop","floor":15,"key":"SMITH"},{"floor":24,"key":"REST"},{"data":"Biased Cognition","floor":32,"key":"SMITH"},{"floor":49,"key":"RECALL"},{"data":"Capacitor","floor":52,"key":"SMITH"}],"neow_cost":"NONE","seed_source_timestamp":739417743513194,"circlet_count":0,"master_deck":["AscendersBane","Defend_B","Defend_B","Defend_B","Defend_B","Dualcast","Go for the Eyes","Defragment+1","Steam","Ball Lightning","Glacier","Glacier","Loop+1","Echo Form","Sweeping Beam","Self Repair","Hologram","Biased Cognition+1","Hologram","Buffer","Gash","Dark Shackles","Genetic Algorithm","Conserve Battery","Sunder","Core Surge","Turbo","Buffer","Hologram","Coolheaded","Capacitor+1","Conserve Battery+1","Cold Snap","Capacitor","Dark Shackles"],"special_seed":0,"relics":["FrozenCore","Art of War","Bird Faced Urn","Bottled Lightning","Dead Branch","Strawberry","Dream Catcher","Happy Flower","Smiling Mask","Bag of Preparation","StoneCalendar","Runic Pyramid","Anchor","DataDisk","Boot"],"potions_floor_usage":[12,18],"damage_taken":[{"damage":0.0,"enemies":"Small Slimes","floor":1.0,"turns":3.0},{"damage":1.0,"enemies":"Cultist","floor":2.0,"turns":3.0},{"damage":9.0,"enemies":"2 Louse","floor":3.0,"turns":3.0},{"damage":8.0,"enemies":"Large Slime","floor":4.0,"turns":7.0},{"damage":4.0,"enemies":"Blue Slaver","floor":5.0,"turns":3.0},{"damage":32.0,"enemies":"Gremlin Nob","floor":6.0,"turns":5.0},{"damage":10.0,"enemies":"3 Sentries","floor":8.0,"turns":5.0},{"damage":15,"enemies":"Gremlin Nob","floor":12,"turns":4},{"damage":0,"enemies":"Exordium Wildlife","floor":14,"turns":6},{"damage":12,"enemies":"The Guardian","floor":16,"turns":11},{"damage":0,"enemies":"3 Byrds","floor":18,"turns":3},{"damage":0,"enemies":"Spheric Guardian","floor":20,"turns":10},{"damage":14,"enemies":"3 Cultists","floor":22,"turns":6},{"damage":83,"enemies":"Slavers","floor":23,"turns":19},{"damage":16,"enemies":"Book of Stabbing","floor":25,"turns":11},{"damage":38,"enemies":"Centurion and Healer","floor":27,"turns":18},{"damage":29,"enemies":"Slavers","floor":28,"turns":13},{"damage":25,"enemies":"Book of Stabbing","floor":30,"turns":8},{"damage":57,"enemies":"Automaton","floor":33,"turns":13},{"damage":0,"enemies":"3 Shapes","floor":35,"turns":7},{"damage":22,"enemies":"3 Darklings","floor":38,"turns":12},{"damage":1,"enemies":"Maw","floor":39,"turns":10},{"damage":15,"enemies":"Reptomancer","floor":40,"turns":11},{"damage":0,"enemies":"Spire Growth","floor":41,"turns":7},{"damage":0,"enemies":"Giant Head","floor":45,"turns":10},{"damage":0,"enemies":"3 Darklings","floor":46,"turns":8},{"damage":0,"enemies":"Sphere and 2 Shapes","floor":47,"turns":8},{"damage":0,"enemies":"Maw","floor":48,"turns":13},{"damage":0,"enemies":"Time Eater","floor":50,"turns":32},{"damage":98,"enemies":"Shield and Spear","floor":54,"turns":8}],"seed_played":"-6787703216103504787","potions_obtained":[{"floor":2.0,"key":"LiquidBronze"},{"floor":4.0,"key":"Explosive Potion"},{"floor":5.0,"key":"Block Potion"},{"floor":8.0,"key":"EssenceOfSteel"},{"floor":12,"key":"LiquidBronze"},{"floor":16,"key":"Swift Potion"},{"floor":25,"key":"PowerPotion"}],"is_trial":false,"path_per_floor":["M","M","M","M","M","E","R","E","T","R","?","E","$","M","R","B",null,"M","?","M","$","M","E","R","E","T","M","E","$","E","?","R","B",null,"M","?","?","M","M","E","M","$","T","T","E","M","M","M","R","B",null,"R","$","E"],"character_chosen":"DEFECT","items_purchased":["Self Repair","Dark Shackles","Bag of Preparation","Turbo","Capacitor","Capacitor","Dark Shackles"],"campfire_rested":2,"item_purchase_floors":[13,21,29,29,42,53,53],"current_hp_per_floor":[71,70,61,53,49,17,40,30,30,30,30,21,21,47,47,58,73,78,78,78,78,66,26,51,69,69,63,85,85,79,79,79,49,76,85,81,81,81,81,81,81,81,81,81,81,81,81,81,81,81,81,81,81,0],"gold":20,"neow_bonus":"TEN_PERCENT_HP_BONUS","is_prod":false,"is_daily":false,"chose_seed":false,"campfire_upgraded":4,"win_rate":0,"timestamp":1563573749,"path_taken":["M","M","M","M","M","E","R","E","T","R","?","E","?","M","R","BOSS","M","?","?","$","M","E","R","E","T","M","E","$","E","?","R","BOSS","M","?","?","M","M","E","M","$","T","?","E","?","M","M","R","BOSS","R","$","E"],"build_version":"2019-07-17","purchased_purges":4,"victory":false,"max_hp_per_floor":[78,78,78,78,78,78,78,78,78,78,78,78,78,78,78,78,78,78,78,78,78,78,85,85,85,85,85,85,85,85,85,85,85,85,85,81,81,81,81,81,81,81,81,81,81,81,81,81,81,81,81,81,81,81],"card_choices":[{"not_picked":["Turbo","Stack"],"picked":"Go for the Eyes","floor":1.0},{"not_picked":["Leap","Core Surge"],"picked":"Defragment","floor":2.0},{"not_picked":["Darkness","Stack","Hello World"],"picked":"SKIP","floor":3.0},{"not_picked":["Blizzard","Auto Shields"],"picked":"Steam","floor":4.0},{"not_picked":["Capacitor","Redo"],"picked":"Ball Lightning","floor":5.0},{"not_picked":["Static Discharge","Barrage"],"picked":"Glacier","floor":6.0},{"not_picked":["Cold Snap","Compile Driver"],"picked":"Glacier","floor":8.0},{"not_picked":["Turbo","Hello World"],"picked":"Sweeping Beam","floor":12},{"not_picked":["Static Discharge","Leap"],"picked":"Hologram","floor":14},{"not_picked":["Buffer","Rainbow"],"picked":"Biased Cognition","floor":16},{"not_picked":["Stack","Leap"],"picked":"Hologram","floor":18},{"not_picked":["Beam Cell","Auto Shields"],"picked":"Gash","floor":20},{"not_picked":["Skim","Rebound"],"picked":"Genetic Algorithm","floor":22},{"not_picked":["Fusion","Sweeping Beam","Compile Driver"],"picked":"SKIP","floor":23},{"not_picked":["Leap","Streamline"],"picked":"Conserve Battery","floor":25},{"not_picked":["Hello World","Go for the Eyes"],"picked":"Sunder","floor":27},{"not_picked":["Machine Learning","Beam Cell"],"picked":"Core Surge","floor":28},{"not_picked":["Fusion+1","Chaos","Compile Driver"],"picked":"SKIP","floor":30},{"not_picked":["Thunder Strike","Machine Learning"],"picked":"Buffer","floor":33},{"not_picked":["Conserve Battery","Leap"],"picked":"Hologram","floor":35},{"not_picked":["Ball Lightning","Streamline","Reprogram"],"picked":"SKIP","floor":38},{"not_picked":["Rip and Tear","Compile Driver","Beam Cell"],"picked":"SKIP","floor":39},{"not_picked":["Static Discharge","Fusion","Streamline+1"],"picked":"SKIP","floor":40},{"not_picked":["Steam","Consume+1"],"picked":"Coolheaded","floor":41},{"not_picked":["Beam Cell","Meteor Strike","Heatsinks"],"picked":"SKIP","floor":45},{"not_picked":["Gash","Go for the Eyes"],"picked":"Conserve Battery+1","floor":46},{"not_picked":["Blizzard","Stack+1"],"picked":"Cold Snap","floor":47},{"not_picked":["Storm","Redo","Tempest"],"picked":"SKIP","floor":48}],"player_experience":660776,"relics_obtained":[{"floor":6.0,"key":"Art of War"},{"floor":8.0,"key":"Bird Faced Urn"},{"floor":9.0,"key":"Bottled Lightning"},{"floor":12,"key":"Dead Branch"},{"floor":23,"key":"Strawberry"},{"floor":25,"key":"Dream Catcher"},{"floor":26,"key":"Happy Flower"},{"floor":28,"key":"Smiling Mask"},{"floor":30,"key":"StoneCalendar"},{"floor":40,"key":"Anchor"},{"floor":44,"key":"DataDisk"},{"floor":45,"key":"Boot"}],"event_choices":[{"damage_healed":0,"gold_gain":0,"player_choice":"2 cards matched","damage_taken":0,"max_hp_gain":0,"max_hp_loss":0,"event_name":"Match and Keep!","floor":11,"gold_loss":0,"cards_obtained":["Loop","Echo Form"]},{"damage_healed":0,"gold_gain":0,"cards_transformed":["Strike_B"],"player_choice":"Transformed","damage_taken":0,"max_hp_gain":0,"max_hp_loss":0,"event_name":"Transmorgrifier","floor":19,"gold_loss":0,"cards_obtained":["Buffer"]},{"damage_healed":0,"gold_gain":0,"player_choice":"Ignored","damage_taken":0,"max_hp_gain":0,"max_hp_loss":0,"event_name":"Vampires","floor":31,"gold_loss":0},{"damage_healed":0,"gold_gain":0,"player_choice":"Max HP","damage_taken":0,"max_hp_gain":0,"max_hp_loss":4,"event_name":"Winding Halls","floor":36,"gold_loss":0},{"damage_healed":0,"gold_gain":0,"player_choice":"Ignored","damage_taken":0,"max_hp_gain":0,"max_hp_loss":0,"event_name":"Tomb of Lord Red Mask","floor":37,"gold_loss":0}],"is_beta":false,"boss_relics":[{"not_picked":["Runic Dome","Eternal Feather"],"picked":"FrozenCore"},{"not_picked":["Nuclear Battery","Sozu"],"picked":"Runic Pyramid"}],"items_purged_floors":[13,21,29,42],"is_endless":false,"potions_floor_spawned":[2,4,5,8,12,16,25,27,28,30,33,39,40,41,47],"killed_by":"Shield and Spear","ascension_level":15}