{"gold_per_floor":[114,125,137,212,212,212,245,245,245,263,277,26,26,44,44,44],"floor_reached":16,"playtime":658,"items_purged":[],"score":163,"play_id":"5b3f75c3-1cee-49a3-9c9f-40ac54f4ddef","local_time":"20190528191330","is_ascension_mode":true,"campfire_choices":[{"data":"Streamline","floor":6.0,"key":"SMITH"},{"data":"Glacier","floor":8.0,"key":"SMITH"},{"data":"Loop","floor":13.0,"key":"SMITH"},{"data":"Defragment","floor":15.0,"key":"SMITH"}],"neow_cost":"NONE","seed_source_timestamp":7638685983417,"circlet_count":0,"master_deck":["AscendersBane","Strike_B","Strike_B","Strike_B","Defend_B","Defend_B","Defend_B","Defend_B","Zap","Dualcast","Streamline+1","Static Discharge","Cold Snap","Glacier+1","Coolheaded","Barrage","Loop+1","Steam","Defragment+1"],"special_seed":0,"relics":["Cracked Core","Golden Idol","Matryoshka","Omamori","Oddly Smooth Stone","Bronze Scales"],"potions_floor_usage":[],"damage_taken":[{"damage":2.0,"enemies":"2 Louse","floor":1.0,"turns":3.0},{"damage":10.0,"enemies":"Small Slimes","floor":2.0,"turns":3.0},{"damage":1.0,"enemies":"Cultist","floor":3.0,"turns":3.0},{"damage":31.0,"enemies":"3 Sentries","floor":7.0,"turns":6.0},{"damage":11.0,"enemies":"Looter","floor":10.0,"turns":3.0},{"damage":0.0,"enemies":"Blue Slaver","floor":11.0,"turns":5.0},{"damage":11.0,"enemies":"3 Louse","floor":14.0,"turns":3.0},{"damage":7,"enemies":"Hexaghost","floor":16,"turns":9}],"seed_played":"845087411406011293","potions_obtained":[{"floor":1.0,"key":"FocusPotion"},{"floor":3.0,"key":"Regen Potion"},{"floor":14.0,"key":"Ancient Potion"}],"is_trial":false,"path_per_floor":["M","M","M","?","?","R","E","R","T","M","M","$","R","M","R","B"],"character_chosen":"DEFECT","items_purchased":["Bronze Scales","Loop","Steam"],"campfire_rested":0,"item_purchase_floors":[12,12,12],"current_hp_per_floor":[66,56,55,44,44,44,28,28,28,17,17,17,17,6,6,0],"gold":44,"neow_bonus":"REMOVE_CARD","is_prod":false,"is_daily":false,"chose_seed":false,"campfire_upgraded":4,"win_rate":0,"timestamp":1559063610,"path_taken":["M","M","M","?","?","R","E","R","T","M","M","$","R","M","R","BOSS"],"build_version":"2019-01-23","purchased_purges":0,"victory":false,"max_hp_per_floor":[75,75,75,75,69,69,69,69,69,69,69,69,69,69,69,69],"card_choices":[{"not_picked":["Rebound","Chaos"],"picked":"Streamline","floor":1.0},{"not_picked":["Go for the Eyes","Redo"],"picked":"Static Discharge","floor":2.0},{"not_picked":["Lockon","Turbo"],"picked":"Cold Snap","floor":3.0},{"not_picked":["Hologram","Coolheaded"],"picked":"Glacier","floor":7.0},{"not_picked":["Redo","BootSequence"],"picked":"Coolheaded","floor":10.0},{"not_picked":["Streamline","Hyperbeam"],"picked":"Barrage","floor":11.0},{"not_picked":["Conserve Battery","Scrape"],"picked":"Defragment","floor":14.0}],"player_experience":366576,"relics_obtained":[{"floor":7.0,"key":"Matryoshka"},{"floor":9.0,"key":"Omamori"},{"floor":9.0,"key":"Oddly Smooth Stone"}],"event_choices":[{"damage_healed":0.0,"max_hp_gain":0.0,"max_hp_loss":0.0,"gold_gain":75.0,"event_name":"World of Goop","player_choice":"Gather Gold","floor":4.0,"gold_loss":0.0,"damage_taken":11.0},{"damage_healed":0.0,"max_hp_gain":0.0,"max_hp_loss":6.0,"gold_gain":0.0,"event_name":"Golden Idol","player_choice":"Lose Max HP","floor":5.0,"gold_loss":0.0,"damage_taken":0.0,"relics_obtained":["Golden Idol"]}],"is_beta":false,"boss_relics":[],"items_purged_floors":[],"is_endless":false,"potions_floor_spawned":[1,3,14],"killed_by":"Hexaghost","ascension_level":12}