{"gold_per_floor":[115,126,126,126,126,156,156,6,55,55,65,99,109,126,126,224,224,241,258,22,22,22,55,55],"floor_reached":24,"playtime":1547,"items_purged":["Regret"],"score":271,"play_id":"24f1b887-6064-4e84-8ab5-638a62a289f2","local_time":"20191008223531","is_ascension_mode":true,"campfire_choices":[{"data":"Combust","floor":7,"key":"SMITH"},{"data":"Iron Wave","floor":10,"key":"SMITH"},{"data":"Body Slam","floor":15,"key":"SMITH"}],"neow_cost":"NONE","seed_source_timestamp":372173758188000,"circlet_count":0,"master_deck":["Strike_R","Defend_R+1","Defend_R+1","Defend_R","Defend_R","Bash","Combust+1","Iron Wave+1","Inflame","Impervious","Whirlwind","Iron Wave","Shrug It Off","Iron Wave","Cleave","Iron Wave","Pommel Strike","Body Slam+1","Reaper","Pummel+1","Flame Barrier","Body Slam+1","Armaments","Shrug It Off","Evolve","Rampage","Limit Break"],"relics":["Burning Blood","Prayer Wheel","Oddly Smooth Stone","Mercury Hourglass","Black Star","HandDrill","Regal Pillow","Boot"],"potions_floor_usage":[12,19,23,24],"damage_taken":[{"damage":4,"enemies":"2 Louse","floor":1,"turns":4},{"damage":3,"enemies":"Jaw Worm","floor":2,"turns":7},{"damage":26,"enemies":"3 Sentries","floor":6,"turns":7},{"damage":0,"enemies":"Small Slimes","floor":11,"turns":3},{"damage":13,"enemies":"Gremlin Nob","floor":12,"turns":6},{"damage":0,"enemies":"2 Fungi Beasts","floor":13,"turns":2},{"damage":2,"enemies":"Exordium Thugs","floor":14,"turns":4},{"damage":16,"enemies":"The Guardian","floor":16,"turns":10},{"damage":17,"enemies":"Chosen","floor":18,"turns":6},{"damage":33,"enemies":"2 Thieves","floor":19,"turns":4},{"damage":35,"enemies":"Book of Stabbing","floor":23,"turns":6},{"damage":18,"enemies":"Cultist and Chosen","floor":24,"turns":5}],"seed_played":"6135739066706347884","potions_obtained":[{"floor":1,"key":"Regen Potion"},{"floor":16,"key":"Fire Potion"},{"floor":19,"key":"SkillPotion"},{"floor":23,"key":"Poison Potion"}],"is_trial":false,"path_per_floor":["M","M","?","?","?","E","R","$","T","R","M","E","M","M","R","B",null,"M","M","$","?","?","E","M"],"character_chosen":"IRONCLAD","items_purchased":["Whirlwind","HandDrill","Shrug It Off"],"campfire_rested":0,"item_purchase_floors":[8,20,20],"current_hp_per_floor":[80,80,80,64,64,44,44,44,44,44,50,58,64,68,68,58,80,69,54,54,54,39,10,0],"gold":55,"neow_bonus":"REMOVE_CARD","is_prod":false,"is_daily":false,"chose_seed":false,"campfire_upgraded":3,"win_rate":0,"timestamp":1570588531,"path_taken":["M","M","?","?","?","E","R","$","T","R","M","E","M","M","R","BOSS","M","M","$","?","?","E","M"],"build_version":"2019-07-17","purchased_purges":1,"victory":false,"max_hp_per_floor":[80,80,80,80,80,80,80,80,80,80,80,80,80,80,80,80,80,80,80,80,80,85,85,85],"card_choices":[{"not_picked":["Rupture","Sword Boomerang"],"picked":"Combust","floor":1},{"not_picked":["Clothesline","Body Slam"],"picked":"Iron Wave","floor":2},{"not_picked":["Havoc","Warcry"],"picked":"Impervious","floor":6},{"not_picked":["Intimidate","Heavy Blade"],"picked":"Iron Wave","floor":11},{"not_picked":["Flex","Rampage"],"picked":"Shrug It Off","floor":11},{"not_picked":["Evolve","Clash"],"picked":"Iron Wave","floor":12},{"not_picked":["Fiend Fire","Warcry"],"picked":"Cleave","floor":13},{"not_picked":["Flex","Infernal Blade"],"picked":"Iron Wave","floor":13},{"not_picked":["Sword Boomerang","Second Wind"],"picked":"Pommel Strike","floor":14},{"not_picked":["Twin Strike","Wild Strike"],"picked":"Body Slam","floor":14},{"not_picked":["Immolate","Brutality"],"picked":"Reaper","floor":16},{"not_picked":["Corruption","Headbutt"],"picked":"Pummel+1","floor":18},{"not_picked":["Heavy Blade","Wild Strike+1"],"picked":"Flame Barrier","floor":18},{"not_picked":["Thunderclap+1","Spot Weakness+1"],"picked":"Body Slam+1","floor":19},{"not_picked":["Inflame","Cleave"],"picked":"Armaments","floor":19},{"not_picked":["Impervious","Flex"],"picked":"Limit Break","floor":23}],"player_experience":60265,"relics_obtained":[{"floor":6,"key":"Oddly Smooth Stone"},{"floor":12,"key":"Mercury Hourglass"},{"floor":23,"key":"Regal Pillow"},{"floor":23,"key":"Boot"}],"event_choices":[{"damage_healed":0,"gold_gain":0,"cards_transformed":["Strike_R"],"player_choice":"Change","damage_taken":0,"max_hp_gain":0,"max_hp_loss":0,"event_name":"Living Wall","floor":3,"gold_loss":0,"cards_obtained":["Inflame"]},{"damage_healed":0,"gold_gain":0,"player_choice":"Entered Light","damage_taken":16,"max_hp_gain":0,"max_hp_loss":0,"event_name":"Shining Light","floor":4,"gold_loss":0,"cards_upgraded":["Defend_R","Defend_R"]},{"damage_healed":0,"gold_gain":0,"player_choice":"Box","damage_taken":0,"relics_obtained":["Prayer Wheel"],"max_hp_gain":0,"max_hp_loss":0,"event_name":"Big Fish","floor":5,"gold_loss":0,"cards_obtained":["Regret"]},{"damage_healed":0,"gold_gain":0,"cards_transformed":["Strike_R","Strike_R"],"player_choice":"Became Test Subject","damage_taken":0,"max_hp_gain":0,"max_hp_loss":0,"event_name":"Drug Dealer","floor":21,"gold_loss":0,"cards_obtained":["Evolve","Rampage"]},{"damage_healed":0,"gold_gain":0,"player_choice":"Shed Blood","damage_taken":20,"max_hp_gain":5,"max_hp_loss":0,"event_name":"Forgotten Altar","floor":22,"gold_loss":0}],"is_beta":false,"boss_relics":[{"not_picked":["Velvet Choker","Coffee Dripper"],"picked":"Black Star"}],"items_purged_floors":[8],"is_endless":false,"potions_floor_spawned":[1,16,19,23],"killed_by":"Cultist and Chosen","ascension_level":2}