{"gold_per_floor":[14,14,14,30,42,75,91,91,91,166,201,225,225,150,150,247,247,262,274,274,274,291,291,291,301,326,326,326,7,107,123,123,218,218,234,234,250,250,350,350,152,152,152,152,169,169,188,34,34,34],"floor_reached":51,"playtime":3084,"items_purged":["Strike_R","Strike_R+1"],"score":726,"play_id":"a15149fd-c616-48e6-b624-712ff825f4e8","local_time":"20181123221712","is_ascension_mode":false,"campfire_choices":[{"data":"Whirlwind","floor":8,"key":"SMITH"},{"data":"Demon Form","floor":15,"key":"SMITH"},{"data":"True Grit","floor":23,"key":"SMITH"},{"data":"Bash","floor":27,"key":"SMITH"},{"data":"Enlightenment","floor":32,"key":"SMITH"},{"data":"Limit Break","floor":40,"key":"SMITH"},{"data":"Discovery","floor":44,"key":"SMITH"},{"floor":46,"key":"DIG"},{"floor":49,"key":"DIG"}],"neow_cost":"NO_GOLD","seed_source_timestamp":3265914038480680,"circlet_count":0,"master_deck":["Strike_R+1","Defend_R+1","Defend_R+1","Defend_R+1","Defend_R+1","Bash+1","Whirlwind+1","Rampage","True Grit+1","Demon Form+1","Thunderclap","Feed","Immolate","Sword Boomerang","Shrug It Off+1","Discovery+1","Enlightenment+1","Limit Break+1","Flash of Steel","Twin Strike+1","Thunderclap+1"],"special_seed":0,"relics":["Burning Blood","Shovel","FossilizedHelix","Bottled Lightning","Sundial","Magic Flower","Juzu Bracelet","Philosopher\u0027s Stone","Dream Catcher","Centennial Puzzle","Busted Crown","PreservedInsect","Gambling Chip","Anchor","Strawberry","Pen Nib","Mummified Hand"],"potions_floor_usage":[16,33,50,50,50],"damage_taken":[{"damage":5.0,"enemies":"2 Louse","floor":1.0,"turns":3.0},{"damage":0.0,"enemies":"Small Slimes","floor":4.0,"turns":2.0},{"damage":0,"enemies":"Jaw Worm","floor":5,"turns":2},{"damage":18,"enemies":"Lagavulin","floor":6,"turns":6},{"damage":5,"enemies":"Looter","floor":7,"turns":4},{"damage":24,"enemies":"Gremlin Nob","floor":11,"turns":5},{"damage":0,"enemies":"Slime Boss","floor":16,"turns":8},{"damage":0,"enemies":"Spheric Guardian","floor":18,"turns":3},{"damage":28,"enemies":"Shell Parasite","floor":19,"turns":4},{"damage":25,"enemies":"Centurion and Healer","floor":22,"turns":4},{"damage":6,"enemies":"Cultist and Chosen","floor":25,"turns":3},{"damage":0,"enemies":"3 Cultists","floor":31,"turns":3},{"damage":25,"enemies":"Champ","floor":33,"turns":9},{"damage":20,"enemies":"3 Darklings","floor":35,"turns":4},{"damage":0,"enemies":"Orb Walker","floor":37,"turns":2},{"damage":0,"enemies":"Mind Bloom Boss Battle","floor":39,"turns":7},{"damage":0,"enemies":"3 Darklings","floor":45,"turns":2},{"damage":0,"enemies":"Maw","floor":47,"turns":6},{"damage":76,"enemies":"Donu and Deca","floor":50,"turns":6}],"seed_played":"6027289761220972730","potions_obtained":[{"floor":1.0,"key":"BloodPotion"},{"floor":6,"key":"BloodPotion"},{"floor":11,"key":"SteroidPotion"},{"floor":19,"key":"AttackPotion"},{"floor":33,"key":"PowerPotion"}],"is_trial":false,"path_per_floor":["M","?","?","M","M","E","M","R","T","?","E","T","?","$","R","B",null,"M","M","?","?","M","R","?","M","T","R","?","$","?","M","R","B",null,"M","?","M","?","?","R","$","?","T","R","M","R","M","$","R","B",null],"character_chosen":"IRONCLAD","items_purchased":["Centennial Puzzle","Enlightenment","Limit Break","Flash of Steel","Pen Nib"],"campfire_rested":0,"item_purchase_floors":[29,29,29,41,48],"current_hp_per_floor":[80,62,46,52,58,46,47,47,47,36,18,18,11,11,11,32,80,80,61,61,61,45,45,45,53,53,53,45,45,45,54,54,38,83,72,72,86,86,89,89,89,89,89,89,89,96,96,96,96,43],"gold":34,"neow_bonus":"ONE_RARE_RELIC","is_prod":false,"is_daily":false,"chose_seed":false,"campfire_upgraded":7,"win_rate":0,"timestamp":1543029432,"path_taken":["M","?","?","M","M","E","M","R","T","?","E","?","?","?","R","BOSS","M","M","?","?","M","R","?","M","T","R","?","$","?","M","R","BOSS","M","?","M","?","?","R","$","?","T","R","M","R","M","$","R","BOSS"],"build_version":"2018-11-15","purchased_purges":2,"victory":true,"max_hp_per_floor":[80,80,80,80,80,80,80,80,80,80,80,80,80,80,80,80,80,80,80,80,80,80,80,80,83,83,83,83,83,83,83,83,83,83,83,83,86,86,89,89,89,89,89,89,89,96,96,96,96,96],"card_choices":[{"not_picked":["Intimidate","Uppercut"],"picked":"Whirlwind","floor":1.0},{"not_picked":["Iron Wave","Havoc"],"picked":"Rampage","floor":4.0},{"not_picked":["Anger","Seeing Red"],"picked":"True Grit","floor":5},{"not_picked":["Havoc","Sword Boomerang"],"picked":"Demon Form","floor":6},{"not_picked":["True Grit","Warcry"],"picked":"Thunderclap","floor":7},{"not_picked":["Clash","Burning Pact"],"picked":"Feed","floor":11},{"not_picked":["Feed","Berserk"],"picked":"Immolate","floor":16},{"not_picked":["Armaments","Reckless Charge"],"picked":"Sword Boomerang","floor":18},{"not_picked":["Wild Strike+1","True Grit","Havoc"],"picked":"SKIP","floor":19},{"not_picked":["Flex","Pommel Strike+1"],"picked":"Shrug It Off+1","floor":22},{"not_picked":["Armaments","Combust","Pommel Strike+1"],"picked":"SKIP","floor":25},{"not_picked":["Hemokinesis","Body Slam","Wild Strike"],"picked":"SKIP","floor":31},{"not_picked":["Sentinel"],"picked":"SKIP","floor":35},{"not_picked":["True Grit"],"picked":"SKIP","floor":37},{"not_picked":[],"picked":"Twin Strike+1","floor":45},{"not_picked":[],"picked":"Thunderclap+1","floor":47}],"player_experience":570306,"relics_obtained":[{"floor":6,"key":"Bottled Lightning"},{"floor":9,"key":"Sundial"},{"floor":11,"key":"Magic Flower"},{"floor":12,"key":"Juzu Bracelet"},{"floor":26,"key":"Dream Catcher"},{"floor":36,"key":"PreservedInsect"},{"floor":39,"key":"Gambling Chip"},{"floor":43,"key":"Anchor"},{"floor":46,"key":"Strawberry"},{"floor":49,"key":"Mummified Hand"}],"event_choices":[{"damage_healed":0.0,"max_hp_gain":0.0,"max_hp_loss":0.0,"gold_gain":0.0,"event_name":"Scrap Ooze","player_choice":"Success","floor":2.0,"gold_loss":0.0,"damage_taken":18.0,"relics_obtained":["FossilizedHelix"]},{"damage_healed":0.0,"max_hp_gain":0.0,"max_hp_loss":0.0,"gold_gain":0.0,"event_name":"Shining Light","player_choice":"Entered Light","floor":3.0,"gold_loss":0.0,"damage_taken":16.0,"cards_upgraded":["Strike_R","Strike_R"]},{"damage_healed":0,"gold_gain":75,"player_choice":"Gather Gold","damage_taken":11,"max_hp_gain":0,"max_hp_loss":0,"event_name":"World of Goop","floor":10,"gold_loss":0},{"cards_removed":["Strike_R"],"damage_healed":0,"gold_gain":0,"player_choice":"Card Removal","damage_taken":7,"max_hp_gain":0,"max_hp_loss":0,"event_name":"Golden Wing","floor":13,"gold_loss":0},{"damage_healed":0,"gold_gain":0,"player_choice":"Simplicity","damage_taken":0,"max_hp_gain":0,"max_hp_loss":0,"event_name":"Back to Basics","floor":20,"gold_loss":0,"cards_upgraded":["Strike_R","Defend_R","Defend_R","Defend_R","Defend_R"]},{"damage_healed":0,"gold_gain":0,"player_choice":"Ignored","damage_taken":0,"max_hp_gain":0,"max_hp_loss":0,"event_name":"NoteForYourself","floor":21,"gold_loss":0},{"damage_healed":0,"gold_gain":0,"player_choice":"1 cards matched","damage_taken":0,"max_hp_gain":0,"max_hp_loss":0,"event_name":"Match and Keep!","floor":24,"gold_loss":0,"cards_obtained":["Discovery"]},{"damage_healed":0,"gold_gain":0,"player_choice":"Damaged","damage_taken":8,"max_hp_gain":0,"max_hp_loss":0,"event_name":"Wheel of Change","floor":28,"gold_loss":0},{"damage_healed":0,"gold_gain":100,"player_choice":"Pray","damage_taken":0,"max_hp_gain":0,"max_hp_loss":0,"event_name":"Golden Shrine","floor":30,"gold_loss":0},{"damage_healed":0,"gold_gain":0,"player_choice":"Relic","damage_taken":0,"max_hp_gain":0,"max_hp_loss":0,"event_name":"Wheel of Change","floor":36,"gold_loss":0},{"damage_healed":0,"gold_gain":0,"player_choice":"Ignored","damage_taken":0,"max_hp_gain":0,"max_hp_loss":0,"event_name":"Tomb of Lord Red Mask","floor":38,"gold_loss":0},{"damage_healed":0,"gold_gain":0,"player_choice":"Fight","damage_taken":0,"max_hp_gain":0,"max_hp_loss":0,"event_name":"MindBloom","floor":39,"gold_loss":0},{"cards_removed":["Strike_R"],"damage_healed":0,"gold_gain":0,"player_choice":"Offered Basic","damage_taken":0,"max_hp_gain":0,"max_hp_loss":0,"event_name":"Bonfire Elementals","floor":42,"gold_loss":0}],"is_beta":false,"boss_relics":[{"not_picked":["Black Star","White Beast Statue"],"picked":"Philosopher\u0027s Stone"},{"not_picked":["Astrolabe","Tiny House"],"picked":"Busted Crown"}],"items_purged_floors":[14,41],"is_endless":false,"potions_floor_spawned":[1,6,11,19,31,33,35,37],"ascension_level":0}