{"gold_per_floor":[112,112,128,128,148,160,179,179,179,209,209,209,209,238,238,333,333,351,351,351,44,61,61,89,101,125,125,125,143,143,162,162,263,263,276,276,276,19,34,63,63,80,160,191,201,201,201,248,248,248],"floor_reached":51,"playtime":5516,"items_purged":[],"score":758,"play_id":"368c7061-1372-4a45-b7c3-7c6d9793421e","local_time":"20180901223145","is_ascension_mode":false,"campfire_choices":[{"data":"Dash","floor":8,"key":"SMITH"},{"data":"Eviscerate","floor":11,"key":"SMITH"},{"data":"Backflip","floor":13,"key":"SMITH"},{"data":"Predator","floor":15,"key":"SMITH"},{"floor":23,"key":"REST"},{"floor":28,"key":"REST"},{"data":"Infinite Blades","floor":30,"key":"SMITH"},{"data":"Backflip","floor":32,"key":"SMITH"},{"floor":41,"key":"REST"},{"floor":46,"key":"REST"},{"floor":49,"key":"REST"}],"neow_cost":"NONE","seed_source_timestamp":1453426436202209,"circlet_count":0,"master_deck":["Defend_G","Defend_G","Defend_G","Defend_G","Defend_G","Strike_G","Strike_G","Strike_G","Strike_G","Strike_G","Survivor","Neutralize+1","Expertise","Jack Of All Trades","Dash+1","Backflip+1","Backflip+1","Infinite Blades+1","Eviscerate+1","Predator+1","Adrenaline+1","Acrobatics+1","Dodge and Roll+1","Dodge and Roll+1","Footwork+1","Burst+1","Tactician+1","Madness+1","Madness+1","Cloak And Dagger+1","Poisoned Stab+1","Riddle With Holes+1","Phantasmal Killer+1"],"relics":["HoveringKite","Paper Crane","Tingsha","Toxic Egg 2","Runic Pyramid","Nilry\u0027s Codex","Kunai","Incense Burner","Juzu Bracelet","Happy Flower","Lizard Tail","ClockworkSouvenir","Turnip","Mummified Hand","Mango","Unceasing Top"],"potions_floor_usage":[10,22,33,50,50],"damage_taken":[{"damage":7,"enemies":"Cultist","floor":1,"turns":6},{"damage":0,"enemies":"Jaw Worm","floor":3,"turns":7},{"damage":0,"enemies":"Small Slimes","floor":5,"turns":4},{"damage":0,"enemies":"2 Fungi Beasts","floor":6,"turns":4},{"damage":8,"enemies":"Exordium Wildlife","floor":7,"turns":7},{"damage":0,"enemies":"3 Sentries","floor":10,"turns":6},{"damage":5,"enemies":"Lagavulin","floor":14,"turns":4},{"damage":7,"enemies":"Hexaghost","floor":16,"turns":8},{"damage":2,"enemies":"Shell Parasite","floor":18,"turns":3},{"damage":5,"enemies":"Spheric Guardian","floor":22,"turns":3},{"damage":20,"enemies":"Slavers","floor":24,"turns":6},{"damage":0,"enemies":"Centurion and Healer","floor":25,"turns":5},{"damage":3,"enemies":"Chosen and Byrds","floor":29,"turns":4},{"damage":3,"enemies":"Snecko","floor":31,"turns":4},{"damage":7,"enemies":"Collector","floor":33,"turns":9},{"damage":8,"enemies":"Orb Walker","floor":35,"turns":4},{"damage":1,"enemies":"3 Shapes","floor":39,"turns":3},{"damage":2,"enemies":"Nemesis","floor":40,"turns":7},{"damage":16,"enemies":"3 Darklings","floor":42,"turns":6},{"damage":0,"enemies":"Giant Head","floor":44,"turns":6},{"damage":0,"enemies":"Sphere and 2 Shapes","floor":45,"turns":6},{"damage":4,"enemies":"Mysterious Sphere","floor":48,"turns":5},{"damage":15,"enemies":"Awakened One","floor":50,"turns":6}],"seed_played":"5688086029578537843","potions_obtained":[{"floor":1,"key":"Swift Potion"},{"floor":3,"key":"Strength Potion"},{"floor":6,"key":"Ancient Potion"},{"floor":7,"key":"AttackPotion"},{"floor":16,"key":"SkillPotion"},{"floor":24,"key":"PowerPotion"},{"floor":35,"key":"Energy Potion"}],"is_trial":false,"path_per_floor":["M","$","M","?","M","M","M","R","T","E","R","?","R","E","R","B",null,"M","?","T","$","M","R","E","M","T","?","R","M","R","M","R","B",null,"M","?","?","$","M","E","R","M","T","E","M","R","?","?","R","B"],"character_chosen":"THE_SILENT","items_purchased":["Incense Burner","ClockworkSouvenir","SteroidPotion"],"campfire_rested":5,"item_purchase_floors":[21,38,38],"current_hp_per_floor":[63,63,63,63,63,63,55,55,55,55,55,55,55,50,50,43,70,68,52,52,52,47,68,48,48,48,48,69,66,66,63,63,56,70,62,53,53,53,52,50,70,54,54,68,68,84,84,80,84,69],"gold":248,"neow_bonus":"BOSS_RELIC","is_prod":false,"is_daily":false,"chose_seed":false,"campfire_upgraded":6,"win_rate":0,"timestamp":1535855505,"path_taken":["M","$","?","?","M","M","M","R","T","E","R","?","R","E","R","BOSS","M","?","?","$","M","R","E","M","T","?","R","M","R","M","R","BOSS","M","?","?","$","M","E","R","M","T","E","M","R","?","?","R","BOSS"],"build_version":"2018-08-30","purchased_purges":0,"victory":true,"max_hp_per_floor":[70,70,70,70,70,70,70,70,70,70,70,70,70,70,70,70,70,70,70,70,70,70,70,70,70,70,70,70,70,70,70,70,70,70,70,70,70,70,70,70,70,70,70,84,84,84,84,84,84,84],"card_choices":[{"not_picked":["Heel Hook","PiercingWail","Bane"],"picked":"SKIP","floor":1},{"not_picked":["Well Laid Plans","Outmaneuver"],"picked":"Expertise","floor":3},{"not_picked":["Dagger Spray","Finisher"],"picked":"Backflip","floor":5},{"not_picked":["Leg Sweep","Concentrate"],"picked":"Backflip","floor":6},{"not_picked":["Slice","Dagger Spray"],"picked":"Infinite Blades","floor":7},{"not_picked":["Skewer","Dagger Throw"],"picked":"Eviscerate","floor":10},{"not_picked":["Dagger Throw","Caltrops"],"picked":"Predator","floor":14},{"not_picked":["Bullet Time+1","Venomology+1"],"picked":"Adrenaline+1","floor":16},{"not_picked":["Prepared+1","Endless Agony"],"picked":"Acrobatics+1","floor":18},{"not_picked":["Sucker Punch","Backstab"],"picked":"Dodge and Roll+1","floor":22},{"not_picked":["Finisher","Quick Slash"],"picked":"Dodge and Roll+1","floor":24},{"not_picked":["Blade Dance+1","Envenom","Dagger Spray+1"],"picked":"SKIP","floor":25},{"not_picked":["Distraction+1","Underhanded Strike"],"picked":"Footwork+1","floor":29},{"not_picked":["Catalyst+1","Backflip+1","Prepared+1"],"picked":"SKIP","floor":31},{"not_picked":["Doppelganger+1","Phantasmal Killer+1"],"picked":"Burst+1","floor":33},{"not_picked":["Acrobatics+1","Underhanded Strike"],"picked":"Tactician+1","floor":35},{"not_picked":["Riddle With Holes+1","Deadly Poison+1"],"picked":"Cloak And Dagger+1","floor":39},{"not_picked":["Tools of the Trade","Poisoned Stab+1","Infinite Blades+1"],"picked":"SKIP","floor":40},{"not_picked":["Blade Dance+1","Quick Slash","Outmaneuver+1"],"picked":"SKIP","floor":42},{"not_picked":["Outmaneuver+1","Cloak And Dagger+1"],"picked":"Poisoned Stab+1","floor":44},{"not_picked":["PiercingWail+1","Prepared+1"],"picked":"Riddle With Holes+1","floor":45},{"not_picked":["Expertise+1","Masterful Stab+1"],"picked":"Phantasmal Killer+1","floor":48}],"player_experience":354122,"relics_obtained":[{"floor":9,"key":"Paper Crane"},{"floor":10,"key":"Tingsha"},{"floor":14,"key":"Toxic Egg 2"},{"floor":19,"key":"Nilry\u0027s Codex"},{"floor":20,"key":"Kunai"},{"floor":24,"key":"Juzu Bracelet"},{"floor":26,"key":"Happy Flower"},{"floor":40,"key":"Turnip"},{"floor":43,"key":"Mummified Hand"},{"floor":44,"key":"Mango"},{"floor":48,"key":"Unceasing Top"}],"event_choices":[{"event_name":"Match and Keep!","player_choice":"2 cards matched","floor":4,"damage_taken":0},{"event_name":"Upgrade Shrine","player_choice":"Upgraded","floor":12,"damage_taken":0},{"event_name":"Cursed Tome","player_choice":"Obtained Book","floor":19,"damage_taken":0},{"event_name":"Drug Dealer","player_choice":"Got JAX","floor":27,"damage_taken":0},{"event_name":"Winding Halls","player_choice":"Embrace Madness","floor":36,"damage_taken":0},{"event_name":"Falling","player_choice":"Removed Skill","floor":37,"damage_taken":0},{"event_name":"The Woman in Blue","player_choice":"Bought 0 Potions","floor":47,"damage_taken":0},{"event_name":"Mysterious Sphere","player_choice":"Fight","floor":48,"damage_taken":0}],"is_beta":false,"boss_relics":[{"not_picked":["Pandora\u0027s Box","Tiny House"],"picked":"Runic Pyramid"},{"not_picked":["Sozu","Eternal Feather"],"picked":"Lizard Tail"}],"items_purged_floors":[],"is_endless":false,"potions_floor_spawned":[1,3,6,7,16,24,25,31,35,44],"ascension_level":0}