{"gold_per_floor":[114,114,114,94,106,106,133,146,146,146,177,197,213,18,18,91,91,107,107,47,60,60,60],"floor_reached":23,"playtime":1017,"items_purged":[],"score":348,"play_id":"117ef03d-7db2-48d9-9055-ece9f4281d81","local_time":"20190616183022","is_ascension_mode":true,"campfire_choices":[{"data":"Neutralize","floor":6,"key":"SMITH"},{"floor":10,"key":"REST"},{"data":"Caltrops","floor":15,"key":"SMITH"}],"neow_cost":"NONE","seed_source_timestamp":2304479106729988,"circlet_count":0,"master_deck":["AscendersBane","Defend_G","Defend_G","Defend_G","Defend_G+1","Defend_G","Strike_G","Strike_G","Strike_G","Strike_G+1","Strike_G","Survivor+1","Neutralize+1","Dagger Spray+1","Footwork","PiercingWail","All Out Attack","Terror","Caltrops+1","After Image","Malaise","Footwork","Backflip","Blur","Caltrops","Well Laid Plans","Dodge and Roll"],"relics":["Ring of the Snake","Pantograph","Bottled Lightning","Whetstone","Lee\u0027s Waffle","Orrery"],"potions_floor_usage":[7,11,23,23],"damage_taken":[{"damage":0,"enemies":"Small Slimes","floor":1,"turns":3},{"damage":1,"enemies":"Jaw Worm","floor":5,"turns":3},{"damage":20,"enemies":"Gremlin Nob","floor":7,"turns":7},{"damage":0,"enemies":"Cultist","floor":8,"turns":4},{"damage":25,"enemies":"Lagavulin","floor":11,"turns":8},{"damage":2,"enemies":"Looter","floor":12,"turns":4},{"damage":15,"enemies":"Exordium Wildlife","floor":13,"turns":4},{"damage":34,"enemies":"The Guardian","floor":16,"turns":12},{"damage":41,"enemies":"Chosen","floor":18,"turns":7},{"damage":2,"enemies":"2 Thieves","floor":20,"turns":4},{"damage":15,"enemies":"Snake Plant","floor":21,"turns":8},{"damage":20,"enemies":"Gremlin Leader","floor":23,"turns":8}],"seed_played":"5455199809130346216","potions_obtained":[{"floor":4,"key":"GhostInAJar"},{"floor":8,"key":"EssenceOfSteel"},{"floor":11,"key":"GhostInAJar"},{"floor":12,"key":"Energy Potion"},{"floor":18,"key":"EssenceOfSteel"}],"is_trial":false,"path_per_floor":["M","?","?","?","M","R","E","M","T","R","E","M","M","$","R","B",null,"M","?","M","M","?","E"],"character_chosen":"THE_SILENT","items_purchased":["Lee\u0027s Waffle"],"campfire_rested":1,"item_purchase_floors":[14],"current_hp_per_floor":[65,43,48,48,47,47,27,27,27,50,25,23,8,84,84,50,76,35,35,33,18,18,0],"gold":60,"neow_bonus":"TEN_PERCENT_HP_BONUS","is_prod":false,"is_daily":false,"chose_seed":false,"campfire_upgraded":2,"win_rate":0,"timestamp":1560724222,"path_taken":["M","?","?","?","M","R","E","M","T","R","E","M","?","$","R","BOSS","M","?","M","M","?","E"],"build_version":"2019-01-23","purchased_purges":0,"victory":false,"max_hp_per_floor":[72,72,77,77,77,77,77,77,77,77,77,77,77,84,84,84,84,84,84,84,84,84,84],"card_choices":[{"not_picked":["Dagger Throw","Quick Slash"],"picked":"Dagger Spray","floor":1},{"not_picked":["Finisher","Flechettes"],"picked":"Footwork","floor":5},{"not_picked":["Calculated Gamble","Underhanded Strike"],"picked":"PiercingWail","floor":7},{"not_picked":["Sucker Punch","PiercingWail"],"picked":"All Out Attack","floor":8},{"not_picked":["Eviscerate","Setup"],"picked":"Terror","floor":11},{"not_picked":["Finisher","Concentrate"],"picked":"Caltrops","floor":12},{"not_picked":["Sucker Punch","Acrobatics"],"picked":"After Image","floor":13},{"not_picked":["Tools of the Trade","Unload"],"picked":"Malaise","floor":16},{"not_picked":["Backflip","Prepared"],"picked":"Footwork","floor":17},{"not_picked":["Predator","Flechettes"],"picked":"Backflip","floor":17},{"not_picked":["Prepared","Endless Agony"],"picked":"Blur","floor":17},{"not_picked":["Acrobatics","Underhanded Strike"],"picked":"Caltrops","floor":17},{"not_picked":["Cloak And Dagger","Outmaneuver"],"picked":"Well Laid Plans","floor":17},{"not_picked":["Calculated Gamble","Distraction","Corpse Explosion"],"picked":"SKIP","floor":18},{"not_picked":["Backflip","Dagger Throw"],"picked":"Dodge and Roll","floor":20},{"not_picked":["Tactician","Sucker Punch","Acrobatics"],"picked":"SKIP","floor":21}],"player_experience":1019398,"relics_obtained":[{"floor":7,"key":"Pantograph"},{"floor":9,"key":"Bottled Lightning"},{"floor":11,"key":"Whetstone"}],"event_choices":[{"damage_healed":0,"gold_gain":0,"player_choice":"Entered Light","damage_taken":22,"max_hp_gain":0,"max_hp_loss":0,"event_name":"Shining Light","floor":2,"gold_loss":0,"cards_upgraded":["Defend_G","Survivor"]},{"damage_healed":0,"gold_gain":0,"player_choice":"Donut","damage_taken":0,"max_hp_gain":5,"max_hp_loss":0,"event_name":"Big Fish","floor":3,"gold_loss":0},{"damage_healed":0,"gold_gain":0,"player_choice":"Bought 1 Potion","damage_taken":0,"max_hp_gain":0,"max_hp_loss":0,"event_name":"The Woman in Blue","floor":4,"gold_loss":0},{"damage_healed":0,"gold_gain":0,"player_choice":"Ignored","damage_taken":0,"max_hp_gain":0,"max_hp_loss":0,"event_name":"Ghosts","floor":19,"gold_loss":0},{"damage_healed":0,"gold_gain":0,"player_choice":"Ignored","damage_taken":0,"max_hp_gain":0,"max_hp_loss":0,"event_name":"Vampires","floor":22,"gold_loss":0}],"is_beta":false,"boss_relics":[{"not_picked":["Lizard Tail","White Beast Statue"],"picked":"Orrery"}],"items_purged_floors":[],"is_endless":false,"potions_floor_spawned":[8,11,12,13,18,21],"killed_by":"Gremlin Leader","ascension_level":15}