{"gold_per_floor":[359,66,66,66,83,109,123,156,156,166,177,204,129,144,144,249,249,265,154,188,188,203,203,236,236,307,207,226,256,271,340,340,436,436,452,471,471,481,481,481,516,516,516,79,89,114,129,54,54,54,54,54,54,81,81],"floor_reached":55,"playtime":4017,"items_purged":["Strike_R","Injury","Doubt"],"score":834,"play_id":"dd3744c8-3c6d-4c58-8726-803d676ee0d3","local_time":"20190513212225","is_ascension_mode":false,"campfire_choices":[{"data":"Body Slam","floor":15.0,"key":"SMITH"},{"data":"True Grit","floor":23.0,"key":"SMITH"},{"data":"Body Slam","floor":25.0,"key":"SMITH"},{"data":"Battle Trance","floor":32.0,"key":"SMITH"},{"data":"Body Slam","floor":40.0,"key":"SMITH"},{"data":"Bash","floor":42.0,"key":"SMITH"},{"floor":49.0,"key":"RECALL"},{"data":"Rage","floor":52.0,"key":"SMITH"}],"neow_cost":"TEN_PERCENT_HP_LOSS","seed_source_timestamp":231108311799050,"circlet_count":0,"master_deck":["Strike_R","Strike_R","Strike_R","Strike_R","Defend_R","Defend_R","Defend_R","Bash+1","Flame Barrier","Wild Strike","True Grit+1","Power Through","Shockwave","Body Slam+1","Twin Strike","Body Slam+1","Battle Trance+1","Rage","Shrug It Off","Juggernaut","Rage+1","Second Wind","Spot Weakness","Body Slam+1","Sword Boomerang+1","Feed","True Grit+1","Burning Pact","Disarm+1","Intimidate+1","Metallicize"],"special_seed":0,"relics":["Burning Blood","Strawberry","Kunai","Torii","Singing Bowl","Oddly Smooth Stone","Cursed Key","Red Mask","Bag of Preparation","Darkstone Periapt","Blue Candle","Sozu","Spirit Poop","Bronze Scales","Letter Opener","Thread and Needle","Lantern","Happy Flower"],"potions_floor_usage":[55,55],"damage_taken":[{"damage":5.0,"enemies":"2 Louse","floor":1.0,"turns":4.0},{"damage":7.0,"enemies":"Cultist","floor":5.0,"turns":5.0},{"damage":42.0,"enemies":"Gremlin Nob","floor":6.0,"turns":6.0},{"damage":0.0,"enemies":"Jaw Worm","floor":7.0,"turns":4.0},{"damage":18.0,"enemies":"3 Sentries","floor":8.0,"turns":7.0},{"damage":1.0,"enemies":"Blue Slaver","floor":10.0,"turns":5.0},{"damage":7.0,"enemies":"Exordium Thugs","floor":11.0,"turns":5.0},{"damage":20.0,"enemies":"Lagavulin","floor":12.0,"turns":7.0},{"damage":6.0,"enemies":"Gremlin Gang","floor":14.0,"turns":6.0},{"damage":21.0,"enemies":"The Guardian","floor":16.0,"turns":13.0},{"damage":1.0,"enemies":"Chosen","floor":18.0,"turns":5.0},{"damage":18.0,"enemies":"Masked Bandits","floor":20.0,"turns":6.0},{"damage":2.0,"enemies":"2 Thieves","floor":22.0,"turns":4.0},{"damage":3.0,"enemies":"Book of Stabbing","floor":24.0,"turns":5.0},{"damage":1.0,"enemies":"Snecko","floor":28.0,"turns":4.0},{"damage":18.0,"enemies":"Slavers","floor":29.0,"turns":5.0},{"damage":1.0,"enemies":"Snake Plant","floor":30.0,"turns":3.0},{"damage":86.0,"enemies":"Champ","floor":33.0,"turns":13.0},{"damage":0.0,"enemies":"Orb Walker","floor":35.0,"turns":2.0},{"damage":1.0,"enemies":"3 Darklings","floor":36.0,"turns":6.0},{"damage":11.0,"enemies":"Sphere and 2 Shapes","floor":38.0,"turns":4.0},{"damage":24.0,"enemies":"Reptomancer","floor":41.0,"turns":6.0},{"damage":10.0,"enemies":"Writhing Mass","floor":45.0,"turns":4.0},{"damage":15.0,"enemies":"Giant Head","floor":46.0,"turns":7.0},{"damage":0.0,"enemies":"Transient","floor":47.0,"turns":5.0},{"damage":33.0,"enemies":"Awakened One","floor":50.0,"turns":12.0},{"damage":0.0,"enemies":"Shield and Spear","floor":54.0,"turns":7.0},{"damage":116,"enemies":"The Heart","floor":55,"turns":11}],"seed_played":"5104842906183981169","potions_obtained":[{"floor":5.0,"key":"Energy Potion"},{"floor":8.0,"key":"SteroidPotion"},{"floor":10.0,"key":"Weak Potion"},{"floor":16.0,"key":"BloodPotion"},{"floor":22.0,"key":"FearPotion"},{"floor":24.0,"key":"SpeedPotion"}],"is_trial":false,"path_per_floor":["M","$","?","?","M","E","M","E","T","M","M","E","$","M","R","B",null,"M","$","?","?","M","R","E","R","T","$","M","E","M","T","R","B",null,"M","M","?","M","?","R","E","R","T","$","M","E","M","$","R","B",null,"R","$","E","B"],"character_chosen":"IRONCLAD","items_purchased":["Wild Strike","True Grit","Power Through","Strawberry","Second Wind","Spot Weakness","Thread and Needle","Metallicize"],"campfire_rested":0,"item_purchase_floors":[2,2,2,2,19,19,44,48],"current_hp_per_floor":[72,79,84,84,83,47,53,41,41,46,45,31,31,31,31,16,84,84,84,74,74,80,80,83,83,83,83,88,78,85,91,91,11,98,98,100,100,98,98,98,82,82,88,88,86,77,83,83,83,56,113,113,113,115,0],"gold":81,"neow_bonus":"TWO_FIFTY_GOLD","is_prod":false,"is_daily":false,"chose_seed":false,"campfire_upgraded":7,"win_rate":0,"timestamp":1557796945,"path_taken":["M","$","?","?","?","E","M","E","T","M","M","E","?","M","R","BOSS","M","$","?","?","M","R","E","R","T","$","M","E","M","?","R","BOSS","M","M","?","?","?","R","E","R","T","?","M","E","M","$","R","BOSS","R","$","E","BOSS"],"build_version":"2019-01-23","purchased_purges":3,"victory":false,"max_hp_per_floor":[72,79,84,84,84,84,84,84,84,84,84,84,84,84,84,84,84,84,84,86,86,88,88,88,88,88,88,88,90,92,98,98,98,98,98,100,100,103,103,103,105,105,111,111,113,113,113,113,113,113,113,113,113,115,115],"card_choices":[{"not_picked":["Heavy Blade","Anger"],"picked":"Flame Barrier","floor":1.0},{"not_picked":["Fire Breathing","Cleave"],"picked":"Body Slam","floor":5.0},{"not_picked":["Blood for Blood","Searing Blow","Heavy Blade"],"picked":"SKIP","floor":6.0},{"not_picked":["Pummel","Perfected Strike"],"picked":"Twin Strike","floor":7.0},{"not_picked":["Reckless Charge","Whirlwind","Wild Strike"],"picked":"SKIP","floor":8.0},{"not_picked":["Reckless Charge","Headbutt"],"picked":"Body Slam","floor":10.0},{"not_picked":["Anger","Reckless Charge"],"picked":"Battle Trance","floor":11.0},{"not_picked":["Power Through","Dark Embrace"],"picked":"Rage","floor":12.0},{"not_picked":["Perfected Strike","Intimidate"],"picked":"Shrug It Off","floor":14.0},{"not_picked":["Berserk","Fiend Fire"],"picked":"Juggernaut","floor":16.0},{"not_picked":["Intimidate","Whirlwind+1"],"picked":"Rage","floor":18.0},{"not_picked":["Rupture+1","Clothesline","Wild Strike+1"],"picked":"Singing Bowl","floor":20.0},{"not_picked":["Wild Strike","Havoc","Pummel"],"picked":"Singing Bowl","floor":22.0},{"not_picked":["Wild Strike","Iron Wave"],"picked":"Body Slam","floor":24.0},{"not_picked":["Body Slam","Heavy Blade"],"picked":"Sword Boomerang+1","floor":28.0},{"not_picked":["Sword Boomerang","Heavy Blade","Havoc"],"picked":"Singing Bowl","floor":29.0},{"not_picked":["Reckless Charge+1","Dark Embrace","Clash+1"],"picked":"Singing Bowl","floor":30.0},{"not_picked":["Limit Break","Dark Embrace"],"picked":"Feed","floor":33.0},{"not_picked":["Body Slam","Perfected Strike"],"picked":"True Grit+1","floor":35.0},{"not_picked":["Hemokinesis+1","Flame Barrier+1","Pommel Strike"],"picked":"Singing Bowl","floor":36.0},{"not_picked":["Cleave","Havoc"],"picked":"Burning Pact","floor":38.0},{"not_picked":["Cleave+1","Dropkick+1","Rage"],"picked":"Singing Bowl","floor":41.0},{"not_picked":["Flex","Cleave","Headbutt"],"picked":"Singing Bowl","floor":45.0},{"not_picked":["Pommel Strike+1","Thunderclap"],"picked":"Disarm+1","floor":46.0},{"not_picked":["Headbutt+1","Flex+1"],"picked":"Intimidate+1","floor":47.0},{"not_picked":["Shockwave","Bludgeon","Thunderclap"],"picked":"Singing Bowl","floor":54.0}],"player_experience":890882,"relics_obtained":[{"floor":6.0,"key":"Kunai"},{"floor":8.0,"key":"Torii"},{"floor":9.0,"key":"Singing Bowl"},{"floor":12.0,"key":"Oddly Smooth Stone"},{"floor":20.0,"key":"Red Mask"},{"floor":24.0,"key":"Bag of Preparation"},{"floor":29.0,"key":"Darkstone Periapt"},{"floor":31.0,"key":"Blue Candle"},{"floor":41.0,"key":"Bronze Scales"},{"floor":43.0,"key":"Letter Opener"},{"floor":46.0,"key":"Lantern"},{"floor":54.0,"key":"Happy Flower"}],"event_choices":[{"damage_healed":0.0,"max_hp_gain":5.0,"max_hp_loss":0.0,"gold_gain":0.0,"event_name":"Big Fish","player_choice":"Donut","floor":3.0,"gold_loss":0.0,"damage_taken":0.0},{"damage_healed":0.0,"max_hp_gain":0.0,"max_hp_loss":0.0,"gold_gain":0.0,"cards_transformed":["Defend_R"],"event_name":"Transmorgrifier","player_choice":"Transformed","floor":4.0,"gold_loss":0.0,"damage_taken":0.0,"cards_obtained":["Shockwave"]},{"damage_healed":0.0,"max_hp_gain":0.0,"max_hp_loss":0.0,"gold_gain":0.0,"event_name":"Masked Bandits","player_choice":"Fought Bandits","floor":20.0,"gold_loss":0.0,"damage_taken":0.0},{"damage_healed":0.0,"max_hp_gain":0.0,"max_hp_loss":0.0,"gold_gain":0.0,"event_name":"Ghosts","player_choice":"Ignored","floor":21.0,"gold_loss":0.0,"damage_taken":0.0},{"cards_removed":["Normality"],"damage_healed":0.0,"max_hp_gain":0.0,"max_hp_loss":0.0,"gold_gain":0.0,"event_name":"Bonfire Elementals","player_choice":"Offered Curse","floor":37.0,"gold_loss":0.0,"damage_taken":0.0,"relics_obtained":["Spirit Poop"]},{"damage_healed":0.0,"max_hp_gain":0.0,"max_hp_loss":0.0,"gold_gain":0.0,"event_name":"The Woman in Blue","player_choice":"Bought 0 Potions","floor":39.0,"gold_loss":0.0,"damage_taken":0.0}],"is_beta":false,"boss_relics":[{"not_picked":["Runic Cube","Runic Dome"],"picked":"Cursed Key"},{"not_picked":["Fusion Hammer","Snecko Eye"],"picked":"Sozu"}],"items_purged_floors":[13,27,44],"is_endless":false,"potions_floor_spawned":[5,8,10,14,16,22,24,33,35,41,47],"killed_by":"The Heart","ascension_level":0}