{"gold_per_floor":[117,117,136,155,155,184,184,210,210,237,8,25,25,43,43,114,114,134,134],"floor_reached":19,"playtime":845,"items_purged":["Strike_B"],"score":365,"play_id":"0e6e5797-9ac9-49a3-9df2-d3b2c5309b29","local_time":"20190722190759","is_ascension_mode":true,"campfire_choices":[{"floor":7.0,"key":"REST"},{"floor":15.0,"key":"REST"}],"neow_cost":"NONE","seed_source_timestamp":2270465432296,"circlet_count":0,"master_deck":["AscendersBane","Strike_B","Strike_B+1","Defend_B","Defend_B","Defend_B","Defend_B","Zap","Dualcast","Ball Lightning","Doom and Gloom+1","Sweeping Beam","Defragment+1","Multi-Cast","Core Surge","Leap","Biased Cognition","Go for the Eyes"],"special_seed":0,"relics":["Cracked Core","Whetstone","Letter Opener","Happy Flower","DataDisk","Eternal Feather"],"potions_floor_usage":[],"damage_taken":[{"damage":1.0,"enemies":"Cultist","floor":1.0,"turns":4.0},{"damage":4.0,"enemies":"2 Louse","floor":3.0,"turns":4.0},{"damage":2.0,"enemies":"Jaw Worm","floor":4.0,"turns":3.0},{"damage":19.0,"enemies":"Lagavulin","floor":6.0,"turns":5.0},{"damage":20.0,"enemies":"3 Sentries","floor":8.0,"turns":5.0},{"damage":29.0,"enemies":"Gremlin Nob","floor":10.0,"turns":4.0},{"damage":0.0,"enemies":"2 Fungi Beasts","floor":12.0,"turns":2.0},{"damage":4.0,"enemies":"Red Slaver","floor":14.0,"turns":3.0},{"damage":12.0,"enemies":"The Guardian","floor":16.0,"turns":8.0},{"damage":35.0,"enemies":"Shell Parasite","floor":18.0,"turns":4.0},{"damage":28,"enemies":"Spheric Guardian","floor":19,"turns":3}],"seed_played":"2882198983810239473","potions_obtained":[{"floor":1.0,"key":"Dexterity Potion"},{"floor":3.0,"key":"Dexterity Potion"}],"is_trial":false,"path_per_floor":["M","?","M","M","?","E","R","E","T","E","$","M","?","M","R","B",null,"M","M"],"character_chosen":"DEFECT","items_purchased":["Core Surge"],"campfire_rested":2,"item_purchase_floors":[11],"current_hp_per_floor":[70,63,59,57,57,38,61,41,41,12,12,12,12,8,31,19,63,28,0],"gold":134,"neow_bonus":"TEN_PERCENT_HP_BONUS","is_prod":false,"is_daily":false,"chose_seed":false,"campfire_upgraded":0,"win_rate":0,"timestamp":1563836879,"path_taken":["M","?","M","M","?","E","R","E","T","E","?","M","?","?","R","BOSS","M","M"],"build_version":"2019-07-17","purchased_purges":1,"victory":false,"max_hp_per_floor":[78,78,78,78,78,78,78,78,78,78,78,78,78,78,78,78,78,78,78],"card_choices":[{"not_picked":["Compile Driver","Go for the Eyes"],"picked":"Ball Lightning","floor":1.0},{"not_picked":["Heatsinks","Rip and Tear"],"picked":"Doom and Gloom","floor":3.0},{"not_picked":["Hello World","Beam Cell"],"picked":"Sweeping Beam","floor":4.0},{"not_picked":["Compile Driver","Barrage"],"picked":"Defragment","floor":6.0},{"not_picked":["Rip and Tear","Heatsinks"],"picked":"Multi-Cast","floor":8.0},{"not_picked":["Storm","Redo","Turbo"],"picked":"SKIP","floor":10.0},{"not_picked":["Hologram","Gash"],"picked":"Leap","floor":12.0},{"not_picked":["Hologram","Blizzard","Gash"],"picked":"SKIP","floor":14.0},{"not_picked":["Meteor Strike","Core Surge"],"picked":"Biased Cognition","floor":16.0},{"not_picked":["Hologram","Streamline"],"picked":"Go for the Eyes","floor":18.0}],"player_experience":1143881,"relics_obtained":[{"floor":6.0,"key":"Whetstone"},{"floor":8.0,"key":"Letter Opener"},{"floor":9.0,"key":"Happy Flower"},{"floor":10.0,"key":"DataDisk"}],"event_choices":[{"cards_removed":["Strike_B"],"damage_healed":0.0,"max_hp_gain":0.0,"max_hp_loss":0.0,"gold_gain":0.0,"event_name":"Golden Wing","player_choice":"Card Removal","floor":2.0,"gold_loss":0.0,"damage_taken":7.0},{"damage_healed":0.0,"max_hp_gain":0.0,"max_hp_loss":0.0,"gold_gain":0.0,"event_name":"Liars Game","player_choice":"Ignored","floor":5.0,"gold_loss":0.0,"damage_taken":0.0},{"damage_healed":0.0,"max_hp_gain":0.0,"max_hp_loss":0.0,"gold_gain":0.0,"event_name":"Upgrade Shrine","player_choice":"Upgraded","floor":13.0,"gold_loss":0.0,"damage_taken":0.0,"cards_upgraded":["Defragment"]}],"is_beta":false,"boss_relics":[{"not_picked":["Pandora\u0027s Box","Empty Cage"],"picked":"Eternal Feather"}],"items_purged_floors":[11],"is_endless":false,"potions_floor_spawned":[1,3,4],"killed_by":"Spheric Guardian","ascension_level":19}