{"gold_per_floor":[365,144,144,144,164,164,176,176,222,222,242,257,77,108,108,209,239,253,268,268],"floor_reached":20,"playtime":1289,"items_purged":["Strike_G","Defend_G"],"score":200,"play_id":"5e5c7180-b972-409b-a557-adb82880d238","local_time":"20191008003717","is_ascension_mode":true,"campfire_choices":[{"data":"Neutralize","floor":6,"key":"SMITH"},{"data":"Backflip","floor":8,"key":"SMITH"},{"data":"Noxious Fumes","floor":10,"key":"SMITH"},{"floor":15,"key":"REST"}],"neow_cost":"TEN_PERCENT_HP_LOSS","seed_source_timestamp":2257719987907700,"circlet_count":0,"master_deck":["Strike_G","Strike_G","Strike_G","Strike_G","Defend_G+1","Defend_G+1","Defend_G","Defend_G","Survivor","Neutralize+1","Slice","Well Laid Plans","Backflip+1","Dagger Spray","Terror","Noxious Fumes+1","Prepared","Footwork","Envenom","Bullet Time","Shame","Finisher+1"],"relics":["Ring of the Snake","WingedGreaves","Omamori","Darkstone Periapt","Calling Bell","Tiny Chest","Gremlin Horn","Tough Bandages"],"potions_floor_usage":[19,20],"damage_taken":[{"damage":0,"enemies":"2 Louse","floor":1,"turns":3},{"damage":0,"enemies":"Small Slimes","floor":5,"turns":3},{"damage":0,"enemies":"Cultist","floor":7,"turns":3},{"damage":4,"enemies":"Large Slime","floor":11,"turns":5},{"damage":1,"enemies":"Blue Slaver","floor":12,"turns":3},{"damage":15,"enemies":"Gremlin Nob","floor":14,"turns":4},{"damage":5,"enemies":"Hexaghost","floor":16,"turns":9},{"damage":6,"enemies":"3 Byrds","floor":18,"turns":6},{"damage":32,"enemies":"Chosen","floor":19,"turns":7},{"damage":56,"enemies":"Masked Bandits","floor":20,"turns":3}],"seed_played":"-6412833737806504551","potions_obtained":[{"floor":1,"key":"GamblersBrew"},{"floor":7,"key":"Block Potion"},{"floor":14,"key":"GamblersBrew"},{"floor":19,"key":"Regen Potion"}],"is_trial":false,"path_per_floor":["M","$","?","?","M","R","M","R","T","R","M","M","$","E","R","B",null,"M","M","?"],"character_chosen":"THE_SILENT","items_purchased":["Well Laid Plans","Backflip","Dagger Spray","Footwork"],"campfire_rested":1,"item_purchase_floors":[2,2,2,13],"current_hp_per_floor":[63,63,50,50,50,50,50,50,50,50,46,45,45,30,48,43,69,63,31,0],"gold":268,"neow_bonus":"TWO_FIFTY_GOLD","is_prod":false,"is_daily":false,"chose_seed":false,"campfire_upgraded":3,"win_rate":0,"timestamp":1570509437,"path_taken":["M","$","?","?","M","R","M","R","T","R","?","M","$","E","R","BOSS","M","M","?"],"build_version":"2019-07-17","purchased_purges":2,"victory":false,"max_hp_per_floor":[63,63,63,63,63,63,63,63,63,63,63,63,63,63,63,63,69,69,69,69],"card_choices":[{"not_picked":["Deflect","Accuracy"],"picked":"Slice","floor":1},{"not_picked":["Dodge and Roll","Reflex"],"picked":"Terror","floor":5},{"not_picked":["Flying Knee","Prepared"],"picked":"Noxious Fumes","floor":7},{"not_picked":["Flying Knee","Quick Slash"],"picked":"Prepared","floor":11},{"not_picked":["Deadly Poison","Dodge and Roll","Backflip"],"picked":"SKIP","floor":12},{"not_picked":["Infinite Blades","Caltrops"],"picked":"Envenom","floor":14},{"not_picked":["Wraith Form v2","Storm of Steel"],"picked":"Bullet Time","floor":16},{"not_picked":["Crippling Poison","Outmaneuver"],"picked":"Finisher+1","floor":18},{"not_picked":["Endless Agony","Setup","Bane"],"picked":"SKIP","floor":19}],"player_experience":354065,"relics_obtained":[{"floor":9,"key":"Omamori"},{"floor":14,"key":"Darkstone Periapt"},{"floor":17,"key":"Tiny Chest"},{"floor":17,"key":"Gremlin Horn"},{"floor":17,"key":"Tough Bandages"}],"event_choices":[{"damage_healed":0,"gold_gain":0,"player_choice":"Entered Light","damage_taken":13,"max_hp_gain":0,"max_hp_loss":0,"event_name":"Shining Light","floor":3,"gold_loss":0,"cards_upgraded":["Defend_G","Defend_G"]},{"damage_healed":0,"gold_gain":0,"player_choice":"Gave Potion","damage_taken":0,"relics_obtained":["WingedGreaves"],"max_hp_gain":0,"max_hp_loss":0,"event_name":"WeMeetAgain","floor":4,"gold_loss":0},{"damage_healed":0,"gold_gain":0,"player_choice":"Fought Bandits","damage_taken":0,"max_hp_gain":0,"max_hp_loss":0,"event_name":"Masked Bandits","floor":20,"gold_loss":0}],"is_beta":false,"boss_relics":[{"not_picked":["Fusion Hammer","Eternal Feather"],"picked":"Calling Bell"}],"items_purged_floors":[2,13],"is_endless":false,"potions_floor_spawned":[1,7,14,19],"killed_by":"Masked Bandits","ascension_level":3}