{"gold_per_floor":[118,118,137,155,155,155,175,175],"floor_reached":8,"playtime":486,"items_purged":[],"score":48,"play_id":"d7192155-7144-45c0-9224-d0d008d9ab69","local_time":"20190208213131","is_ascension_mode":false,"campfire_choices":[{"data":"Dualcast","floor":6.0,"key":"SMITH"}],"neow_cost":"CURSE","seed_source_timestamp":1561759960004979,"circlet_count":0,"master_deck":["Strike_B","Strike_B","Strike_B","Defend_B","Defend_B","Defend_B","Defend_B","Zap","Dualcast+1","Rainbow","Genetic Algorithm","Multi-Cast","Genetic Algorithm","Sweeping Beam","Melter"],"special_seed":0,"relics":["Cracked Core"],"potions_floor_usage":[8],"damage_taken":[{"damage":9.0,"enemies":"Small Slimes","floor":1.0,"turns":4.0},{"damage":11.0,"enemies":"Cultist","floor":3.0,"turns":6.0},{"damage":12.0,"enemies":"Jaw Worm","floor":4.0,"turns":2.0},{"damage":24.0,"enemies":"Large Slime","floor":7.0,"turns":6.0},{"damage":19,"enemies":"3 Sentries","floor":8,"turns":4}],"seed_played":"-6272999904076614194","potions_obtained":[{"floor":1.0,"key":"Dexterity Potion"},{"floor":4.0,"key":"FocusPotion"}],"is_trial":false,"path_per_floor":["M","?","M","M","?","R","M","E"],"character_chosen":"DEFECT","items_purchased":[],"campfire_rested":0,"item_purchase_floors":[],"current_hp_per_floor":[66,66,55,43,43,43,19,0],"gold":175,"neow_bonus":"THREE_RARE_CARDS","is_prod":false,"is_daily":false,"chose_seed":false,"campfire_upgraded":1,"win_rate":0,"timestamp":1549679491,"path_taken":["M","?","?","M","?","R","M","E"],"build_version":"2019-01-23","purchased_purges":0,"victory":false,"max_hp_per_floor":[75,75,75,75,75,75,75,75],"card_choices":[{"not_picked":["Thunder Strike","Fission"],"picked":"Rainbow","floor":0.0},{"not_picked":["Conserve Battery","Hologram"],"picked":"Genetic Algorithm","floor":1.0},{"not_picked":["Defragment","Streamline"],"picked":"Genetic Algorithm","floor":3.0},{"not_picked":["Skim","Steam"],"picked":"Sweeping Beam","floor":4.0},{"not_picked":["Tempest","Conserve Battery"],"picked":"Melter","floor":7.0}],"player_experience":670216,"relics_obtained":[],"event_choices":[{"damage_healed":0.0,"max_hp_gain":0.0,"max_hp_loss":0.0,"gold_gain":0.0,"cards_transformed":["Strike_B"],"event_name":"Transmorgrifier","player_choice":"Transformed","floor":2.0,"gold_loss":0.0,"damage_taken":0.0,"cards_obtained":["Multi-Cast"]},{"cards_removed":["Regret"],"damage_healed":0.0,"max_hp_gain":0.0,"max_hp_loss":0.0,"gold_gain":0.0,"event_name":"Purifier","player_choice":"Purged","floor":5.0,"gold_loss":0.0,"damage_taken":0.0}],"is_beta":false,"boss_relics":[],"items_purged_floors":[],"is_endless":false,"potions_floor_spawned":[1,4],"killed_by":"3 Sentries","ascension_level":0}