{"gold_per_floor":[115,22,297,312,323,323,323,356,383,420,8,21,21,21,21,142,142,156,30,30,43,59,59,59],"floor_reached":24,"playtime":1473,"items_purged":["Regret","Strike_B"],"score":335,"play_id":"9515e54a-6ce5-4a23-88bd-f7e4465f1400","local_time":"20180928224912","is_ascension_mode":true,"campfire_choices":[{"data":"Doom and Gloom","floor":6,"key":"SMITH"},{"data":"Melter","floor":13,"key":"SMITH"},{"data":"Conserve Battery","floor":15,"key":"SMITH"},{"floor":23,"key":"REST"}],"neow_cost":"NONE","seed_source_timestamp":1912897173281225,"circlet_count":0,"master_deck":["Strike_B","Strike_B","Strike_B","Defend_B","Defend_B","Defend_B","Defend_B","Zap","Dualcast","AscendersBane","Steam","Doom and Gloom+1","Conserve Battery+1","Cold Snap","Stack","Melter+1","Sweeping Beam","Core Surge","Turbo+1","Rebound","Stack+1","Echo Form"],"relics":["Cracked Core","Golden Idol","Bronze Scales","MawBank","Odd Mushroom","Oddly Smooth Stone","Black Star","Nloth\u0027s Gift"],"potions_floor_usage":[8,23],"damage_taken":[{"damage":0,"enemies":"2 Louse","floor":1,"turns":2},{"damage":1,"enemies":"Cultist","floor":4,"turns":4},{"damage":2,"enemies":"Small Slimes","floor":5,"turns":3},{"damage":23,"enemies":"Gremlin Nob","floor":8,"turns":5},{"damage":6,"enemies":"The Mushroom Lair","floor":10,"turns":3},{"damage":7,"enemies":"2 Fungi Beasts","floor":12,"turns":2},{"damage":27,"enemies":"The Guardian","floor":16,"turns":8},{"damage":19,"enemies":"Chosen","floor":18,"turns":5},{"damage":7,"enemies":"Shell Parasite","floor":21,"turns":5},{"damage":37,"enemies":"Snake Plant","floor":22,"turns":5},{"damage":61,"enemies":"Gremlin Leader","floor":24,"turns":5}],"seed_played":"80887574189934134","potions_obtained":[{"floor":1,"key":"Block Potion"},{"floor":22,"key":"Fruit Juice"}],"is_trial":false,"path_per_floor":["M","$","?","M","M","R","?","E","T","?","$","M","R","?","R","B",null,"M","$","?","M","M","R"],"character_chosen":"DEFECT","items_purchased":["Doom and Gloom","Conserve Battery","Lee\u0027s Waffle","Oddly Smooth Stone","Rebound"],"campfire_rested":1,"item_purchase_floors":[2,2,11,11,19],"current_hp_per_floor":[75,75,75,74,72,72,52,29,29,23,89,82,82,82,82,55,81,62,62,62,55,18,49,0],"gold":59,"neow_bonus":"TEN_PERCENT_HP_BONUS","is_prod":false,"is_daily":false,"chose_seed":false,"campfire_upgraded":3,"win_rate":0,"timestamp":1538189352,"path_taken":["M","$","?","M","M","R","?","E","T","?","$","M","R","?","R","BOSS","M","$","?","M","M","R","E"],"build_version":"2018-09-27","purchased_purges":2,"victory":false,"max_hp_per_floor":[82,82,82,82,82,82,82,82,82,82,89,89,89,89,89,89,89,89,89,89,89,89,94,94],"card_choices":[{"not_picked":["Skim","Force Field"],"picked":"Steam","floor":1},{"not_picked":["Darkness","Scrape"],"picked":"Cold Snap","floor":4},{"not_picked":["Cold Snap","Blizzard","Steam Power"],"picked":"SKIP","floor":5},{"not_picked":["Hyperbeam","Fusion"],"picked":"Stack","floor":8},{"not_picked":["Glacier","Steam"],"picked":"Melter","floor":10},{"not_picked":["Compile Driver","Turbo"],"picked":"Sweeping Beam","floor":12},{"not_picked":["Seek","Biased Cognition"],"picked":"Core Surge","floor":16},{"not_picked":["Coolheaded","Sweeping Beam"],"picked":"Turbo+1","floor":18},{"not_picked":["Self Repair+1","Conserve Battery"],"picked":"Stack+1","floor":21},{"not_picked":["Go for the Eyes+1","Recycle+1"],"picked":"Echo Form","floor":22}],"player_experience":487814,"relics_obtained":[{"floor":8,"key":"Bronze Scales"},{"floor":9,"key":"MawBank"},{"floor":10,"key":"Odd Mushroom"}],"event_choices":[{"event_name":"Golden Shrine","player_choice":"Desecrate","floor":3,"damage_taken":0},{"event_name":"Golden Idol","player_choice":"Take Damage","floor":7,"damage_taken":0},{"event_name":"Mushrooms","player_choice":"Fought Mushrooms","floor":10,"damage_taken":0},{"event_name":"The Cleric","player_choice":"Leave","floor":14,"damage_taken":0},{"event_name":"N\u0027loth","player_choice":"Traded a Lee\u0027s Waffle","floor":20,"damage_taken":0}],"is_beta":false,"boss_relics":[{"not_picked":["Coffee Dripper","Empty Cage"],"picked":"Black Star"}],"items_purged_floors":[11,19],"is_endless":false,"potions_floor_spawned":[1,22],"killed_by":"Gremlin Leader","ascension_level":12}