{"gold_per_floor":[115,127,127,202,222,248,248,274,274,274,287,322,341,360,360,435,435,455,473,26,37,37,37],"floor_reached":23,"playtime":1642,"items_purged":["Strike_B"],"score":447,"play_id":"e9ae6f3e-08f6-405d-ab1a-7f003159ecdd","local_time":"20190613185706","is_ascension_mode":true,"campfire_choices":[{"floor":7.0,"key":"REST"},{"floor":10.0,"key":"REST"},{"floor":15.0,"key":"REST"}],"neow_cost":"NONE","seed_source_timestamp":2046223713028927,"circlet_count":0,"master_deck":["AscendersBane","Strike_B","Strike_B","Defend_B","Defend_B","Defend_B","Defend_B","Zap","Dualcast","All For One","Steam","Steam Power","FTL","Rip and Tear","White Noise","Consume","Cold Snap","Rainbow+1","Leap+1","Echo Form","Steam+1","Reboot+1","Reinforced Body+1","Reprogram+1"],"special_seed":0,"relics":["Cracked Core","Emotion Chip","WingedGreaves","Incense Burner","Toxic Egg 2","Fusion Hammer","Gambling Chip","MutagenicStrength"],"potions_floor_usage":[],"damage_taken":[{"damage":1.0,"enemies":"Cultist","floor":1.0,"turns":3.0},{"damage":2.0,"enemies":"2 Louse","floor":2.0,"turns":3.0},{"damage":4.0,"enemies":"Jaw Worm","floor":5.0,"turns":4.0},{"damage":19.0,"enemies":"Lagavulin","floor":6.0,"turns":6.0},{"damage":24.0,"enemies":"3 Sentries","floor":8.0,"turns":5.0},{"damage":7.0,"enemies":"Exordium Wildlife","floor":11.0,"turns":4.0},{"damage":11.0,"enemies":"Gremlin Nob","floor":12.0,"turns":4.0},{"damage":0.0,"enemies":"Looter","floor":13.0,"turns":3.0},{"damage":11.0,"enemies":"Exordium Thugs","floor":14.0,"turns":4.0},{"damage":0.0,"enemies":"The Guardian","floor":16.0,"turns":12.0},{"damage":9.0,"enemies":"3 Byrds","floor":18.0,"turns":4.0},{"damage":5.0,"enemies":"Shell Parasite","floor":19.0,"turns":6.0},{"damage":19.0,"enemies":"3 Cultists","floor":21.0,"turns":7.0},{"damage":28,"enemies":"Slavers","floor":23,"turns":1}],"seed_played":"-2816886192235613712","potions_obtained":[{"floor":2.0,"key":"Explosive Potion"},{"floor":5.0,"key":"FairyPotion"},{"floor":11.0,"key":"SpeedPotion"},{"floor":12.0,"key":"EssenceOfSteel"},{"floor":21.0,"key":"FearPotion"}],"is_trial":false,"path_per_floor":["M","M","?","?","M","E","R","E","T","R","M","E","M","M","R","B",null,"M","M","$","M","?","E"],"character_chosen":"DEFECT","items_purchased":["Gambling Chip","Reinforced Body+1"],"campfire_rested":3,"item_purchase_floors":[20,20],"current_hp_per_floor":[63,61,54,43,39,20,41,17,17,38,31,20,20,9,30,30,61,52,47,47,28,28,0],"gold":37,"neow_bonus":"ONE_RANDOM_RARE_CARD","is_prod":false,"is_daily":false,"chose_seed":false,"campfire_upgraded":0,"win_rate":0,"timestamp":1560466626,"path_taken":["M","?","?","?","M","E","R","E","T","R","M","E","?","M","R","BOSS","M","M","$","M","?","E"],"build_version":"2019-01-23","purchased_purges":1,"victory":false,"max_hp_per_floor":[71,71,71,71,71,71,71,71,71,71,71,71,71,71,71,71,71,71,71,71,71,71,71],"card_choices":[{"not_picked":["Self Repair","Storm"],"picked":"Steam","floor":1.0},{"not_picked":["Hologram","Blizzard"],"picked":"Steam Power","floor":2.0},{"not_picked":["Hello World","Conserve Battery"],"picked":"FTL","floor":5.0},{"not_picked":["Conserve Battery","Hello World"],"picked":"Rip and Tear","floor":6.0},{"not_picked":["Fusion","Tempest"],"picked":"White Noise","floor":8.0},{"not_picked":["Gash","Glacier"],"picked":"Consume","floor":11.0},{"not_picked":["Hologram","Conserve Battery"],"picked":"Cold Snap","floor":12.0},{"not_picked":["Sunder","Fusion+1"],"picked":"Rainbow+1","floor":13.0},{"not_picked":["Cold Snap","Streamline"],"picked":"Leap+1","floor":14.0},{"not_picked":["Hyperbeam","Machine Learning"],"picked":"Echo Form","floor":16.0},{"not_picked":["Coolheaded+1","White Noise+1"],"picked":"Steam+1","floor":18.0},{"not_picked":["Stack+1","White Noise+1"],"picked":"Reboot+1","floor":19.0},{"not_picked":["Stack+1","Chaos+1"],"picked":"Reprogram+1","floor":21.0}],"player_experience":1003780,"relics_obtained":[{"floor":6.0,"key":"Emotion Chip"},{"floor":8.0,"key":"WingedGreaves"},{"floor":9.0,"key":"Incense Burner"},{"floor":12.0,"key":"Toxic Egg 2"}],"event_choices":[{"cards_removed":["Strike_B"],"damage_healed":0.0,"max_hp_gain":0.0,"max_hp_loss":0.0,"gold_gain":0.0,"event_name":"Golden Wing","player_choice":"Card Removal","floor":3.0,"gold_loss":0.0,"damage_taken":7.0},{"damage_healed":0.0,"max_hp_gain":0.0,"max_hp_loss":0.0,"gold_gain":75.0,"event_name":"World of Goop","player_choice":"Gather Gold","floor":4.0,"gold_loss":0.0,"damage_taken":11.0},{"damage_healed":0.0,"max_hp_gain":0.0,"max_hp_loss":0.0,"gold_gain":0.0,"event_name":"Drug Dealer","player_choice":"Inject Mutagens","floor":22.0,"gold_loss":0.0,"damage_taken":0.0,"relics_obtained":["MutagenicStrength"]}],"is_beta":false,"boss_relics":[{"not_picked":["Velvet Choker","Runic Dome"],"picked":"Fusion Hammer"}],"items_purged_floors":[20],"is_endless":false,"potions_floor_spawned":[2,5,11,12,13,21],"killed_by":"Slavers","ascension_level":14}