{"gold_per_floor":[115,115,139,139,64,64,97,97,121,144,162,198,217,217,217,306,306,331,331,74,95,109,109,147,159,171,183,208,239,251],"floor_reached":30,"playtime":1731,"items_purged":["Pain","Strike_B"],"score":455,"play_id":"eca2148b-0855-4a45-a0ab-d80fab67755a","local_time":"20191008152807","is_ascension_mode":true,"campfire_choices":[{"data":"Biased Cognition","floor":6.0,"key":"SMITH"},{"data":"Lockon","floor":8.0,"key":"SMITH"},{"data":"Defragment","floor":15.0,"key":"SMITH"},{"data":"Buffer","floor":23.0,"key":"SMITH"},{"floor":25,"key":"REST"},{"floor":27,"key":"REST"}],"neow_cost":"NONE","seed_source_timestamp":1294954668651300,"circlet_count":0,"master_deck":["AscendersBane","Strike_B","Strike_B","Strike_B","Defend_B","Defend_B","Defend_B","Defend_B","Zap","Dualcast","Biased Cognition+1","Lockon+1","Steam","Hologram","Compile Driver","Defragment+1","Leap","Buffer+1","CurseOfTheBell","Coolheaded","Glacier","Defragment+1","White Noise+1","Sweeping Beam","Hologram+1","Conserve Battery+1","Recycle+1"],"special_seed":0,"relics":["Cracked Core","Golden Idol","WarpedTongs","TungstenRod","Art of War","Blood Vial","Calling Bell","Lantern","Frozen Egg 2","Prayer Wheel","DollysMirror","MawBank","Toxic Egg 2"],"potions_floor_usage":[24],"damage_taken":[{"damage":14.0,"enemies":"Jaw Worm","floor":1.0,"turns":4.0},{"damage":0.0,"enemies":"Small Slimes","floor":3.0,"turns":3.0},{"damage":11.0,"enemies":"Lagavulin","floor":7.0,"turns":6.0},{"damage":0.0,"enemies":"Cultist","floor":10.0,"turns":3.0},{"damage":0.0,"enemies":"Looter","floor":11.0,"turns":2.0},{"damage":16.0,"enemies":"3 Sentries","floor":12.0,"turns":7.0},{"damage":1.0,"enemies":"Exordium Thugs","floor":13.0,"turns":4.0},{"damage":2.0,"enemies":"The Guardian","floor":16.0,"turns":10.0},{"damage":6.0,"enemies":"Spheric Guardian","floor":18.0,"turns":5.0},{"damage":15.0,"enemies":"3 Byrds","floor":21.0,"turns":5.0},{"damage":8.0,"enemies":"Shelled Parasite and Fungi","floor":22.0,"turns":8.0},{"damage":30,"enemies":"Slavers","floor":24,"turns":6},{"damage":0,"enemies":"Cultist and Chosen","floor":28,"turns":7},{"damage":3,"enemies":"Centurion and Healer","floor":29,"turns":8},{"damage":79,"enemies":"Gremlin Leader","floor":30,"turns":12}],"seed_played":"8446109276229783158","potions_obtained":[{"floor":7.0,"key":"Explosive Potion"},{"floor":11.0,"key":"Regen Potion"},{"floor":16.0,"key":"DuplicationPotion"},{"floor":22.0,"key":"FocusPotion"},{"floor":29,"key":"Ancient Potion"}],"is_trial":false,"path_per_floor":["M","?","M","?","$","R","E","R","T","M","M","E","M","?","R","B",null,"M","?","$","M","M","R","E","R","T","R","M","M","E"],"character_chosen":"DEFECT","items_purchased":["DollysMirror"],"campfire_rested":2,"item_purchase_floors":[20],"current_hp_per_floor":[50,50,50,50,50,50,39,39,39,39,39,38,39,39,39,39,63,59,59,59,46,40,40,12,33,33,54,56,55,0],"gold":251,"neow_bonus":"ONE_RANDOM_RARE_CARD","is_prod":false,"is_daily":false,"chose_seed":false,"campfire_upgraded":4,"win_rate":0,"timestamp":1570541287,"path_taken":["M","?","M","?","$","R","E","R","T","M","?","E","M","?","R","BOSS","M","?","?","?","M","R","E","R","T","R","M","M","E"],"build_version":"2019-10-07","purchased_purges":2,"victory":false,"max_hp_per_floor":[71,71,71,71,71,71,71,71,71,71,71,71,71,71,71,71,71,71,71,71,71,71,71,71,71,71,71,71,71,71],"card_choices":[{"not_picked":["Gash","Fusion"],"picked":"Lockon","floor":1.0},{"not_picked":["Rip and Tear","Stack"],"picked":"Steam","floor":3.0},{"not_picked":["Auto Shields","Rip and Tear"],"picked":"Hologram","floor":7.0},{"not_picked":["Stack","Rip and Tear","Storm"],"picked":"SKIP","floor":10.0},{"not_picked":["Hyperbeam","Redo"],"picked":"Compile Driver","floor":11.0},{"not_picked":["Steam Power","Chill"],"picked":"Defragment","floor":12.0},{"not_picked":["Gash","Auto Shields"],"picked":"Leap","floor":13.0},{"not_picked":["Machine Learning","Reboot"],"picked":"Buffer","floor":16.0},{"not_picked":["Leap","Sunder"],"picked":"Coolheaded","floor":18.0},{"not_picked":["Meteor Strike","Rebound","Steam"],"picked":"SKIP","floor":18.0},{"not_picked":["Rebound","Rip and Tear+1"],"picked":"White Noise+1","floor":21.0},{"not_picked":["Compile Driver","Gash"],"picked":"Sweeping Beam","floor":21.0},{"not_picked":["Cold Snap+1","Scrape"],"picked":"Hologram+1","floor":22.0},{"not_picked":["Machine Learning+1","Streamline","Darkness+1"],"picked":"SKIP","floor":22.0},{"not_picked":["Steam","Thunder Strike","Tempest"],"picked":"SKIP","floor":24},{"not_picked":["Chill+1","Recycle+1"],"picked":"Conserve Battery+1","floor":28},{"not_picked":["Redo+1","Double Energy+1","Aggregate+1"],"picked":"SKIP","floor":28},{"not_picked":["Conserve Battery+1","Rip and Tear"],"picked":"Recycle+1","floor":29},{"not_picked":["Blizzard","Redo+1","Barrage"],"picked":"SKIP","floor":29}],"player_experience":969295,"relics_obtained":[{"floor":7.0,"key":"TungstenRod"},{"floor":9.0,"key":"Art of War"},{"floor":12.0,"key":"Blood Vial"},{"floor":17.0,"key":"Lantern"},{"floor":17.0,"key":"Frozen Egg 2"},{"floor":17.0,"key":"Prayer Wheel"},{"floor":24,"key":"MawBank"},{"floor":26,"key":"Toxic Egg 2"}],"event_choices":[{"damage_healed":0.0,"max_hp_gain":0.0,"max_hp_loss":0.0,"gold_gain":0.0,"event_name":"Golden Idol","player_choice":"Take Wound","floor":2.0,"gold_loss":0.0,"damage_taken":0.0,"relics_obtained":["Golden Idol"],"cards_obtained":["Injury"]},{"damage_healed":0.0,"max_hp_gain":0.0,"max_hp_loss":0.0,"gold_gain":0.0,"event_name":"Accursed Blacksmith","player_choice":"Rummage","floor":4.0,"gold_loss":0.0,"damage_taken":0.0,"relics_obtained":["WarpedTongs"],"cards_obtained":["Pain"]},{"cards_removed":["Injury"],"damage_healed":0.0,"max_hp_gain":0.0,"max_hp_loss":0.0,"gold_gain":0.0,"event_name":"Living Wall","player_choice":"Forget","floor":14.0,"gold_loss":0.0,"damage_taken":0.0},{"damage_healed":0.0,"max_hp_gain":0.0,"max_hp_loss":0.0,"gold_gain":0.0,"event_name":"Match and Keep!","player_choice":"1 cards matched","floor":19.0,"gold_loss":0.0,"damage_taken":0.0,"cards_obtained":["Glacier"]}],"is_beta":true,"boss_relics":[{"not_picked":["Snecko Eye","Sozu"],"picked":"Calling Bell"}],"items_purged_floors":[5,20],"is_endless":false,"potions_floor_spawned":[7,11,16,22,29],"killed_by":"Gremlin Leader","ascension_level":15}