{"gold_per_floor":[217,217,367,20,31,63,81,81,81,81,107,171,185,110,110,181,181,81,131,181,0,50,50,50],"floor_reached":24,"playtime":1131,"items_purged":["Doubt","Strike_B"],"score":370,"play_id":"f9ae218a-0dde-4805-8a29-e6c7ba3abe4d","local_time":"20190603193532","is_ascension_mode":true,"campfire_choices":[{"floor":10.0,"key":"REST"},{"floor":15.0,"key":"REST"},{"floor":23,"key":"REST"}],"neow_cost":"NONE","seed_source_timestamp":249091724213682,"circlet_count":0,"master_deck":["AscendersBane","Strike_B","Strike_B","Defend_B","Defend_B","Defend_B","Defend_B","Zap","Dualcast","Genetic Algorithm","Defragment","Coolheaded","Compile Driver","Steam","Conserve Battery","Ball Lightning","Echo Form","Glacier"],"special_seed":0,"relics":["Cracked Core","ClockworkSouvenir","Pantograph","SsserpentHead","Blue Candle","Dodecahedron","Busted Crown","Girya"],"potions_floor_usage":[],"damage_taken":[{"damage":1.0,"enemies":"Cultist","floor":1.0,"turns":3.0},{"damage":15.0,"enemies":"2 Louse","floor":5.0,"turns":4.0},{"damage":28.0,"enemies":"3 Sentries","floor":6.0,"turns":10.0},{"damage":4.0,"enemies":"Jaw Worm","floor":7.0,"turns":5.0},{"damage":22.0,"enemies":"Gremlin Nob","floor":11.0,"turns":5.0},{"damage":1.0,"enemies":"2 Fungi Beasts","floor":12.0,"turns":6.0},{"damage":1.0,"enemies":"Exordium Thugs","floor":13.0,"turns":3.0},{"damage":26.0,"enemies":"The Guardian","floor":16.0,"turns":15.0},{"damage":9.0,"enemies":"2 Thieves","floor":18.0,"turns":5.0},{"damage":56,"enemies":"Slavers","floor":24,"turns":4}],"seed_played":"-1360414960351512439","potions_obtained":[{"floor":1.0,"key":"Poison Potion"},{"floor":11.0,"key":"AttackPotion"},{"floor":12.0,"key":"Strength Potion"}],"is_trial":false,"path_per_floor":["M","?","?","$","M","E","M","?","T","R","E","M","M","$","R","B",null,"M","T","?","$","?","R","E"],"character_chosen":"DEFECT","items_purchased":["ClockworkSouvenir","Defragment","Coolheaded","Glacier"],"campfire_rested":3,"item_purchase_floors":[4,4,4,21],"current_hp_per_floor":[63,56,56,56,41,13,9,9,9,30,8,7,6,6,27,26,60,51,51,51,51,31,53,0],"gold":50,"neow_bonus":"HUNDRED_GOLD","is_prod":false,"is_daily":false,"chose_seed":false,"campfire_upgraded":0,"win_rate":0,"timestamp":1559583332,"path_taken":["M","?","?","?","M","E","M","?","T","R","E","?","M","$","R","BOSS","M","?","?","$","?","R","E"],"build_version":"2019-01-23","purchased_purges":2,"victory":false,"max_hp_per_floor":[71,71,71,71,71,71,71,71,71,71,71,71,71,71,71,71,71,71,71,71,71,76,76,76],"card_choices":[{"not_picked":["Compile Driver","Beam Cell"],"picked":"Genetic Algorithm","floor":1.0},{"not_picked":["Go for the Eyes","Stack"],"picked":"Compile Driver","floor":5.0},{"not_picked":["Skim","Darkness"],"picked":"Steam","floor":6.0},{"not_picked":["Melter","Redo"],"picked":"Conserve Battery","floor":7.0},{"not_picked":["Static Discharge","Rainbow","Redo"],"picked":"SKIP","floor":11.0},{"not_picked":["Double Energy","Lockon"],"picked":"Ball Lightning","floor":12.0},{"not_picked":["Storm","Leap","Redo"],"picked":"SKIP","floor":13.0},{"not_picked":["All For One","Buffer"],"picked":"Echo Form","floor":16.0},{"not_picked":["Rebound"],"picked":"SKIP","floor":18.0}],"player_experience":446593,"relics_obtained":[{"floor":6.0,"key":"Pantograph"},{"floor":9.0,"key":"Blue Candle"},{"floor":11.0,"key":"Dodecahedron"},{"floor":19.0,"key":"Girya"}],"event_choices":[{"cards_removed":["Strike_B"],"damage_healed":0.0,"max_hp_gain":0.0,"max_hp_loss":0.0,"gold_gain":0.0,"event_name":"Golden Wing","player_choice":"Card Removal","floor":2.0,"gold_loss":0.0,"damage_taken":7.0},{"damage_healed":0.0,"max_hp_gain":0.0,"max_hp_loss":0.0,"gold_gain":150.0,"event_name":"Liars Game","player_choice":"AGREE","floor":3.0,"gold_loss":0.0,"damage_taken":0.0,"cards_obtained":["Doubt"]},{"damage_healed":0.0,"max_hp_gain":0.0,"max_hp_loss":0.0,"gold_gain":0.0,"event_name":"FaceTrader","player_choice":"Trade","floor":8.0,"gold_loss":0.0,"damage_taken":0.0,"relics_obtained":["SsserpentHead"]},{"damage_healed":0.0,"max_hp_gain":0.0,"max_hp_loss":0.0,"gold_gain":0.0,"event_name":"Ghosts","player_choice":"Ignored","floor":20.0,"gold_loss":0.0,"damage_taken":0.0},{"damage_healed":0.0,"max_hp_gain":5.0,"max_hp_loss":0.0,"gold_gain":0.0,"event_name":"Forgotten Altar","player_choice":"Shed Blood","floor":22.0,"gold_loss":0.0,"damage_taken":25.0}],"is_beta":false,"boss_relics":[{"not_picked":["Snecko Eye","Eternal Feather"],"picked":"Busted Crown"}],"items_purged_floors":[14,21],"is_endless":false,"potions_floor_spawned":[1,11,12],"killed_by":"Slavers","ascension_level":17}