{"gold_per_floor":[119,119,139,155,170,203,203,213,213,248,248,274,274,298,298,422,422,435,435,451,451,466,466,486,486,486,519,542,556,556,599,599,718,718,733,733,749,488,488,519,519,537,589,612,329,329,662,675,675,675,675,675,41,72,72],"floor_reached":56,"playtime":2886,"items_purged":["Strike_R","Defend_R"],"score":1279,"play_id":"3dd203b3-3ff5-4eea-94fd-ea727e7eb3cf","local_time":"20190305224049","is_ascension_mode":false,"campfire_choices":[{"data":"Cleave","floor":7,"key":"SMITH"},{"data":"Demon Form","floor":11,"key":"SMITH"},{"data":"Bash","floor":15,"key":"SMITH"},{"data":"Rage","floor":23,"key":"SMITH"},{"data":"Rage","floor":25,"key":"SMITH"},{"data":"Battle Trance","floor":32,"key":"SMITH"},{"floor":41,"key":"RECALL"},{"data":"Shockwave","floor":46,"key":"SMITH"},{"floor":49,"key":"REST"},{"data":"Limit Break","floor":52,"key":"SMITH"}],"neow_cost":"NONE","seed_source_timestamp":3723527735853081,"circlet_count":0,"master_deck":["Strike_R","Strike_R+1","Defend_R","Defend_R","Bash+1","Dropkick","Pummel+1","Rage+1","Cleave+1","Demon Form+1","Battle Trance+1","Rage+1","Reaper","Sword Boomerang","Impervious","Warcry+1","Limit Break+1","Heavy Blade","Metallicize","Sword Boomerang+1","Regret","Shockwave+1","Magnetism"],"relics":["Burning Blood","Whetstone","Mercury Hourglass","Mummified Hand","Odd Mushroom","Busted Crown","Bottled Flame","Vajra","MutagenicStrength","Juzu Bracelet","Cursed Key","Bronze Scales","Champion Belt","Ornamental Fan","Toolbox","Strawberry","Centennial Puzzle"],"potions_floor_usage":[36,55,55,55],"damage_taken":[{"damage":1,"enemies":"Jaw Worm","floor":1,"turns":6},{"damage":5,"enemies":"Cultist","floor":3,"turns":4},{"damage":7,"enemies":"Small Slimes","floor":4,"turns":3},{"damage":3,"enemies":"Blue Slaver","floor":5,"turns":3},{"damage":49,"enemies":"Lagavulin","floor":6,"turns":8},{"damage":2,"enemies":"3 Louse","floor":8,"turns":3},{"damage":27,"enemies":"Gremlin Nob","floor":10,"turns":4},{"damage":6,"enemies":"The Mushroom Lair","floor":12,"turns":3},{"damage":4,"enemies":"Gremlin Gang","floor":14,"turns":2},{"damage":0,"enemies":"Slime Boss","floor":16,"turns":5},{"damage":0,"enemies":"3 Byrds","floor":18,"turns":3},{"damage":21,"enemies":"2 Thieves","floor":20,"turns":3},{"damage":19,"enemies":"Shelled Parasite and Fungi","floor":22,"turns":4},{"damage":1,"enemies":"Cultist and Chosen","floor":24,"turns":3},{"damage":24,"enemies":"Book of Stabbing","floor":27,"turns":4},{"damage":16,"enemies":"Snake Plant","floor":28,"turns":3},{"damage":20,"enemies":"Centurion and Healer","floor":29,"turns":5},{"damage":17,"enemies":"Slavers","floor":31,"turns":6},{"damage":18,"enemies":"Champ","floor":33,"turns":8},{"damage":25,"enemies":"3 Darklings","floor":35,"turns":5},{"damage":3,"enemies":"3 Shapes","floor":37,"turns":3},{"damage":50,"enemies":"Nemesis","floor":40,"turns":7},{"damage":13,"enemies":"Jaw Worm Horde","floor":42,"turns":3},{"damage":27,"enemies":"Writhing Mass","floor":44,"turns":4},{"damage":30,"enemies":"4 Shapes","floor":48,"turns":5},{"damage":45,"enemies":"Donu and Deca","floor":50,"turns":7},{"damage":30,"enemies":"Shield and Spear","floor":54,"turns":5},{"damage":82,"enemies":"The Heart","floor":55,"turns":6}],"seed_played":"3512438459626891632","potions_obtained":[{"floor":4,"key":"FearPotion"},{"floor":5,"key":"Energy Potion"},{"floor":6,"key":"FairyPotion"},{"floor":12,"key":"Regen Potion"},{"floor":16,"key":"Strength Potion"},{"floor":18,"key":"Dexterity Potion"},{"floor":36,"key":"Fruit Juice"},{"floor":36,"key":"Block Potion"}],"is_trial":false,"path_per_floor":["M","?","M","M","M","E","R","M","T","E","R","?","?","M","R","B",null,"M","?","M","?","M","R","M","R","T","E","M","M","?","E","R","B",null,"M","?","M","$","?","E","R","M","T","M","$","R","?","M","R","B",null,"R","$","E","B",null],"character_chosen":"IRONCLAD","items_purchased":["Bronze Scales","Metallicize","Ornamental Fan","Shockwave","Toolbox","Strawberry","Magnetism"],"campfire_rested":1,"item_purchase_floors":[38,38,45,45,53,53,53],"current_hp_per_floor":[80,80,80,79,80,37,37,41,41,20,20,20,20,22,22,28,80,80,80,71,80,67,67,80,80,80,62,61,61,61,69,69,80,80,80,85,85,85,85,62,62,77,77,72,72,72,72,62,85,68,85,85,92,89,13],"gold":72,"neow_bonus":"REMOVE_CARD","is_prod":false,"is_daily":false,"chose_seed":false,"campfire_upgraded":8,"win_rate":0,"timestamp":1551843649,"path_taken":["M","?","M","M","?","E","R","M","T","E","R","?","?","M","R","BOSS","M","?","?","?","M","R","M","R","T","E","?","M","?","E","R","BOSS","M","?","M","$","?","E","R","M","T","M","?","R","?","M","R","BOSS","R","$","E","BOSS"],"build_version":"2019-01-23","purchased_purges":2,"victory":true,"max_hp_per_floor":[80,80,80,80,80,80,80,80,80,80,80,80,80,80,80,80,80,80,80,80,80,80,80,80,80,80,80,80,80,80,80,80,80,80,80,85,85,85,85,85,85,85,85,85,85,85,85,85,85,85,85,85,92,92,92],"card_choices":[{"not_picked":["Armaments","Evolve"],"picked":"Dropkick","floor":1},{"not_picked":["Anger","Wild Strike"],"picked":"Pummel","floor":3},{"not_picked":["Uppercut","Wild Strike"],"picked":"Rage","floor":4},{"not_picked":["Wild Strike","Metallicize","Clash"],"picked":"SKIP","floor":5},{"not_picked":["Pommel Strike","Flex"],"picked":"Cleave","floor":6},{"not_picked":["Juggernaut","Body Slam","Sword Boomerang"],"picked":"SKIP","floor":8},{"not_picked":["Corruption","Fiend Fire"],"picked":"Demon Form","floor":10},{"not_picked":["Hemokinesis","Armaments"],"picked":"Battle Trance","floor":12},{"not_picked":["Combust","Blood for Blood"],"picked":"Rage","floor":14},{"not_picked":["Offering","Berserk"],"picked":"Reaper","floor":16},{"not_picked":["Sentinel+1"],"picked":"SKIP","floor":18},{"not_picked":[],"picked":"Sword Boomerang","floor":20},{"not_picked":["True Grit"],"picked":"SKIP","floor":22},{"not_picked":["Second Wind"],"picked":"SKIP","floor":24},{"not_picked":[],"picked":"Impervious","floor":27},{"not_picked":[],"picked":"Warcry+1","floor":28},{"not_picked":["Clothesline"],"picked":"SKIP","floor":29},{"not_picked":["Bloodletting+1"],"picked":"SKIP","floor":31},{"not_picked":[],"picked":"Limit Break","floor":33},{"not_picked":["Twin Strike"],"picked":"SKIP","floor":35},{"not_picked":[],"picked":"Heavy Blade","floor":37},{"not_picked":["Wild Strike"],"picked":"SKIP","floor":40},{"not_picked":[],"picked":"Sword Boomerang+1","floor":42},{"not_picked":["Inflame"],"picked":"SKIP","floor":44},{"not_picked":["Clash"],"picked":"SKIP","floor":48},{"not_picked":["Thunderclap+1"],"picked":"SKIP","floor":54}],"player_experience":706874,"relics_obtained":[{"floor":6,"key":"Whetstone"},{"floor":9,"key":"Mercury Hourglass"},{"floor":10,"key":"Mummified Hand"},{"floor":12,"key":"Odd Mushroom"},{"floor":26,"key":"Bottled Flame"},{"floor":27,"key":"Vajra"},{"floor":31,"key":"Juzu Bracelet"},{"floor":40,"key":"Champion Belt"},{"floor":54,"key":"Centennial Puzzle"}],"event_choices":[{"cards_removed":["Strike_R"],"damage_healed":0,"gold_gain":0,"player_choice":"Offered Basic","damage_taken":0,"max_hp_gain":0,"max_hp_loss":0,"event_name":"Bonfire Elementals","floor":2,"gold_loss":0},{"damage_healed":0,"gold_gain":0,"player_choice":"Fought Mushrooms","damage_taken":0,"max_hp_gain":0,"max_hp_loss":0,"event_name":"Mushrooms","floor":12,"gold_loss":0},{"damage_healed":0,"gold_gain":0,"player_choice":"Take Wound","damage_taken":0,"relics_obtained":["Golden Idol"],"max_hp_gain":0,"max_hp_loss":0,"event_name":"Golden Idol","floor":13,"gold_loss":0,"cards_obtained":["Injury"]},{"cards_removed":["Injury"],"damage_healed":0,"gold_gain":0,"player_choice":"Removed Curses","damage_taken":0,"max_hp_gain":0,"max_hp_loss":0,"event_name":"Fountain of Cleansing","floor":19,"gold_loss":0},{"damage_healed":9,"gold_gain":0,"player_choice":"Full Heal","damage_taken":0,"max_hp_gain":0,"max_hp_loss":0,"event_name":"Wheel of Change","floor":21,"gold_loss":0},{"damage_healed":0,"gold_gain":0,"player_choice":"Inject Mutagens","damage_taken":0,"relics_obtained":["MutagenicStrength"],"max_hp_gain":0,"max_hp_loss":0,"event_name":"Drug Dealer","floor":30,"gold_loss":0},{"damage_healed":0,"gold_gain":0,"player_choice":"Got Potions","damage_taken":0,"max_hp_gain":0,"max_hp_loss":0,"event_name":"Lab","floor":36,"gold_loss":0},{"cards_removed":["Defend_R"],"damage_healed":0,"gold_gain":0,"player_choice":"Purged","damage_taken":0,"max_hp_gain":0,"max_hp_loss":0,"event_name":"Purifier","floor":39,"gold_loss":0},{"damage_healed":0,"gold_gain":333,"player_choice":"Gave Idol","damage_taken":0,"max_hp_gain":0,"max_hp_loss":0,"event_name":"The Moai Head","floor":47,"relics_lost":["Golden Idol"],"gold_loss":0}],"is_beta":false,"boss_relics":[{"not_picked":["White Beast Statue","Tiny House"],"picked":"Busted Crown"},{"not_picked":["Calling Bell","Runic Pyramid"],"picked":"Cursed Key"}],"items_purged_floors":[38,53],"is_endless":false,"potions_floor_spawned":[4,5,6,12,16,18,20,29,31,33,37,40,42,48],"ascension_level":0}