{"gold_per_floor":[10,21,21,21,21,21,48,48,75,94,19,49,49,60,60,139,139,151,151,170,170,54,54,64,91,118,118,129,129,145,173,173,250,250,269,21,0,0,12,43,43,76,76,111,125,125,138,238,238,238],"floor_reached":51,"playtime":3931,"items_purged":["Pain"],"score":1379,"play_id":"129f96a3-4862-4076-b4ad-2c83d3de01d2","local_time":"20190610232048","is_ascension_mode":true,"campfire_choices":[{"data":"Bash","floor":6.0,"key":"SMITH"},{"floor":8.0,"key":"REST"},{"data":"Feed","floor":13.0,"key":"SMITH"},{"data":"Disarm","floor":15.0,"key":"SMITH"},{"floor":23.0,"key":"REST"},{"floor":29.0,"key":"REST"},{"floor":32,"key":"REST"},{"floor":41,"key":"REST"},{"floor":46,"key":"REST"},{"floor":49,"key":"REST"}],"neow_cost":"NO_GOLD","seed_source_timestamp":864572971989754,"circlet_count":0,"master_deck":["AscendersBane","Strike_R+1","Strike_R+1","Defend_R+1","Defend_R+1","Defend_R+1","Defend_R+1","Bash+1","Feed+1","Headbutt","Disarm+1","Thunderclap","Hemokinesis","Ghostly Armor","Intimidate","Offering","Inflame+1","Feed+1","Evolve","Disarm","Corruption","Inflame+1","Spot Weakness+1","Barricade","Hemokinesis","Combust","Exhume","Disarm+1","Demon Form","Hemokinesis+1","Whirlwind","Disarm","Uppercut+1","Shrug It Off+1","Dark Embrace"],"special_seed":0,"relics":["Burning Blood","Vajra","WarpedTongs","Dodecahedron","Regal Pillow","Gambling Chip","Astrolabe","Mercury Hourglass","Happy Flower","Ancient Tea Set","Mark of Pain","Mummified Hand","Red Mask","Thread and Needle","Strawberry","Smiling Mask","Mango"],"potions_floor_usage":[50,50],"damage_taken":[{"damage":2.0,"enemies":"2 Louse","floor":1.0,"turns":5.0},{"damage":19.0,"enemies":"Jaw Worm","floor":2.0,"turns":5.0},{"damage":31.0,"enemies":"Gremlin Nob","floor":7.0,"turns":4.0},{"damage":3.0,"enemies":"Cultist","floor":10.0,"turns":5.0},{"damage":23.0,"enemies":"Lagavulin","floor":12.0,"turns":6.0},{"damage":9.0,"enemies":"Looter","floor":14.0,"turns":5.0},{"damage":25.0,"enemies":"The Guardian","floor":16.0,"turns":15.0},{"damage":19.0,"enemies":"3 Byrds","floor":18.0,"turns":6.0},{"damage":15.0,"enemies":"Spheric Guardian","floor":20.0,"turns":4.0},{"damage":29.0,"enemies":"Snecko","floor":24.0,"turns":7.0},{"damage":60.0,"enemies":"Slavers","floor":25.0,"turns":6.0},{"damage":21.0,"enemies":"Chosen and Byrds","floor":28.0,"turns":7.0},{"damage":21.0,"enemies":"Centurion and Healer","floor":30.0,"turns":8.0},{"damage":35,"enemies":"Book of Stabbing","floor":31,"turns":6},{"damage":74,"enemies":"Automaton","floor":33,"turns":8},{"damage":2,"enemies":"3 Shapes","floor":35,"turns":9},{"damage":43,"enemies":"3 Darklings","floor":39,"turns":9},{"damage":71,"enemies":"Reptomancer","floor":40,"turns":6},{"damage":49,"enemies":"Nemesis","floor":42,"turns":7},{"damage":42,"enemies":"Reptomancer","floor":44,"turns":6},{"damage":16,"enemies":"Sphere and 2 Shapes","floor":45,"turns":4},{"damage":13,"enemies":"Spire Growth","floor":47,"turns":5},{"damage":17,"enemies":"Mind Bloom Boss Battle","floor":48,"turns":8},{"damage":74,"enemies":"Donu and Deca","floor":50,"turns":8}],"seed_played":"3472086085968292059","potions_obtained":[{"floor":2.0,"key":"BloodPotion"},{"floor":7.0,"key":"Block Potion"},{"floor":16.0,"key":"Regen Potion"},{"floor":24.0,"key":"Fire Potion"},{"floor":30.0,"key":"Swift Potion"},{"floor":35,"key":"GamblersBrew"},{"floor":40,"key":"Dexterity Potion"},{"floor":45,"key":"LiquidBronze"}],"is_trial":false,"path_per_floor":["M","M","?","?","?","R","E","R","T","M","$","E","R","M","R","B",null,"M","?","M","?","$","R","M","E","T","?","M","R","M","E","R","B",null,"M","$","?","?","M","E","R","E","T","E","M","R","M","?","R","B",null],"character_chosen":"IRONCLAD","items_purchased":["Disarm","Corruption","Mummified Hand"],"campfire_rested":7,"item_purchase_floors":[22,22,36],"current_hp_per_floor":[75,65,65,60,60,60,38,63,63,69,69,55,55,52,52,37,80,75,75,70,38,38,86,78,46,46,46,39,93,86,61,118,54,124,136,136,136,136,103,38,100,68,68,32,26,93,90,97,170,102],"gold":238,"neow_bonus":"THREE_RARE_CARDS","is_prod":false,"is_daily":false,"chose_seed":false,"campfire_upgraded":3,"win_rate":0,"timestamp":1560201648,"path_taken":["M","M","?","?","?","R","E","R","T","?","$","E","R","M","R","BOSS","M","?","M","?","$","R","M","E","T","?","M","R","M","E","R","BOSS","M","$","?","?","M","E","R","E","T","E","M","R","?","?","R","BOSS"],"build_version":"2019-01-23","purchased_purges":1,"victory":true,"max_hp_per_floor":[78,81,81,81,81,81,84,84,84,87,87,90,90,90,90,94,94,102,102,106,111,111,111,115,123,123,123,131,131,139,143,143,147,147,155,155,155,155,159,159,159,170,170,170,174,174,178,196,196,196],"card_choices":[{"not_picked":["Offering","Berserk"],"picked":"Feed","floor":0.0},{"not_picked":["True Grit","Reckless Charge"],"picked":"Headbutt","floor":1.0},{"not_picked":["Dual Wield","Twin Strike"],"picked":"Disarm","floor":2.0},{"not_picked":["Havoc","Warcry"],"picked":"Thunderclap","floor":7.0},{"not_picked":["Thunderclap","Perfected Strike"],"picked":"Hemokinesis","floor":10.0},{"not_picked":["Body Slam","Double Tap"],"picked":"Ghostly Armor","floor":12.0},{"not_picked":["Flex","Iron Wave"],"picked":"Intimidate","floor":14.0},{"not_picked":["Feed","Fiend Fire"],"picked":"Offering","floor":16.0},{"not_picked":["Perfected Strike","Armaments"],"picked":"Evolve","floor":18.0},{"not_picked":["Wild Strike","Flex","Heavy Blade"],"picked":"SKIP","floor":20.0},{"not_picked":["Flex","Sentinel"],"picked":"Inflame+1","floor":24.0},{"not_picked":["Havoc","Ghostly Armor"],"picked":"Spot Weakness+1","floor":25.0},{"not_picked":["Clash","Clothesline"],"picked":"Barricade","floor":28.0},{"not_picked":["Heavy Blade","Rage"],"picked":"Hemokinesis","floor":30.0},{"not_picked":["Headbutt","Perfected Strike"],"picked":"Combust","floor":31},{"not_picked":["Offering","Berserk"],"picked":"Exhume","floor":33},{"not_picked":["Flex","Perfected Strike+1"],"picked":"Disarm+1","floor":35},{"not_picked":["Warcry","Wild Strike"],"picked":"Hemokinesis+1","floor":39},{"not_picked":["Iron Wave","Dropkick+1"],"picked":"Whirlwind","floor":40},{"not_picked":["Fire Breathing","Ghostly Armor"],"picked":"Disarm","floor":42},{"not_picked":["Reckless Charge","Twin Strike+1"],"picked":"Uppercut+1","floor":44},{"not_picked":["Combust","Anger+1"],"picked":"Shrug It Off+1","floor":45},{"not_picked":["Havoc+1","Pommel Strike"],"picked":"Dark Embrace","floor":47}],"player_experience":499470,"relics_obtained":[{"floor":7.0,"key":"Dodecahedron"},{"floor":9.0,"key":"Regal Pillow"},{"floor":12.0,"key":"Gambling Chip"},{"floor":25.0,"key":"Mercury Hourglass"},{"floor":26.0,"key":"Happy Flower"},{"floor":31,"key":"Ancient Tea Set"},{"floor":40,"key":"Thread and Needle"},{"floor":42,"key":"Strawberry"},{"floor":44,"key":"Smiling Mask"},{"floor":48,"key":"Mango"}],"event_choices":[{"damage_healed":0.0,"max_hp_gain":0.0,"max_hp_loss":0.0,"gold_gain":0.0,"event_name":"The Cleric","player_choice":"Leave","floor":3.0,"gold_loss":0.0,"damage_taken":0.0},{"damage_healed":0.0,"max_hp_gain":0.0,"max_hp_loss":0.0,"gold_gain":0.0,"event_name":"Scrap Ooze","player_choice":"Success","floor":4.0,"gold_loss":0.0,"damage_taken":5.0,"relics_obtained":["Vajra"]},{"damage_healed":0.0,"max_hp_gain":0.0,"max_hp_loss":0.0,"gold_gain":0.0,"event_name":"Accursed Blacksmith","player_choice":"Rummage","floor":5.0,"gold_loss":0.0,"damage_taken":0.0,"relics_obtained":["WarpedTongs"],"cards_obtained":["Pain"]},{"damage_healed":0.0,"max_hp_gain":0.0,"max_hp_loss":0.0,"gold_gain":0.0,"event_name":"Back to Basics","player_choice":"Simplicity","floor":19.0,"gold_loss":0.0,"damage_taken":0.0,"cards_upgraded":["Strike_R","Strike_R","Defend_R","Defend_R","Defend_R","Defend_R"]},{"damage_healed":0.0,"max_hp_gain":5.0,"max_hp_loss":0.0,"gold_gain":0.0,"event_name":"Forgotten Altar","player_choice":"Shed Blood","floor":21.0,"gold_loss":0.0,"damage_taken":37.0},{"damage_healed":0.0,"max_hp_gain":0.0,"max_hp_loss":0.0,"gold_gain":0.0,"event_name":"Beggar","player_choice":"Ignored","floor":27.0,"gold_loss":0.0,"damage_taken":0.0},{"damage_healed":0,"gold_gain":0,"player_choice":"Paid","damage_taken":0,"relics_obtained":["Red Mask"],"max_hp_gain":0,"max_hp_loss":0,"event_name":"Tomb of Lord Red Mask","floor":37,"gold_loss":21},{"damage_healed":0,"gold_gain":0,"cards_transformed":["Armaments"],"player_choice":"Transformed","damage_taken":0,"max_hp_gain":0,"max_hp_loss":0,"event_name":"Transmorgrifier","floor":38,"gold_loss":0,"cards_obtained":["Demon Form"]},{"damage_healed":0,"gold_gain":0,"player_choice":"Fight","damage_taken":0,"max_hp_gain":0,"max_hp_loss":0,"event_name":"MindBloom","floor":48,"gold_loss":0}],"is_beta":false,"boss_relics":[{"not_picked":["Black Blood","Runic Dome"],"picked":"Astrolabe"},{"not_picked":["Empty Cage","Sozu"],"picked":"Mark of Pain"}],"items_purged_floors":[11],"is_endless":false,"potions_floor_spawned":[2,7,16,20,24,30,35,40,45,48],"ascension_level":15}