{"gold_per_floor":[115,115,115,115,133,162,87,87],"floor_reached":8,"playtime":173,"items_purged":["Strike_G"],"score":158,"play_id":"fc9a8ce6-926f-4e1e-9020-d9525a439d8c","local_time":"20190616194612","is_ascension_mode":true,"campfire_choices":[],"neow_cost":"NONE","seed_source_timestamp":359614606446234,"circlet_count":0,"master_deck":["AscendersBane","Defend_G","Defend_G","Defend_G","Defend_G","Defend_G","Strike_G","Strike_G+1","Strike_G+1","Strike_G","Survivor","Neutralize","Noxious Fumes+1","Deadly Poison","Blur"],"special_seed":0,"relics":["Ring of the Snake","NeowsBlessing","Pantograph","Ornamental Fan"],"potions_floor_usage":[8,8],"damage_taken":[{"damage":0.0,"enemies":"Jaw Worm","floor":1.0,"turns":1.0},{"damage":0.0,"enemies":"2 Louse","floor":5.0,"turns":1.0},{"damage":0.0,"enemies":"3 Sentries","floor":6.0,"turns":1.0},{"damage":28,"enemies":"Gremlin Nob","floor":8,"turns":3}],"seed_played":"8418160162536045431","potions_obtained":[{"floor":5.0,"key":"Energy Potion"},{"floor":6.0,"key":"SteroidPotion"}],"is_trial":false,"path_per_floor":["M","?","?","?","M","E","$","E"],"character_chosen":"THE_SILENT","items_purchased":[],"campfire_rested":0,"item_purchase_floors":[],"current_hp_per_floor":[59,59,41,21,21,21,21,0],"gold":87,"neow_bonus":"THREE_ENEMY_KILL","is_prod":false,"is_daily":false,"chose_seed":false,"campfire_upgraded":0,"win_rate":0,"timestamp":1560707172,"path_taken":["M","?","?","?","?","E","$","E"],"build_version":"2019-01-23","purchased_purges":1,"victory":false,"max_hp_per_floor":[66,66,66,66,66,66,66,66],"card_choices":[{"not_picked":["Quick Slash","Finisher"],"picked":"Noxious Fumes","floor":1.0},{"not_picked":["Blade Dance","Slice"],"picked":"Deadly Poison","floor":5.0},{"not_picked":["Wraith Form v2","Acrobatics"],"picked":"Blur","floor":6.0}],"player_experience":536773,"relics_obtained":[{"floor":6.0,"key":"Ornamental Fan"}],"event_choices":[{"damage_healed":0.0,"max_hp_gain":0.0,"max_hp_loss":0.0,"gold_gain":0.0,"event_name":"Living Wall","player_choice":"Grow","floor":2.0,"gold_loss":0.0,"damage_taken":0.0,"cards_upgraded":["Noxious Fumes"]},{"damage_healed":0.0,"max_hp_gain":0.0,"max_hp_loss":0.0,"gold_gain":0.0,"event_name":"Scrap Ooze","player_choice":"Success","floor":3.0,"gold_loss":0.0,"damage_taken":18.0,"relics_obtained":["Pantograph"]},{"damage_healed":0.0,"max_hp_gain":0.0,"max_hp_loss":0.0,"gold_gain":0.0,"event_name":"Shining Light","player_choice":"Entered Light","floor":4.0,"gold_loss":0.0,"damage_taken":20.0,"cards_upgraded":["Strike_G","Strike_G"]}],"is_beta":false,"boss_relics":[],"items_purged_floors":[7],"is_endless":false,"potions_floor_spawned":[5,6],"killed_by":"Gremlin Nob","ascension_level":20}