{"gold_per_floor":[115,190,206,61,7,7,23,23,68,68,68,68,87,115,115,218,218,228,153,153,78,89,189,219,237,237,250,268,295,138,158,158,259,259,276,276,292,292,292,292,323,323,323,323,356,209,241,254,254,254,254,254,0,34,34],"floor_reached":56,"playtime":3196,"items_purged":["Regret","Strike_R"],"score":1271,"play_id":"f18b3282-f97b-4f38-a229-faf73082ec48","local_time":"20190211225458","is_ascension_mode":false,"campfire_choices":[{"data":"Seeing Red","floor":6.0,"key":"SMITH"},{"data":"Sword Boomerang","floor":8.0,"key":"SMITH"},{"data":"Bash","floor":10.0,"key":"SMITH"},{"data":"Spot Weakness","floor":12.0,"key":"SMITH"},{"data":"Body Slam","floor":15.0,"key":"SMITH"},{"floor":32.0,"key":"REST"},{"floor":40.0,"key":"RECALL"},{"floor":42.0,"key":"REST"},{"floor":44.0,"key":"REST"},{"floor":49.0,"key":"REST"},{"floor":52.0,"key":"REST"}],"neow_cost":"CURSE","seed_source_timestamp":1823075108830068,"circlet_count":0,"master_deck":["Strike_R","Strike_R","Strike_R","Defend_R","Defend_R","Defend_R+1","Defend_R","Bash+1","Sword Boomerang+1","Twin Strike","Seeing Red+1","Spot Weakness+1","Body Slam+1","Reaper","Juggernaut","Thunderclap","Rage","Seeing Red+1","Seeing Red","Anger","Seeing Red","Blood for Blood+1","Disarm+1","Juggernaut","Seeing Red+1","Inflame+1","Body Slam+1","Rage+1","Headbutt+1","Seeing Red+1"],"special_seed":0,"relics":["Burning Blood","Unceasing Top","Self Forming Clay","Mango","Fusion Hammer","Thread and Needle","Meat on the Bone","Dream Catcher","Pen Nib","Lizard Tail","Torii","Bronze Scales","Smiling Mask","War Paint","Potion Belt","Happy Flower","Centennial Puzzle"],"potions_floor_usage":[55,55,55,55,55],"damage_taken":[{"damage":13.0,"enemies":"Small Slimes","floor":1.0,"turns":4.0},{"damage":11.0,"enemies":"Jaw Worm","floor":3.0,"turns":3.0},{"damage":0.0,"enemies":"Cultist","floor":7.0,"turns":3.0},{"damage":5.0,"enemies":"Looter","floor":13.0,"turns":2.0},{"damage":33.0,"enemies":"Gremlin Nob","floor":14.0,"turns":5.0},{"damage":27.0,"enemies":"The Guardian","floor":16.0,"turns":6.0},{"damage":11.0,"enemies":"Shell Parasite","floor":18.0,"turns":4.0},{"damage":18.0,"enemies":"Spheric Guardian","floor":22.0,"turns":4.0},{"damage":27.0,"enemies":"Slavers","floor":24.0,"turns":4.0},{"damage":0.0,"enemies":"Centurion and Healer","floor":25.0,"turns":3.0},{"damage":25.0,"enemies":"Snecko","floor":27.0,"turns":6.0},{"damage":9.0,"enemies":"Cultist and Chosen","floor":28.0,"turns":4.0},{"damage":56.0,"enemies":"Book of Stabbing","floor":29.0,"turns":5.0},{"damage":0.0,"enemies":"Snake Plant","floor":31.0,"turns":2.0},{"damage":79.0,"enemies":"Collector","floor":33.0,"turns":7.0},{"damage":28.0,"enemies":"3 Darklings","floor":35.0,"turns":4.0},{"damage":26.0,"enemies":"3 Shapes","floor":37.0,"turns":3.0},{"damage":40.0,"enemies":"Giant Head","floor":41.0,"turns":7.0},{"damage":54.0,"enemies":"Reptomancer","floor":45.0,"turns":4.0},{"damage":27.0,"enemies":"Giant Head","floor":47.0,"turns":7.0},{"damage":1.0,"enemies":"3 Darklings","floor":48.0,"turns":4.0},{"damage":68.0,"enemies":"Time Eater","floor":50.0,"turns":9.0},{"damage":60.0,"enemies":"Shield and Spear","floor":54.0,"turns":6.0},{"damage":81,"enemies":"The Heart","floor":55,"turns":9}],"seed_played":"-7852873374798082592","potions_obtained":[{"floor":1.0,"key":"Dexterity Potion"},{"floor":13.0,"key":"Dexterity Potion"},{"floor":14.0,"key":"LiquidBronze"},{"floor":27.0,"key":"SteroidPotion"},{"floor":41.0,"key":"PowerPotion"},{"floor":47.0,"key":"Poison Potion"}],"is_trial":false,"path_per_floor":["M","?","M","$","?","R","M","R","T","R","$","R","M","E","R","B",null,"M","?","?","$","M","?","E","M","T","M","M","E","$","M","R","B",null,"M","$","M","?","?","R","E","R","T","R","E","$","E","M","R","B",null,"R","$","E","B",null],"character_chosen":"IRONCLAD","items_purchased":["Seeing Red","Seeing Red","Pen Nib","War Paint","Happy Flower","FearPotion"],"campfire_rested":5,"item_purchase_floors":[4,21,30,46,53,53],"current_hp_per_floor":[73,62,57,57,57,57,63,63,63,63,63,63,64,51,51,48,94,89,89,89,89,77,77,68,74,74,59,64,30,30,52,80,23,94,91,91,89,89,89,89,61,89,89,94,58,58,55,72,94,60,94,94,94,59,53],"gold":34,"neow_bonus":"ONE_RARE_RELIC","is_prod":false,"is_daily":false,"chose_seed":false,"campfire_upgraded":5,"win_rate":0,"timestamp":1549943698,"path_taken":["M","?","M","$","?","R","M","R","T","R","$","R","M","E","R","BOSS","M","?","?","$","M","?","E","M","T","?","M","E","?","M","R","BOSS","M","$","M","?","?","R","E","R","T","R","E","$","E","?","R","BOSS","R","$","E","BOSS"],"build_version":"2019-01-23","purchased_purges":2,"victory":true,"max_hp_per_floor":[80,80,80,80,80,80,80,80,80,80,80,80,80,94,94,94,94,94,94,94,94,94,94,94,94,94,94,94,94,94,94,94,94,94,94,94,94,94,94,94,94,94,94,94,94,94,94,94,94,94,94,94,94,94,94],"card_choices":[{"not_picked":["Pommel Strike","Body Slam"],"picked":"Sword Boomerang","floor":1.0},{"not_picked":["Intimidate","Perfected Strike"],"picked":"Twin Strike","floor":3.0},{"not_picked":["Intimidate","Power Through"],"picked":"Spot Weakness","floor":7.0},{"not_picked":["Pommel Strike","Flame Barrier"],"picked":"Body Slam","floor":13.0},{"not_picked":["Headbutt","Sword Boomerang"],"picked":"Reaper","floor":14.0},{"not_picked":["Berserk","Brutality"],"picked":"Juggernaut","floor":16.0},{"not_picked":["Flex","Fire Breathing"],"picked":"Thunderclap","floor":18.0},{"not_picked":["Rampage","Havoc"],"picked":"Seeing Red","floor":22.0},{"not_picked":["Body Slam","Thunderclap"],"picked":"Anger","floor":24.0},{"not_picked":["Warcry","Reckless Charge"],"picked":"Seeing Red","floor":25.0},{"not_picked":["Corruption","Evolve"],"picked":"Blood for Blood+1","floor":27.0},{"not_picked":["Thunderclap","Clash","Iron Wave"],"picked":"SKIP","floor":28.0},{"not_picked":["Fire Breathing","Body Slam"],"picked":"Disarm","floor":29.0},{"not_picked":["Pommel Strike","Clothesline","Armaments"],"picked":"SKIP","floor":31.0},{"not_picked":["Immolate","Bludgeon"],"picked":"Juggernaut","floor":33.0},{"not_picked":["Headbutt","Spot Weakness"],"picked":"Seeing Red+1","floor":35.0},{"not_picked":["Body Slam+1","Heavy Blade"],"picked":"Inflame+1","floor":37.0},{"not_picked":["Feed","Perfected Strike+1","Bloodletting"],"picked":"SKIP","floor":41.0},{"not_picked":["Anger","Rampage"],"picked":"Body Slam+1","floor":44.0},{"not_picked":["Body Slam","Thunderclap","Havoc"],"picked":"SKIP","floor":45.0},{"not_picked":["Sword Boomerang","Flame Barrier"],"picked":"Rage+1","floor":47.0},{"not_picked":["Feel No Pain","Pummel","Clash"],"picked":"SKIP","floor":48.0},{"not_picked":["Armaments+1","Body Slam+1"],"picked":"Headbutt+1","floor":52.0},{"not_picked":["Blood for Blood+1","True Grit+1"],"picked":"Seeing Red+1","floor":54.0}],"player_experience":684088,"relics_obtained":[{"floor":14.0,"key":"Mango"},{"floor":24.0,"key":"Thread and Needle"},{"floor":26.0,"key":"Meat on the Bone"},{"floor":29.0,"key":"Dream Catcher"},{"floor":41.0,"key":"Torii"},{"floor":43.0,"key":"Bronze Scales"},{"floor":45.0,"key":"Smiling Mask"},{"floor":47.0,"key":"Potion Belt"},{"floor":54.0,"key":"Centennial Puzzle"}],"event_choices":[{"damage_healed":0.0,"max_hp_gain":0.0,"max_hp_loss":0.0,"gold_gain":75.0,"event_name":"World of Goop","player_choice":"Gather Gold","floor":2.0,"gold_loss":0.0,"damage_taken":11.0},{"damage_healed":0.0,"max_hp_gain":0.0,"max_hp_loss":0.0,"gold_gain":0.0,"event_name":"WeMeetAgain","player_choice":"Paid Gold","floor":5.0,"gold_loss":54.0,"damage_taken":0.0,"relics_obtained":["Self Forming Clay"]},{"cards_removed":["Strike_R"],"damage_healed":0.0,"max_hp_gain":0.0,"max_hp_loss":0.0,"gold_gain":0.0,"event_name":"Beggar","player_choice":"Gave Gold","floor":19.0,"gold_loss":75.0,"damage_taken":0.0},{"damage_healed":0.0,"max_hp_gain":0.0,"max_hp_loss":0.0,"gold_gain":0.0,"event_name":"The Library","player_choice":"Read","floor":20.0,"gold_loss":0.0,"damage_taken":0.0,"cards_obtained":["Rage"]},{"damage_healed":0.0,"max_hp_gain":0.0,"max_hp_loss":0.0,"gold_gain":100.0,"event_name":"Golden Shrine","player_choice":"Pray","floor":23.0,"gold_loss":0.0,"damage_taken":0.0},{"damage_healed":0.0,"max_hp_gain":0.0,"max_hp_loss":0.0,"gold_gain":0.0,"event_name":"Tomb of Lord Red Mask","player_choice":"Ignored","floor":38.0,"gold_loss":0.0,"damage_taken":0.0},{"damage_healed":0.0,"max_hp_gain":0.0,"max_hp_loss":0.0,"gold_gain":0.0,"event_name":"Accursed Blacksmith","player_choice":"Forge","floor":39.0,"gold_loss":0.0,"damage_taken":0.0,"cards_upgraded":["Disarm"]}],"is_beta":false,"boss_relics":[{"not_picked":["Orrery","Black Star"],"picked":"Fusion Hammer"},{"not_picked":["Mark of Pain","Velvet Choker"],"picked":"Lizard Tail"}],"items_purged_floors":[4,53],"is_endless":false,"potions_floor_spawned":[1,13,14,16,27,28,29,33,35,41,47,54],"ascension_level":0}