{"gold_per_floor":[212,227,245,170,170,170,197,208,208,65,65,90,90,90,90,188,188,208,208,234,246,266,266,278,278,278,293,310,310,2,33,33,137,137,152,374,428,528,542,558,558,574,574,574,574,134,134,147,147,147],"floor_reached":51,"playtime":3557,"items_purged":["Strike_R","Strike_R"],"score":800,"play_id":"2119c01c-4440-4f67-8171-eefe507beeb1","local_time":"20181108224510","is_ascension_mode":false,"campfire_choices":[{"data":"Searing Blow","floor":6.0,"key":"SMITH"},{"data":"Searing Blow+1","floor":11.0,"key":"SMITH"},{"data":"Searing Blow+2","floor":13.0,"key":"SMITH"},{"data":"Bash","floor":15.0,"key":"SMITH"},{"data":"Searing Blow+3","floor":23.0,"key":"SMITH"},{"data":"Immolate","floor":25.0,"key":"SMITH"},{"data":"Searing Blow+4","floor":29.0,"key":"SMITH"},{"data":"Armaments","floor":32.0,"key":"SMITH"},{"data":"Searing Blow+5","floor":41.0,"key":"SMITH"},{"data":"Searing Blow+6","floor":44.0,"key":"SMITH"},{"data":"Searing Blow+7","floor":45.0,"key":"SMITH"},{"data":"Searing Blow+8","floor":49.0,"key":"SMITH"}],"neow_cost":"NONE","seed_source_timestamp":1970860395903354,"circlet_count":0,"master_deck":["Strike_R","Defend_R","Defend_R","Defend_R","Defend_R","Bash+1","Searing Blow+9","Warcry","Dropkick+1","Disarm","Shrug It Off","Thunderclap","Armaments+1","Twin Strike","Immolate+1","Cleave+1","Offering"],"special_seed":0,"relics":["Burning Blood","Vajra","Bag of Marbles","Happy Flower","Bottled Flame","Orrery","Red Mask","Mercury Hourglass","Strawberry","Orichalcum","Anchor","Velvet Choker","Champion Belt","WingedGreaves","Du-Vu Doll","Whetstone","ClockworkSouvenir"],"potions_floor_usage":[50],"damage_taken":[{"damage":5.0,"enemies":"Cultist","floor":1.0,"turns":4.0},{"damage":0.0,"enemies":"Small Slimes","floor":2.0,"turns":4.0},{"damage":3.0,"enemies":"2 Louse","floor":3.0,"turns":3.0},{"damage":22.0,"enemies":"Lagavulin","floor":7.0,"turns":6.0},{"damage":5.0,"enemies":"Blue Slaver","floor":8.0,"turns":3.0},{"damage":28.0,"enemies":"3 Sentries","floor":12.0,"turns":7.0},{"damage":9.0,"enemies":"Hexaghost","floor":16.0,"turns":7.0},{"damage":15.0,"enemies":"2 Thieves","floor":18.0,"turns":4.0},{"damage":11.0,"enemies":"Masked Bandits","floor":20.0,"turns":3.0},{"damage":1.0,"enemies":"Chosen","floor":21.0,"turns":3.0},{"damage":14.0,"enemies":"Centurion and Healer","floor":22.0,"turns":5.0},{"damage":0.0,"enemies":"Snake Plant","floor":24.0,"turns":1.0},{"damage":14.0,"enemies":"Shelled Parasite and Fungi","floor":27.0,"turns":3.0},{"damage":0.0,"enemies":"3 Cultists","floor":28.0,"turns":3.0},{"damage":11.0,"enemies":"Slavers","floor":31.0,"turns":3.0},{"damage":31.0,"enemies":"Collector","floor":33.0,"turns":7.0},{"damage":4.0,"enemies":"3 Darklings","floor":35.0,"turns":4.0},{"damage":8.0,"enemies":"2 Orb Walkers","floor":37.0,"turns":3.0},{"damage":6.0,"enemies":"Mind Bloom Boss Battle","floor":38.0,"turns":4.0},{"damage":6.0,"enemies":"Orb Walker","floor":39.0,"turns":2.0},{"damage":26.0,"enemies":"Maw","floor":40.0,"turns":6.0},{"damage":0.0,"enemies":"Writhing Mass","floor":42.0,"turns":5.0},{"damage":0.0,"enemies":"4 Shapes","floor":48.0,"turns":3.0},{"damage":44,"enemies":"Donu and Deca","floor":50,"turns":6}],"seed_played":"-580247926005618079","potions_obtained":[{"floor":1.0,"key":"SpeedPotion"},{"floor":7.0,"key":"Fire Potion"},{"floor":20.0,"key":"Fire Potion"},{"floor":27.0,"key":"Block Potion"},{"floor":28.0,"key":"LiquidBronze"},{"floor":33.0,"key":"AttackPotion"},{"floor":42.0,"key":"GamblersBrew"}],"is_trial":false,"path_per_floor":["M","M","M","$","?","R","E","M","T","$","R","E","R","$","R","B",null,"M","?","?","M","M","R","M","R","T","M","M","R","$","E","R","B",null,"M","?","?","?","M","M","R","M","T","R","R","$","?","M","R","B",null],"character_chosen":"IRONCLAD","items_purchased":["Happy Flower","Strawberry","Orichalcum","Whetstone","ClockworkSouvenir"],"campfire_rested":0,"item_purchase_floors":[10,30,30,46,46],"current_hp_per_floor":[80,80,80,80,80,80,64,65,65,65,65,43,43,43,43,40,80,71,71,66,71,63,63,69,69,69,61,67,67,74,69,69,44,87,87,87,85,85,85,65,65,71,71,71,71,71,71,77,77,39],"gold":147,"neow_bonus":"HUNDRED_GOLD","is_prod":false,"is_daily":false,"chose_seed":false,"campfire_upgraded":12,"win_rate":0,"timestamp":1541735110,"path_taken":["M","?","M","$","?","R","E","M","T","$","R","E","R","?","R","BOSS","M","?","?","M","M","R","M","R","T","M","M","R","$","E","R","BOSS","M","?","?","?","M","M","R","?","T","R","R","$","?","M","R","BOSS"],"build_version":"2018-11-08","purchased_purges":2,"victory":true,"max_hp_per_floor":[80,80,80,80,80,80,80,80,80,80,80,80,80,80,80,80,80,80,80,80,80,80,80,80,80,80,80,80,80,87,87,87,87,87,87,87,87,87,87,87,87,87,87,87,87,87,87,87,87,87],"card_choices":[{"not_picked":["Power Through","Body Slam"],"picked":"Searing Blow","floor":1.0},{"not_picked":["Heavy Blade","Havoc"],"picked":"Warcry","floor":2.0},{"not_picked":["Havoc","Body Slam"],"picked":"Dropkick","floor":3.0},{"not_picked":["Evolve","Impervious"],"picked":"Shrug It Off","floor":7.0},{"not_picked":["True Grit","Feel No Pain"],"picked":"Thunderclap","floor":8.0},{"not_picked":["Heavy Blade","Flex","Body Slam"],"picked":"SKIP","floor":12.0},{"not_picked":["Havoc","Entrench"],"picked":"Armaments","floor":17.0},{"not_picked":["Pummel","Body Slam"],"picked":"Twin Strike","floor":17.0},{"not_picked":["Entrench","Infernal Blade+1"],"picked":"Immolate","floor":18.0},{"not_picked":["Body Slam","Wild Strike+1"],"picked":"Cleave+1","floor":20.0},{"not_picked":["Carnage","Pommel Strike","Twin Strike+1"],"picked":"SKIP","floor":21.0},{"not_picked":["Shrug It Off","Intimidate","Sword Boomerang"],"picked":"SKIP","floor":22.0},{"not_picked":["Sword Boomerang","Anger","Shrug It Off"],"picked":"SKIP","floor":24.0},{"not_picked":["Limit Break","Heavy Blade","Combust"],"picked":"SKIP","floor":27.0},{"not_picked":["Body Slam","Twin Strike","Anger"],"picked":"SKIP","floor":28.0},{"not_picked":["Fire Breathing","Pummel+1","Ghostly Armor+1"],"picked":"SKIP","floor":31.0},{"not_picked":["Limit Break","Bludgeon"],"picked":"Offering","floor":33.0},{"not_picked":["Sword Boomerang+1","Cleave+1","Iron Wave"],"picked":"SKIP","floor":35.0},{"not_picked":["Second Wind","Clash","Reckless Charge"],"picked":"SKIP","floor":39.0},{"not_picked":["Intimidate","Anger","Corruption+1"],"picked":"SKIP","floor":40.0},{"not_picked":["Anger","Wild Strike","Thunderclap"],"picked":"SKIP","floor":42.0},{"not_picked":["Cleave+1","Barricade","Wild Strike"],"picked":"SKIP","floor":48.0}],"player_experience":557710,"relics_obtained":[{"floor":7.0,"key":"Vajra"},{"floor":9.0,"key":"Bag of Marbles"},{"floor":12.0,"key":"Bottled Flame"},{"floor":20.0,"key":"Red Mask"},{"floor":26.0,"key":"Mercury Hourglass"},{"floor":31.0,"key":"Anchor"},{"floor":37.0,"key":"Champion Belt"},{"floor":38.0,"key":"WingedGreaves"},{"floor":43.0,"key":"Du-Vu Doll"}],"event_choices":[{"damage_healed":0.0,"max_hp_gain":0.0,"max_hp_loss":0.0,"gold_gain":0.0,"cards_transformed":["Strike_R"],"event_name":"Transmorgrifier","player_choice":"Transformed","floor":5.0,"gold_loss":0.0,"damage_taken":0.0,"cards_obtained":["Disarm"]},{"damage_healed":0.0,"max_hp_gain":0.0,"max_hp_loss":0.0,"gold_gain":0.0,"event_name":"Vampires","player_choice":"Ignored","floor":19.0,"gold_loss":0.0,"damage_taken":0.0},{"damage_healed":0.0,"max_hp_gain":0.0,"max_hp_loss":0.0,"gold_gain":0.0,"event_name":"Masked Bandits","player_choice":"Fought Bandits","floor":20.0,"gold_loss":0.0,"damage_taken":0.0},{"damage_healed":0.0,"max_hp_gain":0.0,"max_hp_loss":0.0,"gold_gain":222.0,"event_name":"Tomb of Lord Red Mask","player_choice":"Wore Mask","floor":36.0,"gold_loss":0.0,"damage_taken":0.0},{"damage_healed":0.0,"max_hp_gain":0.0,"max_hp_loss":0.0,"gold_gain":0.0,"event_name":"Mysterious Sphere","player_choice":"Fight","floor":37.0,"gold_loss":0.0,"damage_taken":0.0},{"damage_healed":0.0,"max_hp_gain":0.0,"max_hp_loss":0.0,"gold_gain":0.0,"event_name":"MindBloom","player_choice":"Fight","floor":38.0,"gold_loss":0.0,"damage_taken":0.0},{"cards_removed":["Strike_R"],"damage_healed":0.0,"max_hp_gain":0.0,"max_hp_loss":0.0,"gold_gain":0.0,"event_name":"Falling","player_choice":"Removed Attack","floor":47.0,"gold_loss":0.0,"damage_taken":0.0}],"is_beta":false,"boss_relics":[{"not_picked":["Calling Bell","Snecko Eye"],"picked":"Orrery"},{"not_picked":["Fusion Hammer","Tiny House"],"picked":"Velvet Choker"}],"items_purged_floors":[4,46],"is_endless":false,"potions_floor_spawned":[1,7,20,27,28,33,35,42,48],"ascension_level":0}