{"gold_per_floor":[109,121,121,141,165,209,223,223,277,302,302],"floor_reached":11,"playtime":664,"items_purged":[],"score":135,"play_id":"b08772f3-ca2c-4a3b-9c33-bf0b7f90b878","local_time":"20190914201420","is_ascension_mode":true,"campfire_choices":[{"data":"Clothesline","floor":8.0,"key":"SMITH"}],"neow_cost":"NONE","seed_source_timestamp":159550841926500,"circlet_count":0,"master_deck":["AscendersBane","Strike_R","Strike_R","Strike_R","Strike_R","Strike_R","Defend_R","Defend_R","Defend_R","Defend_R","Bash","True Grit","Pommel Strike","Clothesline+1","Thunderclap","Ghostly Armor","Disarm","Fire Breathing"],"special_seed":0,"relics":["Burning Blood","Oddly Smooth Stone","Golden Idol","Lantern","Bag of Preparation"],"potions_floor_usage":[11,11],"damage_taken":[{"damage":0.0,"enemies":"Jaw Worm","floor":1.0,"turns":5.0},{"damage":6.0,"enemies":"Small Slimes","floor":2.0,"turns":6.0},{"damage":0.0,"enemies":"Cultist","floor":4.0,"turns":3.0},{"damage":18.0,"enemies":"Exordium Wildlife","floor":5.0,"turns":10.0},{"damage":29.0,"enemies":"Lagavulin","floor":6.0,"turns":10.0},{"damage":10.0,"enemies":"Exordium Thugs","floor":7.0,"turns":5.0},{"damage":15.0,"enemies":"Gremlin Gang","floor":10.0,"turns":6.0},{"damage":24,"enemies":"Gremlin Nob","floor":11,"turns":3}],"seed_played":"1401669363993254848","potions_obtained":[{"floor":2.0,"key":"Strength Potion"},{"floor":4.0,"key":"LiquidBronze"},{"floor":10.0,"key":"LiquidBronze"}],"is_trial":false,"path_per_floor":["M","M","?","M","M","E","M","R","T","M","E"],"character_chosen":"IRONCLAD","items_purchased":[],"campfire_rested":0,"item_purchase_floors":[],"current_hp_per_floor":[74,74,68,68,56,33,29,29,29,20,0],"gold":302,"neow_bonus":"RANDOM_COMMON_RELIC","is_prod":false,"is_daily":false,"chose_seed":false,"campfire_upgraded":1,"win_rate":0,"timestamp":1568484860,"path_taken":["M","M","?","M","M","E","M","R","T","M","E"],"build_version":"2019-09-12","purchased_purges":0,"victory":false,"max_hp_per_floor":[75,75,68,68,68,68,68,68,68,68,68],"card_choices":[{"not_picked":["Body Slam","Heavy Blade"],"picked":"True Grit","floor":1.0},{"not_picked":["Perfected Strike","Clash"],"picked":"Pommel Strike","floor":2.0},{"not_picked":["Perfected Strike","Blood for Blood"],"picked":"Clothesline","floor":4.0},{"not_picked":["Pommel Strike","Juggernaut"],"picked":"Thunderclap","floor":5.0},{"not_picked":["Rage","Havoc"],"picked":"Ghostly Armor","floor":6.0},{"not_picked":["Carnage","Headbutt"],"picked":"Disarm","floor":7.0},{"not_picked":["Blood for Blood","Pommel Strike"],"picked":"Fire Breathing","floor":10.0}],"player_experience":826085,"relics_obtained":[{"floor":6.0,"key":"Lantern"},{"floor":9.0,"key":"Bag of Preparation"}],"event_choices":[{"damage_healed":0.0,"max_hp_gain":0.0,"max_hp_loss":7.0,"gold_gain":0.0,"event_name":"Golden Idol","player_choice":"Lose Max HP","floor":3.0,"gold_loss":0.0,"damage_taken":0.0,"relics_obtained":["Golden Idol"]}],"is_beta":true,"boss_relics":[],"items_purged_floors":[],"is_endless":false,"potions_floor_spawned":[2,4,10],"killed_by":"Gremlin Nob","ascension_level":15}