{"gold_per_floor":[111,125,140,12,22,22,57,57,125,144,162,162,162,191,191,265,265,282,282,202,14,14,14],"floor_reached":23,"playtime":1332,"items_purged":["Strike_G"],"score":398,"play_id":"ef5cf40d-67c1-4c39-bb6d-02e0cab7b262","local_time":"20190617095353","is_ascension_mode":true,"campfire_choices":[{"floor":6.0,"key":"REST"},{"floor":8.0,"key":"REST"},{"floor":12.0,"key":"REST"},{"floor":15.0,"key":"REST"}],"neow_cost":"NONE","seed_source_timestamp":409233365643380,"circlet_count":0,"master_deck":["AscendersBane","Defend_G","Defend_G","Defend_G","Defend_G","Defend_G","Strike_G","Strike_G","Strike_G","Strike_G","Survivor","Neutralize","Deadly Poison","Cloak And Dagger","Slice","Terror","Cloak And Dagger","Cloak And Dagger","Pain","Footwork","Tools of the Trade","J.A.X.","Underhanded Strike","Master of Strategy","Shame"],"special_seed":0,"relics":["Ring of the Snake","WingedGreaves","Pear","WarpedTongs","Art of War","HoveringKite","Omamori"],"potions_floor_usage":[],"damage_taken":[{"damage":12.0,"enemies":"Small Slimes","floor":1.0,"turns":7.0},{"damage":0.0,"enemies":"Cultist","floor":2.0,"turns":3.0},{"damage":0.0,"enemies":"2 Louse","floor":3.0,"turns":3.0},{"damage":38.0,"enemies":"Exordium Wildlife","floor":5.0,"turns":6.0},{"damage":23.0,"enemies":"Gremlin Nob","floor":7.0,"turns":4.0},{"damage":18.0,"enemies":"Lots of Slimes","floor":10.0,"turns":7.0},{"damage":14.0,"enemies":"Red Slaver","floor":11.0,"turns":6.0},{"damage":17.0,"enemies":"3 Sentries","floor":14.0,"turns":10.0},{"damage":18.0,"enemies":"The Guardian","floor":16.0,"turns":13.0},{"damage":13.0,"enemies":"Shell Parasite","floor":18.0,"turns":12.0},{"damage":7.0,"enemies":"2 Thieves","floor":20.0,"turns":4.0},{"damage":60,"enemies":"Slavers","floor":23,"turns":4}],"seed_played":"-9194572014194149365","potions_obtained":[{"floor":2.0,"key":"Strength Potion"},{"floor":5.0,"key":"PowerPotion"},{"floor":11.0,"key":"Swift Potion"},{"floor":14.0,"key":"LiquidBronze"}],"is_trial":false,"path_per_floor":["M","M","M","$","M","R","E","R","T","M","M","R","?","E","R","B",null,"M","?","M","$","?","E"],"character_chosen":"THE_SILENT","items_purchased":["Strength Potion","Master of Strategy"],"campfire_rested":4,"item_purchase_floors":[4,21],"current_hp_per_floor":[53,53,53,53,15,36,13,34,44,26,12,36,36,19,43,25,68,55,55,48,48,48,0],"gold":14,"neow_bonus":"TEN_PERCENT_HP_BONUS","is_prod":false,"is_daily":false,"chose_seed":false,"campfire_upgraded":0,"win_rate":0,"timestamp":1560758033,"path_taken":["M","M","M","$","M","R","E","R","T","M","M","R","?","E","R","BOSS","M","?","M","$","?","E"],"build_version":"2019-01-23","purchased_purges":1,"victory":false,"max_hp_per_floor":[72,72,72,72,72,72,72,72,82,82,82,82,82,82,82,82,82,82,82,82,82,82,82],"card_choices":[{"not_picked":["Backflip","Blur"],"picked":"Deadly Poison","floor":1.0},{"not_picked":["Flechettes","Sucker Punch"],"picked":"Cloak And Dagger","floor":2.0},{"not_picked":["Infinite Blades","Setup","Concentrate"],"picked":"SKIP","floor":3.0},{"not_picked":["Underhanded Strike","Prepared"],"picked":"Slice","floor":5.0},{"not_picked":["Calculated Gamble","Poisoned Stab"],"picked":"Terror","floor":7.0},{"not_picked":["Prepared","All Out Attack"],"picked":"Cloak And Dagger","floor":10.0},{"not_picked":["Expertise","Sucker Punch"],"picked":"Cloak And Dagger","floor":11.0},{"not_picked":["Flying Knee","Underhanded Strike"],"picked":"Footwork","floor":14.0},{"not_picked":["Storm of Steel","Unload"],"picked":"Tools of the Trade","floor":16.0},{"not_picked":["Setup","Underhanded Strike","Slice"],"picked":"SKIP","floor":18.0},{"not_picked":["Terror+1","Poisoned Stab"],"picked":"Underhanded Strike","floor":20.0}],"player_experience":538761,"relics_obtained":[{"floor":7.0,"key":"WingedGreaves"},{"floor":9.0,"key":"Pear"},{"floor":14.0,"key":"Art of War"}],"event_choices":[{"damage_healed":0.0,"max_hp_gain":0.0,"max_hp_loss":0.0,"gold_gain":0.0,"event_name":"Accursed Blacksmith","player_choice":"Rummage","floor":13.0,"gold_loss":0.0,"damage_taken":0.0,"relics_obtained":["WarpedTongs"],"cards_obtained":["Pain"]},{"damage_healed":0.0,"max_hp_gain":0.0,"max_hp_loss":0.0,"gold_gain":0.0,"event_name":"Drug Dealer","player_choice":"Obtain J.A.X.","floor":19.0,"gold_loss":0.0,"damage_taken":0.0,"cards_obtained":["J.A.X."]},{"damage_healed":0,"gold_gain":0,"player_choice":"Stole Relic","damage_taken":0,"relics_obtained":["Omamori"],"max_hp_gain":0,"max_hp_loss":0,"event_name":"Addict","floor":22,"gold_loss":0,"cards_obtained":["Shame"]}],"is_beta":false,"boss_relics":[{"not_picked":["Pandora\u0027s Box","Calling Bell"],"picked":"HoveringKite"}],"items_purged_floors":[4],"is_endless":false,"potions_floor_spawned":[2,5,11,14,18],"killed_by":"Slavers","ascension_level":20}