{"gold_per_floor":[364,68,88,102,23,49,62,62,62,75,103,3,3,29,29,124,124,134,145,160,160,160,194,194,226,250,281,281,291,311,311,311,311],"floor_reached":33,"playtime":1457,"items_purged":["Writhe","Strike_R"],"score":350,"play_id":"c8d2c00c-4210-47e3-8bd0-bced577cead6","local_time":"20190407135619","is_ascension_mode":false,"campfire_choices":[{"data":"Bash","floor":8.0,"key":"SMITH"},{"data":"Rage","floor":13.0,"key":"SMITH"},{"data":"Sword Boomerang","floor":15.0,"key":"SMITH"},{"data":"Sword Boomerang","floor":24.0,"key":"SMITH"},{"data":"Intimidate","floor":28.0,"key":"SMITH"},{"data":"Limit Break","floor":32.0,"key":"SMITH"}],"neow_cost":"CURSE","seed_source_timestamp":157976095922208,"circlet_count":0,"master_deck":["Strike_R","Strike_R","Strike_R","Strike_R","Defend_R","Defend_R","Defend_R","Defend_R","Bash+1","Clothesline","Spot Weakness","Rage+1","Sword Boomerang+1","Rampage","Burning Pact","Cleave","Sword Boomerang+1","Demon Form+1","Headbutt","Offering","Intimidate+1","Flame Barrier+1","Limit Break+1","Sword Boomerang+1"],"special_seed":0,"relics":["Burning Blood","PreservedInsect","Bag of Marbles","Centennial Puzzle","Frozen Egg 2","Omamori","Mark of Pain","Ancient Tea Set","Kunai","Oddly Smooth Stone","Smiling Mask"],"potions_floor_usage":[33,33,33],"damage_taken":[{"damage":1.0,"enemies":"Cultist","floor":1.0,"turns":3.0},{"damage":5.0,"enemies":"Small Slimes","floor":3.0,"turns":4.0},{"damage":2.0,"enemies":"Jaw Worm","floor":4.0,"turns":5.0},{"damage":11.0,"enemies":"3 Sentries","floor":6.0,"turns":6.0},{"damage":15.0,"enemies":"Large Slime","floor":7.0,"turns":6.0},{"damage":3.0,"enemies":"Looter","floor":10.0,"turns":3.0},{"damage":6.0,"enemies":"Gremlin Nob","floor":11.0,"turns":3.0},{"damage":4.0,"enemies":"3 Sentries","floor":14.0,"turns":3.0},{"damage":39.0,"enemies":"Hexaghost","floor":16.0,"turns":6.0},{"damage":7.0,"enemies":"Chosen","floor":18.0,"turns":3.0},{"damage":9.0,"enemies":"Shell Parasite","floor":19.0,"turns":2.0},{"damage":7.0,"enemies":"Snecko","floor":20.0,"turns":3.0},{"damage":25.0,"enemies":"Slavers","floor":23.0,"turns":3.0},{"damage":14.0,"enemies":"Book of Stabbing","floor":25.0,"turns":4.0},{"damage":6.0,"enemies":"Slavers","floor":27.0,"turns":2.0},{"damage":12.0,"enemies":"Sentry and Sphere","floor":29.0,"turns":5.0},{"damage":6.0,"enemies":"Chosen and Byrds","floor":30.0,"turns":3.0},{"damage":63,"enemies":"Collector","floor":33,"turns":6}],"seed_played":"-1760808727297507333","potions_obtained":[{"floor":1.0,"key":"Fruit Juice"},{"floor":4.0,"key":"SteroidPotion"},{"floor":7.0,"key":"Energy Potion"},{"floor":14.0,"key":"FearPotion"},{"floor":18.0,"key":"Block Potion"},{"floor":29.0,"key":"FearPotion"}],"is_trial":false,"path_per_floor":["M","$","M","M","$","E","M","R","T","M","E","$","R","E","R","B",null,"M","M","M","?","$","E","R","E","T","E","R","M","M","?","R","B"],"character_chosen":"IRONCLAD","items_purchased":["PreservedInsect","Spot Weakness","Rampage"],"campfire_rested":0,"item_purchase_floors":[2,2,5],"current_hp_per_floor":[85,85,85,85,85,80,71,71,71,74,74,74,74,76,76,43,85,84,81,80,80,80,61,61,53,53,53,53,47,47,47,47,0],"gold":311,"neow_bonus":"TWO_FIFTY_GOLD","is_prod":false,"is_daily":false,"chose_seed":false,"campfire_upgraded":6,"win_rate":0,"timestamp":1554659779,"path_taken":["M","?","M","M","$","E","M","R","T","M","E","$","R","E","R","BOSS","M","M","?","?","?","E","R","E","T","E","R","M","M","?","R","BOSS"],"build_version":"2019-01-23","purchased_purges":2,"victory":false,"max_hp_per_floor":[85,85,85,85,85,85,85,85,85,85,85,85,85,85,85,85,85,85,85,85,85,85,85,85,85,85,85,85,85,85,85,85,85],"card_choices":[{"not_picked":["True Grit","Wild Strike"],"picked":"Clothesline","floor":1.0},{"not_picked":["Blood for Blood","Iron Wave"],"picked":"Rage","floor":3.0},{"not_picked":["Clash","Blood for Blood"],"picked":"Sword Boomerang","floor":4.0},{"not_picked":["Second Wind","Pommel Strike"],"picked":"Burning Pact","floor":6.0},{"not_picked":["Shrug It Off","Wild Strike"],"picked":"Cleave","floor":7.0},{"not_picked":["Cleave","Iron Wave"],"picked":"Sword Boomerang","floor":10.0},{"not_picked":["Uppercut","Armaments"],"picked":"Demon Form","floor":11.0},{"not_picked":["Shrug It Off","Armaments"],"picked":"Headbutt","floor":14.0},{"not_picked":["Impervious","Feed"],"picked":"Offering","floor":16.0},{"not_picked":["Clash","Warcry"],"picked":"Intimidate","floor":18.0},{"not_picked":["Rupture+1","Intimidate","Clothesline"],"picked":"SKIP","floor":19.0},{"not_picked":["Fire Breathing+1","Intimidate","Body Slam"],"picked":"SKIP","floor":20.0},{"not_picked":["Metallicize+1","Body Slam"],"picked":"Flame Barrier+1","floor":23.0},{"not_picked":["Corruption+1","True Grit"],"picked":"Limit Break","floor":25.0},{"not_picked":["Anger","Clash+1"],"picked":"Sword Boomerang+1","floor":27.0},{"not_picked":["Flex","Rampage+1","Clothesline+1"],"picked":"SKIP","floor":29.0},{"not_picked":["Cleave","Searing Blow","Anger"],"picked":"SKIP","floor":30.0}],"player_experience":769427,"relics_obtained":[{"floor":6.0,"key":"Bag of Marbles"},{"floor":9.0,"key":"Centennial Puzzle"},{"floor":11.0,"key":"Frozen Egg 2"},{"floor":14.0,"key":"Omamori"},{"floor":23.0,"key":"Ancient Tea Set"},{"floor":25.0,"key":"Kunai"},{"floor":27.0,"key":"Oddly Smooth Stone"}],"event_choices":[{"damage_healed":0.0,"max_hp_gain":0.0,"max_hp_loss":0.0,"gold_gain":0.0,"event_name":"Ghosts","player_choice":"Ignored","floor":21.0,"gold_loss":0.0,"damage_taken":0.0},{"damage_healed":0.0,"max_hp_gain":0.0,"max_hp_loss":0.0,"gold_gain":0.0,"event_name":"Addict","player_choice":"Stole Relic","floor":31.0,"gold_loss":0.0,"damage_taken":0.0,"relics_obtained":["Smiling Mask"],"cards_obtained":["Shame"]}],"is_beta":false,"boss_relics":[{"not_picked":["Philosopher\u0027s Stone","Snecko Eye"],"picked":"Mark of Pain"}],"items_purged_floors":[2,12],"is_endless":false,"potions_floor_spawned":[1,4,7,14,16,18,20,29],"killed_by":"Collector","ascension_level":0}