{"gold_per_floor":[112,187,201,213,55,55,80,80,154,154,171,230,254,266,266,364,364,380,380,52,52,66,66,82,82,160,9,9,42,61,386,386,482,482,500,500,520,532,548,574,574,608,631,631,649,663,691,708,708,708],"floor_reached":50,"playtime":2657,"items_purged":["Strike_R"],"score":632,"play_id":"bf5e9a28-120d-4722-ae26-2a3b0d9f1e12","local_time":"20190920195228","is_ascension_mode":false,"campfire_choices":[{"data":"Combust","floor":6,"key":"SMITH"},{"data":"Double Tap","floor":8,"key":"SMITH"},{"data":"Rampage","floor":10,"key":"SMITH"},{"data":"Anger","floor":15,"key":"SMITH"},{"data":"Bash","floor":23,"key":"SMITH"},{"data":"True Grit","floor":25,"key":"SMITH"},{"data":"Uppercut","floor":28,"key":"SMITH"},{"data":"Dark Embrace","floor":32,"key":"SMITH"},{"floor":41,"key":"RECALL"},{"data":"Limit Break","floor":44,"key":"SMITH"},{"data":"Impervious","floor":49,"key":"SMITH"}],"neow_cost":"PERCENT_DAMAGE","seed_source_timestamp":579908091981335,"circlet_count":0,"master_deck":["Strike_R","Strike_R","Strike_R","Defend_R","Defend_R","Defend_R","Defend_R","Bash+1","Rampage+1","Cleave","Anger+1","Combust+1","Double Tap+1","Shrug It Off","Warcry+1","Dark Embrace+1","Impervious+1","Power Through+1","RitualDagger","Metallicize","Necronomicurse","True Grit+1","True Grit+1","Uppercut+1","Second Wind","Limit Break+1","Inflame+1","Offering","True Grit+1"],"relics":["Burning Blood","Bird Faced Urn","Lantern","Mercury Hourglass","Tiny Chest","Vajra","Mark of Pain","Kunai","Necronomicon","Meat on the Bone","Bronze Scales","Old Coin","Busted Crown","War Paint","Smiling Mask","Regal Pillow"],"potions_floor_usage":[16,50],"damage_taken":[{"damage":3,"enemies":"2 Louse","floor":1,"turns":4},{"damage":8,"enemies":"Jaw Worm","floor":3,"turns":4},{"damage":1,"enemies":"Cultist","floor":4,"turns":3},{"damage":11,"enemies":"3 Sentries","floor":7,"turns":3},{"damage":2,"enemies":"3 Louse","floor":11,"turns":2},{"damage":29,"enemies":"Gremlin Nob","floor":12,"turns":4},{"damage":4,"enemies":"Exordium Wildlife","floor":14,"turns":2},{"damage":41,"enemies":"Hexaghost","floor":16,"turns":8},{"damage":14,"enemies":"Shell Parasite","floor":18,"turns":3},{"damage":2,"enemies":"3 Byrds","floor":22,"turns":3},{"damage":7,"enemies":"Snecko","floor":24,"turns":6},{"damage":13,"enemies":"Slavers","floor":29,"turns":5},{"damage":0,"enemies":"Snake Plant","floor":30,"turns":3},{"damage":3,"enemies":"Book of Stabbing","floor":31,"turns":4},{"damage":27,"enemies":"Automaton","floor":33,"turns":8},{"damage":7,"enemies":"3 Shapes","floor":35,"turns":3},{"damage":6,"enemies":"Orb Walker","floor":37,"turns":3},{"damage":8,"enemies":"Transient","floor":38,"turns":5},{"damage":3,"enemies":"Sphere and 2 Shapes","floor":39,"turns":3},{"damage":26,"enemies":"Giant Head","floor":40,"turns":8},{"damage":26,"enemies":"Reptomancer","floor":42,"turns":6},{"damage":10,"enemies":"Maw","floor":45,"turns":7},{"damage":9,"enemies":"Jaw Worm Horde","floor":46,"turns":4},{"damage":18,"enemies":"Giant Head","floor":47,"turns":7},{"damage":13,"enemies":"Spire Growth","floor":48,"turns":4},{"damage":61,"enemies":"Time Eater","floor":50,"turns":11}],"seed_played":"5551044631087671133","potions_obtained":[{"floor":4,"key":"BloodPotion"},{"floor":7,"key":"Regen Potion"},{"floor":12,"key":"Regen Potion"},{"floor":16,"key":"SpeedPotion"}],"is_trial":false,"path_per_floor":["M","?","M","M","$","R","E","R","T","R","M","E","T","M","R","B",null,"M","?","$","?","M","R","M","R","T","$","R","E","M","E","R","B",null,"M","?","M","M","M","E","R","E","T","R","M","M","E","M","R","B"],"character_chosen":"IRONCLAD","items_purchased":["Combust","Double Tap","Kunai","Metallicize","Uppercut"],"campfire_rested":0,"item_purchase_floors":[5,5,20,20,27],"current_hp_per_floor":[59,48,46,51,51,51,48,48,48,48,54,31,31,35,35,22,80,72,66,66,50,56,56,57,57,57,57,57,54,62,69,69,54,80,79,79,80,79,80,64,64,50,50,50,54,55,51,50,50,0],"gold":708,"neow_bonus":"ONE_RARE_RELIC","is_prod":false,"is_daily":false,"chose_seed":false,"campfire_upgraded":10,"win_rate":0,"timestamp":1569023548,"path_taken":["M","?","M","M","$","R","E","R","T","R","M","E","?","?","R","BOSS","M","?","$","?","M","R","M","R","T","?","R","E","M","E","R","BOSS","M","?","M","M","M","E","R","E","T","R","M","M","E","?","R","BOSS"],"build_version":"2019-07-17","purchased_purges":1,"victory":false,"max_hp_per_floor":[80,80,80,80,80,80,80,80,80,80,80,80,80,80,80,80,80,80,80,80,80,80,80,80,80,80,80,80,80,80,80,80,80,80,80,80,80,80,80,80,80,80,80,80,80,80,80,80,80,80],"card_choices":[{"not_picked":["Shrug It Off","Clothesline"],"picked":"Rampage","floor":1},{"not_picked":["Burning Pact","Feel No Pain"],"picked":"Cleave","floor":3},{"not_picked":["Armaments","Clash"],"picked":"Anger","floor":4},{"not_picked":["Clash","Exhume"],"picked":"Shrug It Off","floor":7},{"not_picked":["Sword Boomerang","Entrench"],"picked":"Warcry","floor":11},{"not_picked":["Havoc","Sentinel"],"picked":"Dark Embrace","floor":12},{"not_picked":["Sword Boomerang","Cleave","Flex"],"picked":"SKIP","floor":14},{"not_picked":["Immolate","Brutality"],"picked":"Impervious","floor":16},{"not_picked":["Bloodletting","Clothesline+1"],"picked":"Power Through","floor":18},{"not_picked":["Combust","Disarm"],"picked":"True Grit+1","floor":22},{"not_picked":["Armaments","Pommel Strike+1"],"picked":"True Grit","floor":24},{"not_picked":["Havoc","Pommel Strike","Power Through"],"picked":"SKIP","floor":29},{"not_picked":["Rupture","Havoc"],"picked":"Second Wind","floor":30},{"not_picked":["Warcry","Havoc","Clash+1"],"picked":"SKIP","floor":31},{"not_picked":["Bludgeon","Double Tap"],"picked":"Limit Break","floor":33},{"not_picked":[],"picked":"Inflame+1","floor":35},{"not_picked":["Clash+1"],"picked":"SKIP","floor":37},{"not_picked":["Sword Boomerang+1"],"picked":"SKIP","floor":38},{"not_picked":["Twin Strike+1"],"picked":"SKIP","floor":39},{"not_picked":["Whirlwind"],"picked":"SKIP","floor":40},{"not_picked":["Clothesline"],"picked":"SKIP","floor":42},{"not_picked":[],"picked":"True Grit+1","floor":45},{"not_picked":["Warcry+1"],"picked":"SKIP","floor":46},{"not_picked":["Searing Blow"],"picked":"SKIP","floor":47},{"not_picked":["Hemokinesis"],"picked":"SKIP","floor":48}],"player_experience":1294840,"relics_obtained":[{"floor":7,"key":"Lantern"},{"floor":9,"key":"Mercury Hourglass"},{"floor":12,"key":"Tiny Chest"},{"floor":13,"key":"Vajra"},{"floor":21,"key":"Necronomicon"},{"floor":26,"key":"Meat on the Bone"},{"floor":29,"key":"Bronze Scales"},{"floor":31,"key":"Old Coin"},{"floor":40,"key":"War Paint"},{"floor":42,"key":"Smiling Mask"},{"floor":47,"key":"Regal Pillow"}],"event_choices":[{"damage_healed":0,"gold_gain":75,"player_choice":"Gather Gold","damage_taken":11,"max_hp_gain":0,"max_hp_loss":0,"event_name":"World of Goop","floor":2,"gold_loss":0},{"damage_healed":0,"gold_gain":0,"player_choice":"Joined the Cult","damage_taken":6,"max_hp_gain":0,"max_hp_loss":0,"event_name":"Nest","floor":19,"gold_loss":0,"cards_obtained":["RitualDagger"]},{"damage_healed":0,"gold_gain":0,"player_choice":"Obtained Book","damage_taken":16,"max_hp_gain":0,"max_hp_loss":0,"event_name":"Cursed Tome","floor":21,"gold_loss":0},{"damage_healed":0,"gold_gain":0,"cards_transformed":["Strike_R"],"player_choice":"Transformed","damage_taken":0,"max_hp_gain":0,"max_hp_loss":0,"event_name":"Transmorgrifier","floor":36,"gold_loss":0,"cards_obtained":["Offering"]}],"is_beta":false,"boss_relics":[{"not_picked":["Calling Bell","White Beast Statue"],"picked":"Mark of Pain"},{"not_picked":["Empty Cage","Runic Dome"],"picked":"Busted Crown"}],"items_purged_floors":[27],"is_endless":false,"potions_floor_spawned":[4,7,12,14,16,29,30,33,39,40,45,48],"killed_by":"Time Eater","ascension_level":0}