{"gold_per_floor":[109,34,34,58,58,58,102,102,182,206,206,219,219,72,72,193,193,217,240,265,265,290,329,329,349,349,349,9,9,9,29,29,153,153,172,235,76,76,89,89,105,136,136,157,173,173,193,193,193,193],"floor_reached":51,"playtime":3807,"items_purged":["Normality"],"score":801,"play_id":"6a1d1ceb-18b3-4f65-ab6b-074d62c752bf","local_time":"20180809203035","is_ascension_mode":true,"campfire_choices":[{"data":"Rampage","floor":6,"key":"SMITH"},{"floor":8,"key":"REST"},{"data":"Cleave","floor":11,"key":"SMITH"},{"data":"Sword Boomerang","floor":13,"key":"SMITH"},{"data":"Metallicize","floor":15,"key":"SMITH"},{"floor":24,"key":"REST"},{"floor":29,"key":"REST"},{"floor":32,"key":"REST"},{"data":"Limit Break","floor":40,"key":"SMITH"},{"floor":49,"key":"REST"}],"neow_cost":"CURSE","seed_source_timestamp":264873648896876,"circlet_count":0,"master_deck":["Strike_R","Strike_R","Strike_R","Strike_R","Defend_R","Defend_R+1","Defend_R","Defend_R","Bash","Reaper","Rampage+1","Sword Boomerang+1","Cleave+1","Headbutt+1","Body Slam+1","Dropkick+1","Metallicize+1","Demon Form","Shrug It Off","Thunderclap+1","Battle Trance+1","Writhe","Anger+1","Uppercut+1","Necronomicurse","Limit Break+1","Master of Strategy+1","Juggernaut","Carnage+1","Twin Strike+1","Blood for Blood+1","Bandage Up","Sword Boomerang+1","Blood for Blood+1","Inflame+1"],"relics":["Burning Blood","Golden Idol","Orichalcum","Molten Egg 2","Runic Cube","Sundial","Boot","Du-Vu Doll","Necronomicon","Philosopher\u0027s Stone","Charon\u0027s Ashes","Ice Cream","Mercury Hourglass","War Paint","Red Skull","Dodecahedron"],"potions_floor_usage":[7,16,16,22,23,33,41,41,42,47,50],"damage_taken":[{"damage":1,"enemies":"2 Louse","floor":1,"turns":3},{"damage":8,"enemies":"Jaw Worm","floor":4,"turns":5},{"damage":30,"enemies":"Lagavulin","floor":7,"turns":7},{"damage":0,"enemies":"Small Slimes","floor":10,"turns":3},{"damage":13,"enemies":"3 Louse","floor":12,"turns":2},{"damage":28,"enemies":"The Guardian","floor":16,"turns":9},{"damage":19,"enemies":"Shell Parasite","floor":18,"turns":4},{"damage":6,"enemies":"Chosen","floor":19,"turns":4},{"damage":15,"enemies":"Centurion and Healer","floor":20,"turns":7},{"damage":29,"enemies":"Snake Plant","floor":22,"turns":4},{"damage":31,"enemies":"Book of Stabbing","floor":23,"turns":4},{"damage":19,"enemies":"Snecko","floor":25,"turns":6},{"damage":23,"enemies":"Slaver and Parasite","floor":31,"turns":3},{"damage":20,"enemies":"Automaton","floor":33,"turns":6},{"damage":0,"enemies":"Flame Bruiser 1 Orb","floor":35,"turns":3},{"damage":25,"floor":36,"turns":2},{"damage":4,"enemies":"3 Darklings","floor":39,"turns":3},{"damage":7,"enemies":"Sphere and 2 Shapes","floor":41,"turns":3},{"damage":15,"enemies":"2 Orb Walkers","floor":42,"turns":3},{"damage":0,"enemies":"Spire Growth","floor":44,"turns":2},{"damage":1,"enemies":"3 Darklings","floor":45,"turns":2},{"damage":20,"enemies":"4 Shapes","floor":47,"turns":3},{"damage":50,"enemies":"Time Eater","floor":50,"turns":4}],"seed_played":"-3251872617371635880","potions_obtained":[{"floor":4,"key":"SkillPotion"},{"floor":10,"key":"Block Potion"},{"floor":12,"key":"PowerPotion"},{"floor":20,"key":"FearPotion"},{"floor":22,"key":"Block Potion"},{"floor":31,"key":"Strength Potion"},{"floor":39,"key":"EntropicBrew"},{"floor":41,"key":"FearPotion"},{"floor":47,"key":"SkillPotion"}],"is_trial":false,"path_per_floor":["M","$","?","M","?","R","E","R","T","M","R","M","R","$","R","B",null,"M","M","M","?","M","E","R","M","T","?","$","R","$","M","R","B",null,"M","?","$","T","M","R","M","E","T","M","M","T","M","T","R","B"],"character_chosen":"IRONCLAD","items_purchased":["Dropkick+1","Metallicize","Limit Break","Master of Strategy","Blood for Blood+1","Bandage Up"],"campfire_rested":5,"item_purchase_floors":[14,14,28,28,37,37],"current_hp_per_floor":[80,80,60,58,51,51,27,51,51,65,65,58,58,58,58,36,80,67,79,74,74,57,32,56,49,49,33,33,57,57,40,64,50,80,80,69,69,69,75,75,78,69,69,75,80,80,78,78,80,40],"gold":193,"neow_bonus":"THREE_RARE_CARDS","is_prod":false,"is_daily":false,"chose_seed":false,"campfire_upgraded":5,"win_rate":0,"timestamp":1533861035,"path_taken":["M","$","?","M","?","R","E","R","T","M","R","M","R","?","R","BOSS","M","M","M","?","M","E","R","M","T","?","$","R","?","M","R","BOSS","M","?","?","?","M","R","?","E","T","M","M","?","?","?","R","BOSS"],"build_version":"2018-08-02","purchased_purges":1,"victory":true,"max_hp_per_floor":[80,80,80,80,80,80,80,80,80,80,80,80,80,80,80,80,80,80,80,80,80,80,80,80,80,80,80,80,80,80,80,80,80,80,80,80,80,80,80,80,80,80,80,80,80,80,80,80,80,80],"card_choices":[{"not_picked":["Barricade","Impervious"],"picked":"Reaper","floor":0},{"not_picked":["Carnage","Heavy Blade"],"picked":"Rampage","floor":1},{"not_picked":["Inflame","Disarm"],"picked":"Sword Boomerang","floor":4},{"not_picked":["Heavy Blade","Feel No Pain"],"picked":"Cleave","floor":7},{"not_picked":["Rampage+1","Iron Wave+1"],"picked":"Headbutt+1","floor":10},{"not_picked":["Armaments","Feel No Pain"],"picked":"Body Slam+1","floor":12},{"not_picked":["Dark Embrace","Barricade"],"picked":"Demon Form","floor":16},{"not_picked":["Warcry","Carnage+1"],"picked":"Shrug It Off","floor":18},{"not_picked":["Armaments+1","Cleave+1"],"picked":"Thunderclap+1","floor":19},{"not_picked":["Thunderclap+1","Havoc+1"],"picked":"Battle Trance+1","floor":20},{"not_picked":["Clothesline+1","Ghostly Armor"],"picked":"Anger+1","floor":22},{"not_picked":["Cleave+1","Body Slam+1"],"picked":"Uppercut+1","floor":23},{"not_picked":["True Grit+1","Rupture","Pommel Strike+1"],"picked":"SKIP","floor":25},{"not_picked":["Clash+1","Anger+1","Bludgeon+1"],"picked":"SKIP","floor":31},{"not_picked":["Feed+1","Exhume"],"picked":"Juggernaut","floor":33},{"not_picked":["Rupture","Bloodletting+1"],"picked":"Carnage+1","floor":35},{"not_picked":["Evolve","Sword Boomerang+1"],"picked":"Twin Strike+1","floor":36},{"not_picked":["Pommel Strike+1","Twin Strike+1"],"picked":"Sword Boomerang+1","floor":39},{"not_picked":["Second Wind","Entrench+1","Thunderclap+1"],"picked":"SKIP","floor":41},{"not_picked":["Reckless Charge+1","Clash+1","Anger+1"],"picked":"SKIP","floor":42},{"not_picked":["Reckless Charge+1","Clash+1","Anger+1"],"picked":"SKIP","floor":42},{"not_picked":["Dropkick+1","Clothesline+1"],"picked":"Blood for Blood+1","floor":44},{"not_picked":["Perfected Strike+1","Armaments+1","Dual Wield+1"],"picked":"SKIP","floor":45},{"not_picked":["Perfected Strike+1","Armaments+1","Dual Wield+1"],"picked":"SKIP","floor":45},{"not_picked":["Carnage+1","Warcry+1"],"picked":"Inflame+1","floor":47}],"player_experience":253709,"relics_obtained":[{"floor":7,"key":"Orichalcum"},{"floor":9,"key":"Molten Egg 2"},{"floor":23,"key":"Boot"},{"floor":26,"key":"Du-Vu Doll"},{"floor":27,"key":"Necronomicon"},{"floor":36,"key":"Charon\u0027s Ashes"},{"floor":38,"key":"Ice Cream"},{"floor":42,"key":"Mercury Hourglass"},{"floor":43,"key":"War Paint"},{"floor":46,"key":"Red Skull"},{"floor":48,"key":"Dodecahedron"}],"event_choices":[{"event_name":"Golden Idol","player_choice":"Take Damage","floor":3,"damage_taken":0},{"event_name":"Golden Wing","player_choice":"Card Removal","floor":5,"damage_taken":0},{"event_name":"The Mausoleum","player_choice":"Yes","floor":21,"damage_taken":0},{"event_name":"Cursed Tome","player_choice":"Obtained Book","floor":27,"damage_taken":0},{"event_name":"Mysterious Sphere","player_choice":"Fight","floor":36,"damage_taken":0}],"is_beta":false,"boss_relics":[{"not_picked":["Orrery","Eternal Feather"],"picked":"Runic Cube"},{"not_picked":["Runic Dome","Runic Pyramid"],"picked":"Philosopher\u0027s Stone"}],"items_purged_floors":[2],"is_endless":false,"potions_floor_spawned":[4,10,12,20,22,31,39,41,47],"ascension_level":4}