{"gold_per_floor":[116,29,29,45,45,75,75,103,103,103,135,135,152,164,164,237,237,253,271,72,72,91,125,125,157,181,195,207,207,207,207,207,282,282,294,394,245,245,245,271,271,297,320,332,344,389,109,124,124,124],"floor_reached":51,"playtime":2897,"items_purged":["Strike_G","Strike_G"],"score":1490,"play_id":"79dd85f5-0b84-46b3-902f-0d6e859d368c","local_time":"20190611221943","is_ascension_mode":true,"campfire_choices":[{"floor":7.0,"key":"REST"},{"floor":10.0,"key":"REST"},{"data":"Neutralize","floor":12.0,"key":"SMITH"},{"data":"Skewer","floor":15,"key":"SMITH"},{"floor":24,"key":"REST"},{"data":"Panacea","floor":30,"key":"SMITH"},{"data":"Deadly Poison","floor":32,"key":"SMITH"},{"data":"Leg Sweep","floor":41,"key":"SMITH"},{"data":"Corpse Explosion","floor":45,"key":"SMITH"},{"floor":49,"key":"REST"}],"neow_cost":"NONE","seed_source_timestamp":0,"circlet_count":0,"master_deck":["AscendersBane","Defend_G","Defend_G","Defend_G","Defend_G","Defend_G","Strike_G","Strike_G","Strike_G","Survivor","Neutralize+1","Dagger Throw","Finesse","Deadly Poison+1","Skewer+1","Footwork+1","Dodge and Roll","Backstab","Corpse Explosion+1","Deflect","Panacea+1","Footwork+1","Dodge and Roll","Tools of the Trade+1","Leg Sweep+1","Outmaneuver","Deadly Poison+1"],"special_seed":0,"relics":["Ring of the Snake","Bag of Marbles","Frozen Egg 2","Thread and Needle","Omamori","Boot","PreservedInsect","Busted Crown","TwistedFunnel","Tough Bandages","Gremlin Horn","Vajra","Bronze Scales","Runic Pyramid","Ice Cream","Meat on the Bone","Bottled Lightning","MawBank","Pen Nib","DollysMirror"],"potions_floor_usage":[33,50,50],"damage_taken":[{"damage":16.0,"enemies":"Jaw Worm","floor":1.0,"turns":4.0},{"damage":0.0,"enemies":"2 Louse","floor":4.0,"turns":3.0},{"damage":16.0,"enemies":"Lagavulin","floor":6.0,"turns":8.0},{"damage":10.0,"enemies":"Gremlin Nob","floor":8.0,"turns":4.0},{"damage":6.0,"enemies":"Lagavulin","floor":11.0,"turns":7.0},{"damage":0.0,"enemies":"Cultist","floor":13.0,"turns":2.0},{"damage":0,"enemies":"3 Louse","floor":14,"turns":3},{"damage":20,"enemies":"Hexaghost","floor":16,"turns":12},{"damage":0,"enemies":"Shell Parasite","floor":18,"turns":4},{"damage":8,"enemies":"2 Thieves","floor":19,"turns":4},{"damage":9,"enemies":"Snecko","floor":22,"turns":5},{"damage":22,"enemies":"Book of Stabbing","floor":23,"turns":6},{"damage":0,"enemies":"Slavers","floor":25,"turns":4},{"damage":3,"enemies":"3 Cultists","floor":27,"turns":5},{"damage":0,"enemies":"Snake Plant","floor":28,"turns":4},{"damage":18,"enemies":"Collector","floor":33,"turns":10},{"damage":0,"enemies":"3 Darklings","floor":35,"turns":2},{"damage":0,"enemies":"Mind Bloom Boss Battle","floor":36,"turns":7},{"damage":0,"enemies":"Giant Head","floor":40,"turns":10},{"damage":4,"enemies":"Nemesis","floor":42,"turns":7},{"damage":0,"enemies":"Reptomancer","floor":46,"turns":5},{"damage":0,"enemies":"3 Shapes","floor":48,"turns":1},{"damage":0,"enemies":"Time Eater","floor":50,"turns":9}],"seed_played":"2810983753941883535","potions_obtained":[{"floor":4.0,"key":"Dexterity Potion"},{"floor":6.0,"key":"PowerPotion"},{"floor":11.0,"key":"SpeedPotion"},{"floor":35,"key":"SpeedPotion"},{"floor":42,"key":"PowerPotion"}],"is_trial":false,"path_per_floor":["M","$","?","M","$","E","R","E","T","R","E","R","M","M","R","B",null,"M","M","$","?","M","E","R","E","T","M","M","?","R","?","R","B",null,"M","?","$","?","?","E","R","E","T","?","R","E","$","M","R","B",null],"character_chosen":"THE_SILENT","items_purchased":["Finesse","TwistedFunnel","Leg Sweep","DollysMirror"],"campfire_rested":4,"item_purchase_floors":[2,20,37,47],"current_hp_per_floor":[43,43,31,31,31,15,34,24,24,43,37,37,37,37,37,17,54,54,46,46,46,37,15,34,34,34,31,31,31,31,31,31,13,53,53,53,53,53,53,53,53,49,49,49,49,49,49,49,66,66],"gold":124,"neow_bonus":"RANDOM_COMMON_RELIC","is_prod":false,"is_daily":false,"chose_seed":false,"campfire_upgraded":6,"win_rate":0,"timestamp":1560305983,"path_taken":["M","$","?","M","$","E","R","E","T","R","E","R","M","M","R","BOSS","M","M","$","?","M","E","R","E","T","?","M","?","R","?","R","BOSS","M","?","$","?","?","E","R","E","T","?","R","E","$","M","R","BOSS"],"build_version":"2019-01-23","purchased_purges":2,"victory":true,"max_hp_per_floor":[66,66,66,66,66,66,66,66,66,66,66,66,66,66,66,66,66,66,66,66,66,66,66,66,66,66,66,66,66,66,66,66,66,66,66,66,66,66,66,66,66,66,66,66,66,66,66,66,66,66],"card_choices":[{"not_picked":["Blade Dance","Underhanded Strike"],"picked":"Dagger Throw","floor":1.0},{"not_picked":["Catalyst","Underhanded Strike"],"picked":"Deadly Poison","floor":4.0},{"not_picked":["Blade Dance","Flechettes"],"picked":"Skewer","floor":6.0},{"not_picked":["Wraith Form v2+1","Cloak And Dagger"],"picked":"Footwork+1","floor":8.0},{"not_picked":["Noxious Fumes+1","Cloak And Dagger"],"picked":"Deadly Poison","floor":11.0},{"not_picked":["Cloak And Dagger","Flying Knee"],"picked":"Dodge and Roll","floor":13},{"not_picked":["Prepared","Sucker Punch"],"picked":"Backstab","floor":14},{"not_picked":["Bullet Time","Doppelganger"],"picked":"Corpse Explosion","floor":16},{"not_picked":["Sucker Punch"],"picked":"SKIP","floor":18},{"not_picked":[],"picked":"Deflect","floor":19},{"not_picked":["Flechettes+1"],"picked":"SKIP","floor":22},{"not_picked":["Deflect"],"picked":"SKIP","floor":23},{"not_picked":[],"picked":"Dodge and Roll","floor":25},{"not_picked":["Deadly Poison"],"picked":"SKIP","floor":27},{"not_picked":["Deflect"],"picked":"SKIP","floor":28},{"not_picked":[],"picked":"Tools of the Trade+1","floor":33},{"not_picked":["Quick Slash+1"],"picked":"SKIP","floor":35},{"not_picked":["Prepared+1"],"picked":"SKIP","floor":40},{"not_picked":["Tactician"],"picked":"SKIP","floor":42},{"not_picked":[],"picked":"Outmaneuver","floor":46},{"not_picked":["Slice"],"picked":"SKIP","floor":48}],"player_experience":1000883,"relics_obtained":[{"floor":6.0,"key":"Thread and Needle"},{"floor":8.0,"key":"Omamori"},{"floor":9.0,"key":"Boot"},{"floor":11.0,"key":"PreservedInsect"},{"floor":23,"key":"Tough Bandages"},{"floor":25,"key":"Gremlin Horn"},{"floor":26,"key":"Vajra"},{"floor":36,"key":"Ice Cream"},{"floor":40,"key":"Meat on the Bone"},{"floor":42,"key":"Bottled Lightning"},{"floor":43,"key":"MawBank"},{"floor":46,"key":"Pen Nib"}],"event_choices":[{"damage_healed":0.0,"max_hp_gain":0.0,"max_hp_loss":0.0,"gold_gain":0.0,"event_name":"Scrap Ooze","player_choice":"Success","floor":3.0,"gold_loss":0.0,"damage_taken":12.0,"relics_obtained":["Frozen Egg 2"]},{"damage_healed":0,"gold_gain":0,"player_choice":"2 cards matched","damage_taken":0,"max_hp_gain":0,"max_hp_loss":0,"event_name":"Match and Keep!","floor":21,"gold_loss":0,"cards_obtained":["Panacea","Footwork"]},{"damage_healed":0,"gold_gain":0,"player_choice":"Ignored","damage_taken":0,"max_hp_gain":0,"max_hp_loss":0,"event_name":"Ghosts","floor":29,"gold_loss":0},{"damage_healed":0,"gold_gain":0,"player_choice":"Opened","damage_taken":0,"relics_obtained":["Bronze Scales"],"max_hp_gain":0,"max_hp_loss":0,"event_name":"The Mausoleum","floor":31,"gold_loss":0,"cards_obtained":["Writhe"]},{"damage_healed":0,"gold_gain":0,"player_choice":"Fight","damage_taken":0,"max_hp_gain":0,"max_hp_loss":0,"event_name":"MindBloom","floor":36,"gold_loss":0},{"damage_healed":0,"gold_gain":0,"player_choice":"Ignored","damage_taken":0,"max_hp_gain":0,"max_hp_loss":0,"event_name":"Tomb of Lord Red Mask","floor":38,"gold_loss":0},{"damage_healed":0,"gold_gain":0,"player_choice":"Memory 1","damage_taken":0,"max_hp_gain":0,"max_hp_loss":0,"event_name":"SensoryStone","floor":39,"gold_loss":0},{"cards_removed":["Deadly Poison"],"damage_healed":0,"gold_gain":0,"player_choice":"Removed Skill","damage_taken":0,"max_hp_gain":0,"max_hp_loss":0,"event_name":"Falling","floor":44,"gold_loss":0}],"is_beta":false,"boss_relics":[{"not_picked":["Velvet Choker","Runic Dome"],"picked":"Busted Crown"},{"not_picked":["Orrery","Snecko Eye"],"picked":"Runic Pyramid"}],"items_purged_floors":[37,47],"is_endless":false,"potions_floor_spawned":[4,6,11,13,18,25,28,35,36,42],"ascension_level":14}