{"gold_per_floor":[112,387,400,413,110,143,143,157,157,186,206,220,118,118,118,214,214,230,106,138,152,15,15,47,47,71,71,96,96,46,46,46,143,143,158,158,158,108,126,153,163,163,186,218,98,110,26,46,46,46,46,46,46,73,73],"floor_reached":56,"playtime":3126,"items_purged":["Regret","Strike_G","Strike_G","Shame","Pain","Injury","Parasite"],"score":1301,"play_id":"ccc5e0e5-724a-4180-95b0-8c34bac02cb3","local_time":"20190512143129","is_ascension_mode":false,"campfire_choices":[{"data":"Catalyst","floor":7.0,"key":"SMITH"},{"data":"Deadly Poison","floor":15.0,"key":"SMITH"},{"data":"Burst","floor":23.0,"key":"SMITH"},{"data":"Neutralize","floor":27.0,"key":"SMITH"},{"data":"Catalyst","floor":32.0,"key":"SMITH"},{"floor":42.0,"key":"RECALL"},{"data":"Catalyst","floor":49.0,"key":"SMITH"},{"data":"Acrobatics","floor":52.0,"key":"SMITH"}],"neow_cost":"NONE","seed_source_timestamp":120935111497578,"circlet_count":0,"master_deck":["Defend_G","Defend_G","Defend_G","Defend_G","Defend_G","Strike_G","Survivor","Neutralize+1","Flying Knee","PiercingWail","Catalyst+1","Deadly Poison+1","Blur","Dagger Throw","Deflect","All Out Attack","Bane","Unload","Prepared+1","Footwork","Dodge and Roll+1","Burst+1","Footwork","Calculated Gamble","Backstab","Expertise","Catalyst+1","After Image","Panache","Dark Shackles","Acrobatics+1","Catalyst+1","Noxious Fumes","Parasite"],"special_seed":0,"relics":["Ring of the Snake","TwistedFunnel","PreservedInsect","Smiling Mask","Pantograph","Cursed Key","Red Mask","Pocketwatch","Blue Candle","Turnip","Philosopher\u0027s Stone","WarpedTongs","Blood Vial","Potion Belt","Bottled Lightning","Snake Skull"],"potions_floor_usage":[55,55,55,55],"damage_taken":[{"damage":2.0,"enemies":"Jaw Worm","floor":1.0,"turns":4.0},{"damage":10.0,"enemies":"Cultist","floor":3.0,"turns":4.0},{"damage":6.0,"enemies":"Small Slimes","floor":4.0,"turns":4.0},{"damage":16.0,"enemies":"Lagavulin","floor":6.0,"turns":5.0},{"damage":0.0,"enemies":"Blue Slaver","floor":8.0,"turns":4.0},{"damage":0.0,"enemies":"Gremlin Nob","floor":10.0,"turns":2.0},{"damage":0.0,"enemies":"2 Fungi Beasts","floor":11.0,"turns":2.0},{"damage":5.0,"enemies":"Large Slime","floor":12.0,"turns":5.0},{"damage":20.0,"enemies":"The Guardian","floor":16.0,"turns":8.0},{"damage":0.0,"enemies":"Chosen","floor":18.0,"turns":3.0},{"damage":0.0,"enemies":"Masked Bandits","floor":20.0,"turns":3.0},{"damage":0.0,"enemies":"Shell Parasite","floor":21.0,"turns":4.0},{"damage":4.0,"enemies":"Book of Stabbing","floor":24.0,"turns":4.0},{"damage":4.0,"enemies":"Slavers","floor":28.0,"turns":8.0},{"damage":1.0,"enemies":"Champ","floor":33.0,"turns":11.0},{"damage":0.0,"enemies":"3 Darklings","floor":35.0,"turns":5.0},{"damage":0.0,"enemies":"Orb Walker","floor":39.0,"turns":3.0},{"damage":2.0,"enemies":"Giant Head","floor":40.0,"turns":5.0},{"damage":0.0,"enemies":"Transient","floor":41.0,"turns":5.0},{"damage":18.0,"enemies":"Nemesis","floor":44.0,"turns":5.0},{"damage":0.0,"enemies":"Spire Growth","floor":46.0,"turns":4.0},{"damage":0.0,"enemies":"Writhing Mass","floor":48.0,"turns":3.0},{"damage":71.0,"enemies":"Awakened One","floor":50.0,"turns":17.0},{"damage":23.0,"enemies":"Shield and Spear","floor":54.0,"turns":8.0},{"damage":42,"enemies":"The Heart","floor":55,"turns":5}],"seed_played":"9090669231614097626","potions_obtained":[{"floor":1.0,"key":"SteroidPotion"},{"floor":6.0,"key":"Weak Potion"},{"floor":11.0,"key":"Strength Potion"},{"floor":24.0,"key":"Dexterity Potion"},{"floor":46.0,"key":"Regen Potion"},{"floor":54.0,"key":"Ancient Potion"}],"is_trial":false,"path_per_floor":["M","?","M","M","$","E","R","M","T","E","M","M","$","?","R","B",null,"M","$","?","M","$","R","E","?","T","R","E","?","$","?","R","B",null,"M","?","?","$","M","E","M","R","T","E","$","M","$","M","R","B",null,"R","$","E","B",null],"character_chosen":"THE_SILENT","items_purchased":["Deadly Poison","TwistedFunnel","Bane","Footwork","Burst","Catalyst","Noxious Fumes"],"campfire_rested":0,"item_purchase_floors":[5,5,13,19,22,45,47],"current_hp_per_floor":[75,75,65,59,59,43,43,43,43,43,43,38,38,38,38,43,77,77,77,77,77,77,77,73,73,73,73,69,69,69,69,69,76,77,77,72,72,72,72,70,72,72,72,56,56,58,58,60,60,18,74,74,74,51,32],"gold":73,"neow_bonus":"TEN_PERCENT_HP_BONUS","is_prod":false,"is_daily":false,"chose_seed":false,"campfire_upgraded":7,"win_rate":0,"timestamp":1557685889,"path_taken":["M","?","?","M","$","E","R","M","T","E","M","M","$","?","R","BOSS","M","$","?","M","$","R","E","?","T","R","E","?","?","?","R","BOSS","M","?","?","$","M","E","M","R","T","E","$","M","$","M","R","BOSS","R","$","E","BOSS"],"build_version":"2019-01-23","purchased_purges":7,"victory":true,"max_hp_per_floor":[77,77,77,77,77,77,77,77,77,77,77,77,77,77,77,77,77,77,77,77,77,77,77,77,77,77,77,77,77,77,77,77,77,77,77,77,77,77,77,77,77,77,77,77,77,77,74,74,74,74,74,74,74,74,74],"card_choices":[{"not_picked":["Concentrate","Distraction"],"picked":"Flying Knee","floor":1.0},{"not_picked":["Prepared","Acrobatics"],"picked":"PiercingWail","floor":3.0},{"not_picked":["Noxious Fumes","Heel Hook"],"picked":"Catalyst","floor":4.0},{"not_picked":["Prepared","Deflect"],"picked":"Blur","floor":6.0},{"not_picked":["Blade Dance","Sucker Punch"],"picked":"Dagger Throw","floor":8.0},{"not_picked":["Outmaneuver","Cloak And Dagger"],"picked":"Deflect","floor":10.0},{"not_picked":["Flying Knee","Choke","Riddle With Holes"],"picked":"SKIP","floor":11.0},{"not_picked":["Slice","Bullet Time"],"picked":"All Out Attack","floor":12.0},{"not_picked":["Venomology","Wraith Form v2"],"picked":"Unload","floor":16.0},{"not_picked":["Dagger Throw","Acrobatics"],"picked":"Prepared+1","floor":18.0},{"not_picked":["Dagger Spray","Cloak And Dagger"],"picked":"Dodge and Roll+1","floor":20.0},{"not_picked":["Blade Dance","Deflect","Underhanded Strike+1"],"picked":"SKIP","floor":21.0},{"not_picked":["Concentrate","Crippling Poison"],"picked":"Footwork","floor":24.0},{"not_picked":["Prepared","Dodge and Roll"],"picked":"Calculated Gamble","floor":28.0},{"not_picked":["Grand Finale","A Thousand Cuts"],"picked":"After Image","floor":33.0},{"not_picked":["Footwork","Outmaneuver","Dagger Throw+1"],"picked":"SKIP","floor":35.0},{"not_picked":["Enlightenment","Deep Breath"],"picked":"Panache","floor":36.0},{"not_picked":["Secret Weapon","Metamorphosis"],"picked":"Dark Shackles","floor":36.0},{"not_picked":["Infinite Blades","Slice","Eviscerate"],"picked":"SKIP","floor":39.0},{"not_picked":["Quick Slash+1","Prepared","Dagger Spray+1"],"picked":"SKIP","floor":40.0},{"not_picked":["All Out Attack+1","Cloak And Dagger","Crippling Poison"],"picked":"SKIP","floor":41.0},{"not_picked":["Eviscerate+1","Flechettes+1"],"picked":"Acrobatics","floor":44.0},{"not_picked":["Cloak And Dagger+1","Outmaneuver","Unload"],"picked":"SKIP","floor":46.0},{"not_picked":["Quick Slash","Dagger Throw+1","Underhanded Strike"],"picked":"SKIP","floor":48.0},{"not_picked":["Finisher+1","Poisoned Stab+1","Concentrate+1"],"picked":"SKIP","floor":54.0}],"player_experience":887756,"relics_obtained":[{"floor":6.0,"key":"PreservedInsect"},{"floor":9.0,"key":"Smiling Mask"},{"floor":10.0,"key":"Pantograph"},{"floor":20.0,"key":"Red Mask"},{"floor":24.0,"key":"Pocketwatch"},{"floor":28.0,"key":"Turnip"},{"floor":40.0,"key":"Blood Vial"},{"floor":43.0,"key":"Potion Belt"},{"floor":44.0,"key":"Bottled Lightning"},{"floor":54.0,"key":"Snake Skull"}],"event_choices":[{"damage_healed":0.0,"max_hp_gain":0.0,"max_hp_loss":0.0,"gold_gain":275.0,"event_name":"Golden Shrine","player_choice":"Desecrate","floor":2.0,"gold_loss":0.0,"damage_taken":0.0,"cards_obtained":["Regret"]},{"damage_healed":0.0,"max_hp_gain":0.0,"max_hp_loss":0.0,"gold_gain":0.0,"event_name":"The Woman in Blue","player_choice":"Bought 0 Potions","floor":14.0,"gold_loss":0.0,"damage_taken":0.0},{"damage_healed":0.0,"max_hp_gain":0.0,"max_hp_loss":0.0,"gold_gain":0.0,"event_name":"Masked Bandits","player_choice":"Fought Bandits","floor":20.0,"gold_loss":0.0,"damage_taken":0.0},{"damage_healed":0.0,"max_hp_gain":0.0,"max_hp_loss":0.0,"gold_gain":0.0,"event_name":"Addict","player_choice":"Stole Relic","floor":25.0,"gold_loss":0.0,"damage_taken":0.0,"relics_obtained":["Blue Candle"],"cards_obtained":["Shame"]},{"damage_healed":0.0,"max_hp_gain":0.0,"max_hp_loss":0.0,"gold_gain":0.0,"cards_transformed":["Strike_G","Strike_G"],"event_name":"Drug Dealer","player_choice":"Became Test Subject","floor":29.0,"gold_loss":0.0,"damage_taken":0.0,"cards_obtained":["Backstab","Expertise"]},{"damage_healed":0.0,"max_hp_gain":0.0,"max_hp_loss":0.0,"gold_gain":0.0,"event_name":"The Library","player_choice":"Read","floor":31.0,"gold_loss":0.0,"damage_taken":0.0,"cards_obtained":["Catalyst"]},{"damage_healed":0.0,"max_hp_gain":0.0,"max_hp_loss":0.0,"gold_gain":0.0,"event_name":"SensoryStone","player_choice":"Memory 2","floor":36.0,"gold_loss":0.0,"damage_taken":5.0},{"damage_healed":0.0,"max_hp_gain":0.0,"max_hp_loss":0.0,"gold_gain":0.0,"event_name":"Accursed Blacksmith","player_choice":"Rummage","floor":37.0,"gold_loss":0.0,"damage_taken":0.0,"relics_obtained":["WarpedTongs"],"cards_obtained":["Pain"]}],"is_beta":false,"boss_relics":[{"not_picked":["Velvet Choker","WristBlade"],"picked":"Cursed Key"},{"not_picked":["Coffee Dripper","Astrolabe"],"picked":"Philosopher\u0027s Stone"}],"items_purged_floors":[5,13,19,30,38,45,47],"is_endless":false,"potions_floor_spawned":[1,6,11,20,24,41,44,46,54],"ascension_level":0}