{"gold_per_floor":[212,43,43,55,71,106,106,134,134,309,309,322,339,42,42,140,140,159,84,119,119,138,138,163,163,163,163,163,163,163,182,182,182],"floor_reached":33,"playtime":1482,"items_purged":["Doubt"],"score":459,"play_id":"9549d051-3e05-40cc-b51f-5f811d3bd6d1","local_time":"20190604182426","is_ascension_mode":true,"campfire_choices":[{"data":"Neutralize","floor":7.0,"key":"SMITH"},{"data":"Die Die Die","floor":11.0,"key":"SMITH"},{"data":"Caltrops","floor":15,"key":"SMITH"},{"data":"Dash","floor":23,"key":"SMITH"},{"data":"Footwork","floor":25,"key":"SMITH"},{"floor":27,"key":"REST"},{"data":"Well Laid Plans","floor":30,"key":"SMITH"},{"floor":32,"key":"REST"}],"neow_cost":"NONE","seed_source_timestamp":1266811493469375,"circlet_count":0,"master_deck":["AscendersBane","Defend_G","Defend_G","Defend_G","Defend_G","Defend_G","Strike_G","Strike_G","Strike_G","Strike_G","Survivor","Neutralize+1","Dash+1","Deadly Poison","Quick Slash","All Out Attack","Deadly Poison","Die Die Die+1","Caltrops+1","Bullet Time","Caltrops+1","PiercingWail","Footwork+1","Well Laid Plans+1","Dodge and Roll"],"special_seed":0,"relics":["Ring of the Serpent","Anchor","Matryoshka","Singing Bowl","Snake Skull","Mummified Hand","Ninja Scroll","Strawberry","Red Mask","Meat on the Bone","Shuriken","Ornamental Fan"],"potions_floor_usage":[16,20,33],"damage_taken":[{"damage":2.0,"enemies":"Cultist","floor":1.0,"turns":6.0},{"damage":1.0,"enemies":"Jaw Worm","floor":4.0,"turns":4.0},{"damage":0.0,"enemies":"2 Louse","floor":5.0,"turns":3.0},{"damage":17.0,"enemies":"3 Sentries","floor":6.0,"turns":8.0},{"damage":28.0,"enemies":"Gremlin Nob","floor":8.0,"turns":5.0},{"damage":0.0,"enemies":"Blue Slaver","floor":12.0,"turns":2.0},{"damage":0.0,"enemies":"Large Slime","floor":13.0,"turns":4.0},{"damage":21,"enemies":"The Guardian","floor":16,"turns":9},{"damage":12,"enemies":"Spheric Guardian","floor":18,"turns":4},{"damage":2,"enemies":"Masked Bandits","floor":20,"turns":3},{"damage":0,"enemies":"Chosen","floor":22,"turns":4},{"damage":29,"enemies":"Book of Stabbing","floor":24,"turns":5},{"damage":23,"enemies":"Sentry and Sphere","floor":31,"turns":5},{"damage":46,"enemies":"Champ","floor":33,"turns":11}],"seed_played":"4718638197015438423","potions_obtained":[{"floor":1.0,"key":"Block Potion"},{"floor":5.0,"key":"EssenceOfSteel"},{"floor":31,"key":"PowerPotion"}],"is_trial":false,"path_per_floor":["M","$","T","M","M","E","R","E","T","?","R","M","M","$","R","B",null,"M","?","?","?","M","R","E","R","T","R","?","?","R","M","R","B"],"character_chosen":"THE_SILENT","items_purchased":["Deadly Poison","Anchor","Strawberry","Caltrops"],"campfire_rested":2,"item_purchase_floors":[2,2,14,14],"current_hp_per_floor":[61,61,61,60,60,43,43,15,15,15,15,17,19,26,26,5,62,50,50,48,48,50,50,21,21,21,45,29,29,29,18,44,0],"gold":182,"neow_bonus":"HUNDRED_GOLD","is_prod":false,"is_daily":false,"chose_seed":false,"campfire_upgraded":6,"win_rate":0,"timestamp":1559687066,"path_taken":["M","$","?","?","M","E","R","E","T","?","R","M","M","$","R","BOSS","M","?","?","?","M","R","E","R","T","R","?","?","R","?","R","BOSS"],"build_version":"2019-01-23","purchased_purges":1,"victory":false,"max_hp_per_floor":[70,70,70,70,70,70,70,70,70,70,70,72,74,81,81,81,81,81,81,81,81,83,83,83,83,83,83,88,88,88,88,88,88],"card_choices":[{"not_picked":["Slice","Deflect"],"picked":"Dash","floor":1.0},{"not_picked":["Slice","Outmaneuver"],"picked":"Quick Slash","floor":4.0},{"not_picked":["Leg Sweep","Prepared"],"picked":"All Out Attack","floor":5.0},{"not_picked":["Crippling Poison","Backstab"],"picked":"Deadly Poison","floor":6.0},{"not_picked":["Dagger Spray","Poisoned Stab"],"picked":"Die Die Die","floor":8.0},{"not_picked":["Crippling Poison","Expertise","Deadly Poison"],"picked":"Singing Bowl","floor":12.0},{"not_picked":["Blade Dance","Sucker Punch","Predator"],"picked":"Singing Bowl","floor":13.0},{"not_picked":["Venomology","Storm of Steel"],"picked":"Bullet Time","floor":16},{"not_picked":["Dagger Throw","PiercingWail"],"picked":"Caltrops+1","floor":18},{"not_picked":["Accuracy","Flying Knee"],"picked":"PiercingWail","floor":20},{"not_picked":["Masterful Stab","Riddle With Holes","Accuracy"],"picked":"Singing Bowl","floor":22},{"not_picked":["Riddle With Holes+1","Cloak And Dagger"],"picked":"Footwork","floor":24},{"not_picked":["Dagger Spray","Leg Sweep+1"],"picked":"Dodge and Roll","floor":31}],"player_experience":967501,"relics_obtained":[{"floor":3.0,"key":"Matryoshka"},{"floor":6.0,"key":"Singing Bowl"},{"floor":8.0,"key":"Snake Skull"},{"floor":9.0,"key":"Mummified Hand"},{"floor":9.0,"key":"Ninja Scroll"},{"floor":20,"key":"Red Mask"},{"floor":24,"key":"Meat on the Bone"},{"floor":26,"key":"Shuriken"},{"floor":26,"key":"Ornamental Fan"}],"event_choices":[{"damage_healed":0.0,"max_hp_gain":0.0,"max_hp_loss":0.0,"gold_gain":175.0,"event_name":"Liars Game","player_choice":"AGREE","floor":10.0,"gold_loss":0.0,"damage_taken":0.0,"cards_obtained":["Doubt"]},{"cards_removed":["Strike_G"],"damage_healed":0,"gold_gain":0,"player_choice":"Gave Gold","damage_taken":0,"max_hp_gain":0,"max_hp_loss":0,"event_name":"Beggar","floor":19,"gold_loss":75},{"damage_healed":0,"gold_gain":0,"player_choice":"Fought Bandits","damage_taken":0,"max_hp_gain":0,"max_hp_loss":0,"event_name":"Masked Bandits","floor":20,"gold_loss":0},{"damage_healed":0,"gold_gain":0,"player_choice":"Ignored","damage_taken":0,"max_hp_gain":0,"max_hp_loss":0,"event_name":"Vampires","floor":21,"gold_loss":0},{"damage_healed":0,"gold_gain":0,"player_choice":"Shed Blood","damage_taken":21,"max_hp_gain":5,"max_hp_loss":0,"event_name":"Forgotten Altar","floor":28,"gold_loss":0},{"damage_healed":0,"gold_gain":0,"player_choice":"Read","damage_taken":0,"max_hp_gain":0,"max_hp_loss":0,"event_name":"The Library","floor":29,"gold_loss":0,"cards_obtained":["Well Laid Plans"]}],"is_beta":false,"boss_relics":[{"not_picked":["WristBlade","Velvet Choker"],"picked":"Ring of the Serpent"}],"items_purged_floors":[14],"is_endless":false,"potions_floor_spawned":[1,5,8,13,31],"killed_by":"Champ","ascension_level":12}