{"gold_per_floor":[117,47,47,111,86,119,130,164,190,190,210,260,322,351,351,351],"floor_reached":16,"playtime":920,"items_purged":[],"score":210,"play_id":"bb7c13a6-4cb5-40f4-b635-fe12df43e33b","local_time":"20191006230018","is_ascension_mode":true,"campfire_choices":[{"data":"Feed","floor":10.0,"key":"SMITH"},{"data":"Fire Breathing","floor":15.0,"key":"SMITH"}],"neow_cost":"NONE","seed_source_timestamp":1154443144725100,"circlet_count":0,"master_deck":["AscendersBane","Strike_R","Strike_R","Strike_R","Strike_R","Defend_R","Defend_R","Defend_R","Defend_R","Bash","Shockwave","Fire Breathing+1","Feed+1","Headbutt","Reckless Charge"],"special_seed":0,"relics":["Burning Blood","Bronze Scales","SsserpentHead","InkBottle","Akabeko","Boot","Toy Ornithopter"],"potions_floor_usage":[16,16],"damage_taken":[{"damage":3.0,"enemies":"2 Louse","floor":1.0,"turns":3.0},{"damage":6.0,"enemies":"Cultist","floor":4.0,"turns":4.0},{"damage":30.0,"enemies":"3 Sentries","floor":6.0,"turns":7.0},{"damage":8.0,"enemies":"Jaw Worm","floor":7.0,"turns":4.0},{"damage":17.0,"enemies":"Gremlin Nob","floor":8.0,"turns":4.0},{"damage":5.0,"enemies":"3 Louse","floor":11.0,"turns":4.0},{"damage":16.0,"enemies":"Red Slaver","floor":13.0,"turns":3.0},{"damage":37.0,"enemies":"Lagavulin","floor":14.0,"turns":6.0},{"damage":33,"enemies":"Hexaghost","floor":16,"turns":9}],"seed_played":"6210547444262548119","potions_obtained":[{"floor":1.0,"key":"EssenceOfSteel"},{"floor":6.0,"key":"Ancient Potion"},{"floor":11.0,"key":"Ancient Potion"},{"floor":12.0,"key":"Regen Potion"}],"is_trial":false,"path_per_floor":["M","$","?","M","?","E","M","E","T","R","M","?","M","E","R","B"],"character_chosen":"IRONCLAD","items_purchased":["Fire Breathing"],"campfire_rested":0,"item_purchase_floors":[2],"current_hp_per_floor":[71,71,71,71,71,47,48,40,40,40,45,45,39,8,8,0],"gold":351,"neow_bonus":"RANDOM_COMMON_RELIC","is_prod":false,"is_daily":false,"chose_seed":false,"campfire_upgraded":2,"win_rate":0,"timestamp":1570395618,"path_taken":["M","$","?","?","?","E","M","E","T","R","M","?","?","E","R","BOSS"],"build_version":"2019-10-04","purchased_purges":0,"victory":false,"max_hp_per_floor":[75,75,75,75,75,75,78,81,81,81,85,85,89,89,89,89],"card_choices":[{"not_picked":["Wild Strike","Burning Pact"],"picked":"Shockwave","floor":1.0},{"not_picked":["Flex","Cleave","Wild Strike"],"picked":"SKIP","floor":4.0},{"not_picked":["Perfected Strike","Pummel"],"picked":"Feed","floor":6.0},{"not_picked":["Second Wind","Seeing Red"],"picked":"Headbutt","floor":7.0},{"not_picked":["Perfected Strike","Heavy Blade","Combust"],"picked":"SKIP","floor":8.0},{"not_picked":["Flex","Warcry"],"picked":"Reckless Charge","floor":11.0},{"not_picked":["Pummel","Combust","Wild Strike"],"picked":"SKIP","floor":13.0},{"not_picked":["Searing Blow","Flex","Body Slam"],"picked":"SKIP","floor":14.0}],"player_experience":941804,"relics_obtained":[{"floor":6.0,"key":"InkBottle"},{"floor":8.0,"key":"Akabeko"},{"floor":9.0,"key":"Boot"},{"floor":14.0,"key":"Toy Ornithopter"}],"event_choices":[{"damage_healed":0.0,"max_hp_gain":0.0,"max_hp_loss":0.0,"gold_gain":0.0,"event_name":"FaceTrader","player_choice":"Trade","floor":3.0,"gold_loss":0.0,"damage_taken":0.0,"relics_obtained":["SsserpentHead"]},{"cards_removed":["Strike_R"],"damage_healed":0.0,"max_hp_gain":0.0,"max_hp_loss":0.0,"gold_gain":0.0,"event_name":"The Cleric","player_choice":"Card Removal","floor":5.0,"gold_loss":75.0,"damage_taken":0.0},{"damage_healed":0.0,"max_hp_gain":0.0,"max_hp_loss":0.0,"gold_gain":0.0,"event_name":"Lab","player_choice":"Got Potions","floor":12.0,"gold_loss":0.0,"damage_taken":0.0}],"is_beta":true,"boss_relics":[],"items_purged_floors":[],"is_endless":false,"potions_floor_spawned":[1,6,11],"killed_by":"Hexaghost","ascension_level":15}