{"gold_per_floor":[111,121,136,148,73,73,105,125,125,144,154,204,204],"floor_reached":13,"playtime":510,"items_purged":[],"score":165,"play_id":"5fb0b325-6677-4831-81bc-60e72b332644","local_time":"20190705002524","is_ascension_mode":true,"campfire_choices":[{"floor":6.0,"key":"REST"}],"neow_cost":"NONE","seed_source_timestamp":382401989812620,"circlet_count":0,"master_deck":["AscendersBane","Strike_B","Strike_B","Strike_B","Defend_B","Defend_B","Defend_B","Defend_B","Zap","Dualcast","Loop","Ball Lightning","Steam","Auto Shields","Glacier","Conserve Battery","Conserve Battery","Leap"],"special_seed":0,"relics":["Cracked Core","Calipers","Odd Mushroom","Shuriken"],"potions_floor_usage":[11,13],"damage_taken":[{"damage":1.0,"enemies":"Cultist","floor":1.0,"turns":3.0},{"damage":4.0,"enemies":"Small Slimes","floor":2.0,"turns":4.0},{"damage":3.0,"enemies":"2 Louse","floor":3.0,"turns":3.0},{"damage":19.0,"enemies":"Gremlin Gang","floor":4.0,"turns":5.0},{"damage":30.0,"enemies":"3 Sentries","floor":7.0,"turns":6.0},{"damage":35,"enemies":"The Mushroom Lair","floor":8,"turns":5},{"damage":0,"enemies":"Exordium Thugs","floor":10,"turns":6},{"damage":0,"enemies":"Looter","floor":11,"turns":4},{"damage":2,"enemies":"Lots of Slimes","floor":13,"turns":1}],"seed_played":"-2317954253720953233","potions_obtained":[{"floor":3.0,"key":"PowerPotion"},{"floor":4.0,"key":"Explosive Potion"},{"floor":7.0,"key":"GamblersBrew"},{"floor":10,"key":"PowerPotion"}],"is_trial":false,"path_per_floor":["M","M","M","M","?","R","E","?","T","M","M","?","M"],"character_chosen":"DEFECT","items_purchased":[],"campfire_rested":1,"item_purchase_floors":[],"current_hp_per_floor":[70,66,63,44,44,67,37,2,2,2,2,2,0],"gold":204,"neow_bonus":"TEN_PERCENT_HP_BONUS","is_prod":false,"is_daily":false,"chose_seed":false,"campfire_upgraded":0,"win_rate":0,"timestamp":1562300724,"path_taken":["M","?","M","M","?","R","E","?","T","M","M","?","?"],"build_version":"2019-07-01","purchased_purges":0,"victory":false,"max_hp_per_floor":[78,78,78,78,78,78,78,78,78,78,78,78,78],"card_choices":[{"not_picked":["Stack","Chaos"],"picked":"Loop","floor":1.0},{"not_picked":["Compile Driver","Darkness"],"picked":"Ball Lightning","floor":2.0},{"not_picked":["Reprogram","Stack"],"picked":"Steam","floor":3.0},{"not_picked":["Go for the Eyes","Genetic Algorithm"],"picked":"Auto Shields","floor":4.0},{"not_picked":["Melter","Compile Driver"],"picked":"Glacier","floor":7.0},{"not_picked":["Loop","Recycle"],"picked":"Conserve Battery","floor":8},{"not_picked":["Force Field","Static Discharge"],"picked":"Conserve Battery","floor":10},{"not_picked":["Blizzard","Stack"],"picked":"Leap","floor":11}],"player_experience":1105448,"relics_obtained":[{"floor":7.0,"key":"Calipers"},{"floor":8,"key":"Odd Mushroom"},{"floor":9,"key":"Shuriken"}],"event_choices":[{"cards_removed":["Strike_B"],"damage_healed":0.0,"max_hp_gain":0.0,"max_hp_loss":0.0,"gold_gain":0.0,"event_name":"The Cleric","player_choice":"Card Removal","floor":5.0,"gold_loss":75.0,"damage_taken":0.0},{"damage_healed":0,"gold_gain":0,"player_choice":"Fought Mushrooms","damage_taken":0,"max_hp_gain":0,"max_hp_loss":0,"event_name":"Mushrooms","floor":8,"gold_loss":0},{"damage_healed":0,"gold_gain":50,"player_choice":"Pray","damage_taken":0,"max_hp_gain":0,"max_hp_loss":0,"event_name":"Golden Shrine","floor":12,"gold_loss":0}],"is_beta":false,"boss_relics":[],"items_purged_floors":[],"is_endless":false,"potions_floor_spawned":[3,4,7,10],"killed_by":"Lots of Slimes","ascension_level":18}