{"gold_per_floor":[117,117,136,61,11,37,37,68,68,81,81,114,114,133,133,207,207,220,220,148,148,148,182,194,206],"floor_reached":25,"playtime":1337,"items_purged":["Pain"],"score":485,"play_id":"9b6e3163-9e2c-43bf-a069-f9b17728d489","local_time":"20190613192006","is_ascension_mode":true,"campfire_choices":[{"data":"Defragment","floor":7.0,"key":"SMITH"},{"floor":13,"key":"REST"},{"data":"Buffer","floor":15,"key":"SMITH"},{"floor":24,"key":"REST"}],"neow_cost":"CURSE","seed_source_timestamp":2047915593882949,"circlet_count":0,"master_deck":["AscendersBane","Strike_B+1","Strike_B+1","Strike_B+1","Strike_B+1","Defend_B+1","Defend_B+1","Defend_B+1","Defend_B+1","Zap","Dualcast","Chaos","Defragment+1","Buffer+1","Compile Driver+1","FTL+1","Auto Shields","Seek","Coolheaded","Blizzard+1"],"special_seed":0,"relics":["FrozenCore","WarpedTongs","Molten Egg 2","Juzu Bracelet","Ornamental Fan","Bottled Lightning","Lantern","MawBank"],"potions_floor_usage":[],"damage_taken":[{"damage":0.0,"enemies":"Small Slimes","floor":1.0,"turns":2.0},{"damage":4.0,"enemies":"Cultist","floor":3.0,"turns":4.0},{"damage":25.0,"enemies":"Lagavulin","floor":6.0,"turns":5.0},{"damage":14.0,"enemies":"Gremlin Nob","floor":8.0,"turns":4.0},{"damage":0.0,"enemies":"Jaw Worm","floor":10.0,"turns":4.0},{"damage":21.0,"enemies":"3 Sentries","floor":12.0,"turns":6.0},{"damage":3,"enemies":"Blue Slaver","floor":14,"turns":4},{"damage":0,"enemies":"Slime Boss","floor":16,"turns":12},{"damage":2,"enemies":"Chosen","floor":18,"turns":6},{"damage":42,"enemies":"Slavers","floor":23,"turns":8},{"damage":57,"enemies":"Gremlin Leader","floor":25,"turns":8}],"seed_played":"-5678506782365344658","potions_obtained":[{"floor":1.0,"key":"GamblersBrew"},{"floor":14,"key":"FocusPotion"}],"is_trial":false,"path_per_floor":["M","?","M","$","?","E","R","E","T","M","$","E","R","M","R","B",null,"M","?","$","?","?","E","R","E"],"character_chosen":"DEFECT","items_purchased":["Blizzard+1"],"campfire_rested":2,"item_purchase_floors":[20],"current_hp_per_floor":[78,78,74,74,74,49,49,35,35,35,35,14,39,36,36,36,73,71,71,71,71,71,29,54,0],"gold":206,"neow_bonus":"TWENTY_PERCENT_HP_BONUS","is_prod":false,"is_daily":false,"chose_seed":false,"campfire_upgraded":2,"win_rate":0,"timestamp":1560468006,"path_taken":["M","?","M","?","?","E","R","E","T","M","?","E","R","M","R","BOSS","M","?","$","?","?","E","R","E"],"build_version":"2019-01-23","purchased_purges":1,"victory":false,"max_hp_per_floor":[85,85,85,85,85,85,85,85,85,85,85,85,85,85,85,85,85,85,85,85,85,85,85,85,85],"card_choices":[{"not_picked":["Streamline","Turbo"],"picked":"Chaos","floor":1.0},{"not_picked":["Streamline","Redo"],"picked":"Defragment","floor":3.0},{"not_picked":["Go for the Eyes","White Noise"],"picked":"Buffer","floor":6.0},{"not_picked":["Sweeping Beam+1","Steam"],"picked":"Compile Driver+1","floor":8.0},{"not_picked":["Streamline+1","Gash+1"],"picked":"FTL+1","floor":10.0},{"not_picked":["Force Field","Barrage+1","Streamline+1"],"picked":"SKIP","floor":12},{"not_picked":["Sunder+1","Hologram"],"picked":"Auto Shields","floor":14},{"not_picked":["Meteor Strike+1","Multi-Cast"],"picked":"Seek","floor":16},{"not_picked":["Darkness","Streamline+1"],"picked":"Coolheaded","floor":18},{"not_picked":["Turbo","Recycle","Fusion"],"picked":"SKIP","floor":23}],"player_experience":1005422,"relics_obtained":[{"floor":6.0,"key":"Molten Egg 2"},{"floor":8.0,"key":"Juzu Bracelet"},{"floor":9.0,"key":"Ornamental Fan"},{"floor":12,"key":"Bottled Lightning"},{"floor":23,"key":"MawBank"}],"event_choices":[{"damage_healed":0.0,"max_hp_gain":0.0,"max_hp_loss":0.0,"gold_gain":0.0,"event_name":"Accursed Blacksmith","player_choice":"Rummage","floor":2.0,"gold_loss":0.0,"damage_taken":0.0,"relics_obtained":["WarpedTongs"],"cards_obtained":["Pain"]},{"cards_removed":["Decay"],"damage_healed":0.0,"max_hp_gain":0.0,"max_hp_loss":0.0,"gold_gain":0.0,"event_name":"The Cleric","player_choice":"Card Removal","floor":5.0,"gold_loss":50.0,"damage_taken":0.0},{"damage_healed":0,"gold_gain":0,"player_choice":"Simplicity","damage_taken":0,"max_hp_gain":0,"max_hp_loss":0,"event_name":"Back to Basics","floor":19,"gold_loss":0,"cards_upgraded":["Strike_B","Strike_B","Strike_B","Strike_B","Defend_B","Defend_B","Defend_B","Defend_B"]},{"damage_healed":0,"gold_gain":0,"player_choice":"Ignored","damage_taken":0,"max_hp_gain":0,"max_hp_loss":0,"event_name":"Ghosts","floor":21,"gold_loss":0},{"damage_healed":0,"gold_gain":0,"player_choice":"Opened","damage_taken":0,"relics_obtained":["Lantern"],"max_hp_gain":0,"max_hp_loss":0,"event_name":"The Mausoleum","floor":22,"gold_loss":0}],"is_beta":false,"boss_relics":[{"not_picked":["Calling Bell","Snecko Eye"],"picked":"FrozenCore"}],"items_purged_floors":[4],"is_endless":false,"potions_floor_spawned":[1,14],"killed_by":"Gremlin Leader","ascension_level":14}