{"gold_per_floor":[111,126,126,143,155,155,190,190,190,6,6,21,54,71,71,176,176,190,9,9,9,84,84,100,100,100,135,146,146,157,186,186,286,286,297,397,408,308,326,326,356,372,398,408,408,408,435,448,448,448,448,448,118,151,151],"floor_reached":56,"playtime":3893,"items_purged":["Strike_G","Strike_G","Strike_G"],"score":1307,"play_id":"cc26effa-5977-411d-8007-5f55d3726ed4","local_time":"20190324003539","is_ascension_mode":false,"campfire_choices":[{"data":"Terror","floor":6,"key":"SMITH"},{"data":"Neutralize","floor":8,"key":"SMITH"},{"data":"Footwork","floor":15,"key":"SMITH"},{"data":"Phantasmal Killer","floor":23,"key":"SMITH"},{"data":"Blur","floor":29,"key":"SMITH"},{"data":"Footwork","floor":32,"key":"SMITH"},{"floor":40,"key":"RECALL"},{"data":"Burst","floor":49,"key":"SMITH"},{"data":"Well Laid Plans","floor":52,"key":"SMITH"}],"neow_cost":"TEN_PERCENT_HP_LOSS","seed_source_timestamp":625467767116322,"circlet_count":0,"master_deck":["Defend_G","Defend_G","Defend_G","Defend_G","Defend_G","Strike_G","Survivor","Neutralize+1","Escape Plan","Footwork+1","Terror+1","Dagger Spray+1","Cloak And Dagger+1","Blur+1","Outmaneuver","Backflip","Expertise","Phantasmal Killer+1","Skewer+1","Well Laid Plans+1","Predator+1","Outmaneuver+1","Skewer+1","Footwork+1","Burst+1","Dodge and Roll+1","Dodge and Roll+1","Madness","Madness","Backflip+1"],"relics":["Ring of the Serpent","Ice Cream","Letter Opener","Molten Egg 2","Singing Bowl","Philosopher\u0027s Stone","Pantograph","Art of War","Dead Branch","Thread and Needle","Blood Vial","Toxic Egg 2","Strawberry","Oddly Smooth Stone"],"potions_floor_usage":[7,35,47,54,55,55],"damage_taken":[{"damage":5,"enemies":"2 Louse","floor":1,"turns":4},{"damage":4,"enemies":"Cultist","floor":2,"turns":5},{"damage":0,"enemies":"Small Slimes","floor":4,"turns":4},{"damage":0,"enemies":"2 Fungi Beasts","floor":5,"turns":6},{"damage":14,"enemies":"3 Sentries","floor":7,"turns":8},{"damage":0,"enemies":"Blue Slaver","floor":12,"turns":4},{"damage":0,"enemies":"Lagavulin","floor":13,"turns":5},{"damage":0,"enemies":"3 Louse","floor":14,"turns":3},{"damage":5,"enemies":"Slime Boss","floor":16,"turns":9},{"damage":4,"enemies":"Spheric Guardian","floor":18,"turns":4},{"damage":0,"enemies":"Chosen","floor":24,"turns":3},{"damage":15,"enemies":"Book of Stabbing","floor":27,"turns":6},{"damage":10,"enemies":"Centurion and Healer","floor":28,"turns":4},{"damage":1,"enemies":"Snecko","floor":30,"turns":5},{"damage":0,"enemies":"Gremlin Leader","floor":31,"turns":3},{"damage":0,"enemies":"Champ","floor":33,"turns":6},{"damage":18,"enemies":"3 Darklings","floor":35,"turns":6},{"damage":0,"enemies":"Mind Bloom Boss Battle","floor":36,"turns":5},{"damage":0,"enemies":"3 Shapes","floor":37,"turns":2},{"damage":0,"enemies":"Spire Growth","floor":39,"turns":3},{"damage":2,"enemies":"Giant Head","floor":41,"turns":8},{"damage":4,"enemies":"Sphere and 2 Shapes","floor":42,"turns":6},{"damage":0,"enemies":"Transient","floor":44,"turns":5},{"damage":34,"enemies":"Reptomancer","floor":47,"turns":6},{"damage":7,"enemies":"Maw","floor":48,"turns":6},{"damage":21,"enemies":"Time Eater","floor":50,"turns":8},{"damage":36,"enemies":"Shield and Spear","floor":54,"turns":9},{"damage":43,"enemies":"The Heart","floor":55,"turns":10}],"seed_played":"-6123718493222253685","potions_obtained":[{"floor":4,"key":"FearPotion"},{"floor":13,"key":"Explosive Potion"},{"floor":14,"key":"SneckoOil"},{"floor":18,"key":"AttackPotion"},{"floor":31,"key":"Swift Potion"},{"floor":35,"key":"PowerPotion"},{"floor":37,"key":"PowerPotion"},{"floor":48,"key":"Energy Potion"}],"is_trial":false,"path_per_floor":["M","M","?","M","M","R","E","R","T","$","?","M","E","M","R","B",null,"M","$","?","?","?","R","M","?","T","E","M","R","M","E","R","B",null,"M","?","M","$","M","R","E","M","T","M","?","?","E","M","R","B",null,"R","$","E","B",null],"character_chosen":"THE_SILENT","items_purchased":["Blur","Outmaneuver","Dagger Throw+1","Skewer+1","Well Laid Plans","Strength Potion","Strawberry"],"campfire_rested":0,"item_purchase_floors":[10,10,10,19,19,53,53],"current_hp_per_floor":[58,54,54,54,54,54,40,40,40,40,27,27,29,29,29,24,65,63,63,63,63,57,57,57,57,57,44,36,36,35,35,35,60,71,53,73,75,75,75,75,75,75,75,79,69,69,39,34,34,40,83,83,90,56,40],"gold":151,"neow_bonus":"ONE_RARE_RELIC","is_prod":false,"is_daily":false,"chose_seed":false,"campfire_upgraded":8,"win_rate":0,"timestamp":1553402139,"path_taken":["M","M","?","M","M","R","E","R","T","?","?","M","E","M","R","BOSS","M","$","?","?","?","R","?","?","T","E","?","R","M","E","R","BOSS","M","?","M","$","M","R","E","M","T","M","?","?","E","M","R","BOSS","R","$","E","BOSS"],"build_version":"2019-01-23","purchased_purges":3,"victory":true,"max_hp_per_floor":[63,63,63,63,63,63,63,63,63,63,63,63,65,65,65,65,65,67,67,67,67,67,67,67,67,67,69,71,71,71,71,71,71,71,71,73,75,75,75,75,77,79,79,81,81,81,83,83,83,83,83,83,90,92,92],"card_choices":[{"not_picked":["Blade Dance","Prepared"],"picked":"Escape Plan","floor":1},{"not_picked":["Cloak And Dagger","Bane"],"picked":"Footwork","floor":2},{"not_picked":["Backstab","Endless Agony"],"picked":"Terror","floor":4},{"not_picked":["Deflect","Setup"],"picked":"Dagger Spray","floor":5},{"not_picked":["Heel Hook","Catalyst"],"picked":"Cloak And Dagger","floor":7},{"not_picked":["Dagger Spray+1","Poisoned Stab+1"],"picked":"Backflip","floor":12},{"not_picked":["Catalyst","Distraction","Prepared"],"picked":"Singing Bowl","floor":13},{"not_picked":["Prepared","Well Laid Plans"],"picked":"Expertise","floor":14},{"not_picked":["Wraith Form v2","Die Die Die+1"],"picked":"Phantasmal Killer","floor":16},{"not_picked":["Masterful Stab+1","Escape Plan","Bouncing Flask"],"picked":"Singing Bowl","floor":18},{"not_picked":["Dagger Throw+1","Riddle With Holes+1"],"picked":"Outmaneuver+1","floor":24},{"not_picked":["Outmaneuver","Poisoned Stab+1","A Thousand Cuts"],"picked":"Singing Bowl","floor":27},{"not_picked":["Dagger Spray+1","Prepared","Endless Agony+1"],"picked":"Singing Bowl","floor":28},{"not_picked":["Sucker Punch+1","Acrobatics+1"],"picked":"Skewer+1","floor":30},{"not_picked":["Backflip","Leg Sweep"],"picked":"Footwork","floor":31},{"not_picked":["Grand Finale+1","Die Die Die+1"],"picked":"Burst","floor":33},{"not_picked":["Slice+1","Accuracy+1"],"picked":"Dodge and Roll+1","floor":35},{"not_picked":["Underhanded Strike+1","Cloak And Dagger+1","Poisoned Stab+1"],"picked":"Singing Bowl","floor":36},{"not_picked":["Outmaneuver","Backstab+1","Sucker Punch+1"],"picked":"Singing Bowl","floor":37},{"not_picked":["Poisoned Stab+1","Eviscerate+1"],"picked":"Dodge and Roll+1","floor":39},{"not_picked":["Outmaneuver+1","Quick Slash+1","Underhanded Strike+1"],"picked":"Singing Bowl","floor":41},{"not_picked":["Underhanded Strike+1","Outmaneuver+1","PiercingWail"],"picked":"Singing Bowl","floor":42},{"not_picked":["Deadly Poison","Prepared","Dagger Spray+1"],"picked":"Singing Bowl","floor":44},{"not_picked":["A Thousand Cuts","Prepared","Deflect+1"],"picked":"Singing Bowl","floor":47},{"not_picked":["Deadly Poison+1","Outmaneuver+1"],"picked":"Backflip+1","floor":48},{"not_picked":["Underhanded Strike+1","Poisoned Stab+1","Dagger Spray+1"],"picked":"Singing Bowl","floor":54}],"player_experience":744566,"relics_obtained":[{"floor":7,"key":"Letter Opener"},{"floor":9,"key":"Molten Egg 2"},{"floor":13,"key":"Singing Bowl"},{"floor":26,"key":"Pantograph"},{"floor":27,"key":"Art of War"},{"floor":31,"key":"Dead Branch"},{"floor":36,"key":"Thread and Needle"},{"floor":41,"key":"Blood Vial"},{"floor":47,"key":"Toxic Egg 2"},{"floor":54,"key":"Oddly Smooth Stone"}],"event_choices":[{"damage_healed":0,"gold_gain":0,"player_choice":"Ignored","damage_taken":0,"max_hp_gain":0,"max_hp_loss":0,"event_name":"NoteForYourself","floor":3,"gold_loss":0},{"damage_healed":0,"gold_gain":0,"player_choice":"Entered Light","damage_taken":13,"max_hp_gain":0,"max_hp_loss":0,"event_name":"Shining Light","floor":11,"gold_loss":0,"cards_upgraded":["Dagger Spray","Cloak And Dagger"]},{"damage_healed":0,"gold_gain":0,"player_choice":"Ignored","damage_taken":0,"max_hp_gain":0,"max_hp_loss":0,"event_name":"Beggar","floor":20,"gold_loss":0},{"damage_healed":0,"gold_gain":0,"player_choice":"Read","damage_taken":0,"max_hp_gain":0,"max_hp_loss":0,"event_name":"The Library","floor":21,"gold_loss":0,"cards_obtained":["Predator"]},{"damage_healed":0,"gold_gain":75,"player_choice":"Touch","damage_taken":6,"max_hp_gain":0,"max_hp_loss":0,"event_name":"FaceTrader","floor":22,"gold_loss":0},{"cards_removed":["Strike_G"],"damage_healed":0,"gold_gain":0,"player_choice":"Offered Basic","damage_taken":0,"max_hp_gain":0,"max_hp_loss":0,"event_name":"Bonfire Elementals","floor":25,"gold_loss":0},{"damage_healed":0,"gold_gain":0,"player_choice":"Fight","damage_taken":0,"max_hp_gain":0,"max_hp_loss":0,"event_name":"MindBloom","floor":36,"gold_loss":0},{"damage_healed":0,"gold_gain":0,"player_choice":"Embrace Madness","damage_taken":10,"max_hp_gain":0,"max_hp_loss":0,"event_name":"Winding Halls","floor":45,"gold_loss":0,"cards_obtained":["Madness","Madness"]},{"cards_removed":["Dagger Throw"],"damage_healed":0,"gold_gain":0,"player_choice":"Removed Attack","damage_taken":0,"max_hp_gain":0,"max_hp_loss":0,"event_name":"Falling","floor":46,"gold_loss":0}],"is_beta":false,"boss_relics":[{"not_picked":["Empty Cage","Eternal Feather"],"picked":"Philosopher\u0027s Stone"},{"not_picked":["Astrolabe","Black Star"],"picked":"Ring of the Serpent"}],"items_purged_floors":[19,38,53],"is_endless":false,"potions_floor_spawned":[4,13,14,18,31,33,35,37,44,48],"ascension_level":0}