{"gold_per_floor":[113,67,87,15,34,34,67,86,86,86,86,86,86,115,115,186,186,200,220,237,162,176,176,176,208,258,258,258,269,287,287,287,364,364,376,389,399,412,423,423,441,441,441,441,213,223,238,113,113,113],"floor_reached":51,"playtime":3529,"items_purged":["Strike_B","Defend_B","Defend_B"],"score":1261,"play_id":"50b5ba3b-3e55-4b2c-8d89-890198011a65","local_time":"20190619211806","is_ascension_mode":true,"campfire_choices":[{"data":"Zap","floor":6.0,"key":"SMITH"},{"data":"Doom and Gloom","floor":10.0,"key":"SMITH"},{"floor":13.0,"key":"REST"},{"data":"Rainbow","floor":15.0,"key":"SMITH"},{"floor":23.0,"key":"REST"},{"data":"Consume","floor":32.0,"key":"SMITH"},{"floor":40,"key":"REST"},{"floor":42,"key":"REST"},{"data":"Defragment","floor":49,"key":"SMITH"}],"neow_cost":"TEN_PERCENT_HP_LOSS","seed_source_timestamp":2571092848074069,"circlet_count":0,"master_deck":["AscendersBane","Defend_B","Defend_B","Zap+1","Dualcast+1","Conserve Battery+1","Sweeping Beam","Cold Snap","Doom and Gloom+1","Rainbow+1","Conserve Battery","Core Surge","Undo","Consume+1","Self Repair+1","Multi-Cast","Loop","Compile Driver+1","Glacier+1","Hologram+1","Multi-Cast","Steam+1","Dark Shackles","Defragment+1"],"special_seed":0,"relics":["Cracked Core","Ginger","Prayer Wheel","Incense Burner","Velvet Choker","Ice Cream","Vajra","Letter Opener","GremlinMask","Inserter","Omamori"],"potions_floor_usage":[39,50,50],"damage_taken":[{"damage":1.0,"enemies":"Cultist","floor":1.0,"turns":4.0},{"damage":0.0,"enemies":"Jaw Worm","floor":3.0,"turns":5.0},{"damage":5.0,"enemies":"Small Slimes","floor":5.0,"turns":3.0},{"damage":14.0,"enemies":"Lagavulin","floor":7.0,"turns":6.0},{"damage":0.0,"enemies":"2 Fungi Beasts","floor":8.0,"turns":3.0},{"damage":10.0,"enemies":"3 Sentries","floor":14.0,"turns":4.0},{"damage":27.0,"enemies":"Hexaghost","floor":16.0,"turns":10.0},{"damage":0.0,"enemies":"Spheric Guardian","floor":18.0,"turns":4.0},{"damage":4.0,"enemies":"Shell Parasite","floor":19.0,"turns":5.0},{"damage":7.0,"enemies":"Shelled Parasite and Fungi","floor":20.0,"turns":5.0},{"damage":19.0,"enemies":"Snake Plant","floor":22.0,"turns":4.0},{"damage":19.0,"enemies":"Book of Stabbing","floor":25.0,"turns":5.0},{"damage":15.0,"enemies":"Colosseum Slavers","floor":28.0,"turns":3.0},{"damage":3.0,"enemies":"Centurion and Healer","floor":29.0,"turns":7.0},{"damage":2.0,"enemies":"Sentry and Sphere","floor":30.0,"turns":4.0},{"damage":37.0,"enemies":"Automaton","floor":33.0,"turns":8.0},{"damage":14.0,"enemies":"Orb Walker","floor":35.0,"turns":3.0},{"damage":13.0,"enemies":"3 Shapes","floor":36.0,"turns":4.0},{"damage":29.0,"enemies":"Writhing Mass","floor":37.0,"turns":5.0},{"damage":6.0,"enemies":"Spire Growth","floor":38.0,"turns":8.0},{"damage":13,"enemies":"Jaw Worm Horde","floor":39,"turns":8},{"damage":7,"enemies":"Sphere and 2 Shapes","floor":41,"turns":5},{"damage":0,"enemies":"Writhing Mass","floor":46,"turns":5},{"damage":10,"enemies":"4 Shapes","floor":47,"turns":7},{"damage":0,"enemies":"Time Eater","floor":50,"turns":16}],"seed_played":"1831626461156031361","potions_obtained":[{"floor":5.0,"key":"FearPotion"},{"floor":14.0,"key":"SkillPotion"},{"floor":22.0,"key":"Explosive Potion"},{"floor":30.0,"key":"Fire Potion"},{"floor":33.0,"key":"SteroidPotion"},{"floor":36.0,"key":"Poison Potion"},{"floor":39,"key":"SkillPotion"},{"floor":41,"key":"FearPotion"}],"is_trial":false,"path_per_floor":["M","$","M","$","M","R","E","M","T","R","?","?","R","E","R","B",null,"M","M","M","$","M","R","?","E","T","T","?","M","M","?","R","B",null,"M","M","M","M","M","R","M","R","T","?","$","M","M","$","R","B",null],"character_chosen":"DEFECT","items_purchased":["Sweeping Beam","Doom and Gloom","FocusPotion","PowerPotion"],"campfire_rested":4,"item_purchase_floors":[2,4,45,45],"current_hp_per_floor":[63,63,63,63,58,58,44,44,44,44,44,25,44,34,34,7,50,50,46,39,39,30,49,49,40,40,40,35,42,50,50,50,23,54,40,37,18,22,19,38,41,60,60,60,60,64,64,64,64,64],"gold":113,"neow_bonus":"REMOVE_TWO","is_prod":false,"is_daily":false,"chose_seed":false,"campfire_upgraded":5,"win_rate":0,"timestamp":1560993486,"path_taken":["M","?","?","?","M","R","E","M","T","R","?","?","R","E","R","BOSS","M","M","M","$","M","R","?","E","T","?","?","M","M","?","R","BOSS","M","M","?","M","M","R","M","R","T","?","$","M","M","$","R","BOSS"],"build_version":"2019-01-23","purchased_purges":3,"victory":true,"max_hp_per_floor":[64,64,64,64,64,64,64,64,64,64,64,64,64,64,64,64,64,64,64,64,64,64,64,64,64,64,64,64,64,64,64,64,64,64,64,64,64,64,64,64,64,64,64,64,64,64,64,64,64,64],"card_choices":[{"not_picked":["Storm","Go for the Eyes"],"picked":"Conserve Battery","floor":1.0},{"not_picked":["Rip and Tear","Barrage"],"picked":"Cold Snap","floor":3.0},{"not_picked":["Static Discharge","Ball Lightning"],"picked":"Rainbow","floor":5.0},{"not_picked":["Steam","Scrape"],"picked":"Conserve Battery","floor":7.0},{"not_picked":["Gash","Sunder","Stack"],"picked":"SKIP","floor":8.0},{"not_picked":["Heatsinks","Turbo","Darkness"],"picked":"SKIP","floor":14.0},{"not_picked":["Electrodynamics","Creative AI"],"picked":"Core Surge","floor":16.0},{"not_picked":["Sweeping Beam","Stack"],"picked":"Undo","floor":18.0},{"not_picked":["Leap","Conserve Battery","Rebound"],"picked":"SKIP","floor":18.0},{"not_picked":["Glacier","Gash"],"picked":"Consume","floor":19.0},{"not_picked":["Redo","Darkness","Beam Cell"],"picked":"SKIP","floor":19.0},{"not_picked":["Aggregate","Leap"],"picked":"Self Repair+1","floor":20.0},{"not_picked":["Auto Shields","Turbo","Doom and Gloom"],"picked":"SKIP","floor":20.0},{"not_picked":["Stack","Gash","Ball Lightning+1"],"picked":"SKIP","floor":22.0},{"not_picked":["Genetic Algorithm","Stack","Gash+1"],"picked":"SKIP","floor":22.0},{"not_picked":["Chaos","Steam","Stack"],"picked":"SKIP","floor":25.0},{"not_picked":["Cold Snap","Undo","Gash+1"],"picked":"SKIP","floor":29.0},{"not_picked":["Cold Snap","Sweeping Beam","Steam"],"picked":"SKIP","floor":29.0},{"not_picked":["Gash","Hologram"],"picked":"Multi-Cast","floor":30.0},{"not_picked":["Sunder","Ball Lightning","Aggregate"],"picked":"SKIP","floor":30.0},{"not_picked":["Beam Cell","Rebound"],"picked":"Loop","floor":35.0},{"not_picked":["Rebound","Genetic Algorithm","Ball Lightning"],"picked":"SKIP","floor":35.0},{"not_picked":["White Noise","Stack+1"],"picked":"Compile Driver+1","floor":36.0},{"not_picked":["Ball Lightning+1","Turbo","Conserve Battery"],"picked":"SKIP","floor":36.0},{"not_picked":["Melter","Stack+1"],"picked":"Glacier+1","floor":37.0},{"not_picked":["Conserve Battery","Tempest"],"picked":"Hologram+1","floor":37.0},{"not_picked":["Hologram","Undo","Lockon"],"picked":"SKIP","floor":38.0},{"not_picked":["Force Field","Go for the Eyes","Rip and Tear"],"picked":"SKIP","floor":38.0},{"not_picked":["Beam Cell","Compile Driver+1","Undo"],"picked":"SKIP","floor":39},{"not_picked":["Rebound+1","Compile Driver+1","Leap"],"picked":"SKIP","floor":39},{"not_picked":["Cold Snap","Rebound"],"picked":"Multi-Cast","floor":41},{"not_picked":["Redo+1","Recycle+1"],"picked":"Steam+1","floor":41},{"not_picked":["Enlightenment","Good Instincts"],"picked":"Dark Shackles","floor":44},{"not_picked":["Cold Snap+1","Doom and Gloom"],"picked":"Defragment","floor":46},{"not_picked":["Steam Power","Rebound","Redo+1"],"picked":"SKIP","floor":46},{"not_picked":["Gash+1","Chill","Ball Lightning"],"picked":"SKIP","floor":47},{"not_picked":["Coolheaded","Leap","Streamline"],"picked":"SKIP","floor":47}],"player_experience":1042636,"relics_obtained":[{"floor":7.0,"key":"Ginger"},{"floor":9.0,"key":"Prayer Wheel"},{"floor":14.0,"key":"Incense Burner"},{"floor":25.0,"key":"Ice Cream"},{"floor":26.0,"key":"Vajra"},{"floor":27.0,"key":"Letter Opener"},{"floor":43,"key":"Omamori"}],"event_choices":[{"cards_removed":["Strike_B"],"damage_healed":0.0,"max_hp_gain":0.0,"max_hp_loss":0.0,"gold_gain":0.0,"event_name":"Living Wall","player_choice":"Forget","floor":11.0,"gold_loss":0.0,"damage_taken":0.0},{"damage_healed":0.0,"max_hp_gain":0.0,"max_hp_loss":0.0,"gold_gain":0.0,"event_name":"Shining Light","player_choice":"Entered Light","floor":12.0,"gold_loss":0.0,"damage_taken":19.0,"cards_upgraded":["Dualcast","Conserve Battery"]},{"damage_healed":0.0,"max_hp_gain":0.0,"max_hp_loss":0.0,"gold_gain":0.0,"event_name":"Vampires","player_choice":"Ignored","floor":24.0,"gold_loss":0.0,"damage_taken":0.0},{"damage_healed":0.0,"max_hp_gain":0.0,"max_hp_loss":0.0,"gold_gain":0.0,"event_name":"Colosseum","player_choice":"Fight","floor":28.0,"gold_loss":0.0,"damage_taken":0.0},{"damage_healed":0.0,"max_hp_gain":0.0,"max_hp_loss":0.0,"gold_gain":0.0,"event_name":"Colosseum","player_choice":"Fled From Nobs","floor":28.0,"gold_loss":0.0,"damage_taken":0.0},{"damage_healed":0.0,"max_hp_gain":0.0,"max_hp_loss":0.0,"gold_gain":0.0,"event_name":"FaceTrader","player_choice":"Trade","floor":31.0,"gold_loss":0.0,"damage_taken":0.0,"relics_obtained":["GremlinMask"]},{"damage_healed":0,"gold_gain":0,"player_choice":"Memory 1","damage_taken":0,"max_hp_gain":0,"max_hp_loss":0,"event_name":"SensoryStone","floor":44,"gold_loss":0}],"is_beta":false,"boss_relics":[{"not_picked":["Lizard Tail","Snecko Eye"],"picked":"Velvet Choker"},{"not_picked":["Eternal Feather","Black Star"],"picked":"Inserter"}],"items_purged_floors":[21,45,48],"is_endless":false,"potions_floor_spawned":[5,14,16,19,22,30,33,36,39,41],"ascension_level":15}