{"gold_per_floor":[117,131,206,206,226,226,258,258,258,269,269,300,300,335,347,431,443,475,503,530,158,83,109,109,109,134,134,144,158,158,171,171,242,242,257,257,308,327,227,242,267,267,291,325,325,356,367,0,0,0],"floor_reached":51,"playtime":2111,"items_purged":["Strike_R","Strike_R"],"score":1268,"play_id":"5e41d232-ef1b-4196-b956-343400937930","local_time":"20190604212656","is_ascension_mode":true,"campfire_choices":[{"data":"Armaments","floor":6.0,"key":"SMITH"},{"data":"Anger","floor":8.0,"key":"SMITH"},{"data":"Inflame","floor":11.0,"key":"SMITH"},{"data":"Cleave","floor":13.0,"key":"SMITH"},{"data":"Spot Weakness","floor":15.0,"key":"SMITH"},{"floor":24.0,"key":"REST"},{"data":"Immolate","floor":27.0,"key":"SMITH"},{"data":"Shrug It Off","floor":32.0,"key":"SMITH"},{"data":"True Grit","floor":45,"key":"SMITH"},{"floor":49,"key":"REST"}],"neow_cost":"NONE","seed_source_timestamp":1277141569275994,"circlet_count":0,"master_deck":["AscendersBane","Strike_R","Strike_R","Defend_R","Defend_R","Defend_R","Defend_R","Bash+1","Armaments+1","Dropkick","Thunderclap","Anger+1","Inflame+1","Cleave+1","Spot Weakness+1","Immolate+1","Shrug It Off+1","Shrug It Off","Reaper","True Grit+1","Doubt","Rage"],"special_seed":0,"relics":["Burning Blood","Turnip","Darkstone Periapt","Strawberry","MawBank","Busted Crown","Red Skull","Blood Vial","Centennial Puzzle","Juzu Bracelet","Bronze Scales","MutagenicStrength","Sozu","Calipers","Oddly Smooth Stone","Dream Catcher","Bag of Marbles","Ancient Tea Set","Red Mask"],"potions_floor_usage":[41,50],"damage_taken":[{"damage":6.0,"enemies":"2 Louse","floor":1.0,"turns":3.0},{"damage":6.0,"enemies":"Cultist","floor":2.0,"turns":5.0},{"damage":7.0,"enemies":"Jaw Worm","floor":5.0,"turns":3.0},{"damage":32.0,"enemies":"3 Sentries","floor":7.0,"turns":8.0},{"damage":0.0,"enemies":"Exordium Wildlife","floor":10.0,"turns":3.0},{"damage":16.0,"enemies":"Gremlin Nob","floor":12.0,"turns":4.0},{"damage":30.0,"enemies":"Lagavulin","floor":14.0,"turns":4.0},{"damage":20.0,"enemies":"Hexaghost","floor":16.0,"turns":7.0},{"damage":0.0,"enemies":"3 Byrds","floor":18.0,"turns":1.0},{"damage":9.0,"enemies":"Chosen","floor":19.0,"turns":4.0},{"damage":43.0,"enemies":"Snake Plant","floor":20.0,"turns":4.0},{"damage":22.0,"enemies":"Gremlin Leader","floor":23.0,"turns":5.0},{"damage":4.0,"enemies":"Centurion and Healer","floor":28.0,"turns":4.0},{"damage":0.0,"enemies":"Chosen and Byrds","floor":29.0,"turns":3.0},{"damage":17.0,"enemies":"Snake Plant","floor":31.0,"turns":3.0},{"damage":34.0,"enemies":"Collector","floor":33.0,"turns":5.0},{"damage":14.0,"enemies":"3 Shapes","floor":35.0,"turns":3.0},{"damage":63,"enemies":"2 Orb Walkers","floor":37,"turns":4},{"damage":16,"enemies":"Orb Walker","floor":38,"turns":3},{"damage":22,"enemies":"Maw","floor":40,"turns":7},{"damage":70,"enemies":"Nemesis","floor":41,"turns":7},{"damage":52,"enemies":"Reptomancer","floor":44,"turns":8},{"damage":47,"enemies":"Giant Head","floor":46,"turns":7},{"damage":15,"enemies":"Sphere and 2 Shapes","floor":47,"turns":3},{"damage":111,"enemies":"Time Eater","floor":50,"turns":10}],"seed_played":"7970368031662836073","potions_obtained":[{"floor":5.0,"key":"PowerPotion"},{"floor":10.0,"key":"Explosive Potion"},{"floor":16.0,"key":"Fire Potion"},{"floor":20.0,"key":"BloodPotion"},{"floor":23.0,"key":"LiquidBronze"},{"floor":29.0,"key":"FearPotion"},{"floor":33.0,"key":"Dexterity Potion"}],"is_trial":false,"path_per_floor":["M","M","?","?","M","R","E","R","T","M","R","E","R","E","R","B",null,"M","M","M","$","?","E","R","T","T","R","M","M","?","M","R","B",null,"M","?","?","M","$","M","E","?","T","E","R","E","M","?","R","B",null],"character_chosen":"IRONCLAD","items_purchased":["Red Skull","Blood Vial"],"campfire_rested":2,"item_purchase_floors":[21,21],"current_hp_per_floor":[80,80,69,69,68,68,42,42,42,48,48,45,45,21,21,7,73,79,76,39,39,39,25,53,53,53,53,57,65,65,56,56,30,79,87,87,46,59,59,45,7,101,101,66,66,43,62,62,92,13],"gold":0,"neow_bonus":"TEN_PERCENT_HP_BONUS","is_prod":false,"is_daily":false,"chose_seed":false,"campfire_upgraded":8,"win_rate":0,"timestamp":1559698016,"path_taken":["M","M","?","?","M","R","E","R","T","?","R","E","R","E","R","BOSS","M","?","M","$","?","E","R","?","T","R","M","M","?","M","R","BOSS","M","?","?","M","$","M","E","?","T","E","R","E","M","?","R","BOSS"],"build_version":"2019-01-23","purchased_purges":2,"victory":true,"max_hp_per_floor":[88,88,88,88,88,88,88,88,88,88,88,95,95,95,95,95,95,95,95,95,95,95,95,95,95,95,95,95,95,95,95,95,95,95,95,95,95,95,95,95,95,101,101,101,101,101,101,101,101,101],"card_choices":[{"not_picked":["Thunderclap","Wild Strike"],"picked":"Armaments","floor":1.0},{"not_picked":["Burning Pact","Fire Breathing"],"picked":"Dropkick","floor":2.0},{"not_picked":["Twin Strike","Perfected Strike"],"picked":"Thunderclap","floor":5.0},{"not_picked":["Hemokinesis","Sword Boomerang"],"picked":"Anger","floor":7.0},{"not_picked":["Sword Boomerang","Rage"],"picked":"Inflame","floor":10.0},{"not_picked":["Rupture","Heavy Blade"],"picked":"Cleave","floor":12.0},{"not_picked":["Demon Form","Body Slam"],"picked":"Spot Weakness","floor":14.0},{"not_picked":["Bludgeon","Demon Form"],"picked":"Immolate","floor":16.0},{"not_picked":[],"picked":"Shrug It Off","floor":18.0},{"not_picked":["Anger"],"picked":"SKIP","floor":19.0},{"not_picked":[],"picked":"Shrug It Off","floor":20.0},{"not_picked":["Iron Wave"],"picked":"SKIP","floor":23.0},{"not_picked":["Clash"],"picked":"SKIP","floor":28.0},{"not_picked":["Dual Wield"],"picked":"SKIP","floor":29.0},{"not_picked":["Wild Strike"],"picked":"SKIP","floor":31.0},{"not_picked":[],"picked":"Reaper","floor":33.0},{"not_picked":["Perfected Strike"],"picked":"SKIP","floor":35.0},{"not_picked":[],"picked":"True Grit","floor":38},{"not_picked":["Fire Breathing"],"picked":"SKIP","floor":40},{"not_picked":["Inflame"],"picked":"SKIP","floor":41},{"not_picked":["Body Slam"],"picked":"SKIP","floor":44},{"not_picked":["Feed"],"picked":"SKIP","floor":46},{"not_picked":["Cleave+1"],"picked":"SKIP","floor":47},{"not_picked":[],"picked":"Rage","floor":49}],"player_experience":973378,"relics_obtained":[{"floor":7.0,"key":"Turnip"},{"floor":9.0,"key":"Darkstone Periapt"},{"floor":12.0,"key":"Strawberry"},{"floor":14.0,"key":"MawBank"},{"floor":23.0,"key":"Centennial Puzzle"},{"floor":25.0,"key":"Juzu Bracelet"},{"floor":26.0,"key":"Bronze Scales"},{"floor":37,"key":"Calipers"},{"floor":41,"key":"Oddly Smooth Stone"},{"floor":43,"key":"Dream Catcher"},{"floor":44,"key":"Bag of Marbles"},{"floor":46,"key":"Ancient Tea Set"}],"event_choices":[{"damage_healed":0.0,"max_hp_gain":0.0,"max_hp_loss":0.0,"gold_gain":75.0,"event_name":"World of Goop","player_choice":"Gather Gold","floor":3.0,"gold_loss":0.0,"damage_taken":11.0},{"damage_healed":0.0,"max_hp_gain":0.0,"max_hp_loss":0.0,"gold_gain":0.0,"event_name":"Upgrade Shrine","player_choice":"Upgraded","floor":4.0,"gold_loss":0.0,"damage_taken":0.0,"cards_upgraded":["Bash"]},{"cards_removed":["Strike_R"],"damage_healed":0.0,"max_hp_gain":0.0,"max_hp_loss":0.0,"gold_gain":0.0,"event_name":"Beggar","player_choice":"Gave Gold","floor":22.0,"gold_loss":75.0,"damage_taken":0.0},{"damage_healed":0.0,"max_hp_gain":0.0,"max_hp_loss":0.0,"gold_gain":0.0,"event_name":"Drug Dealer","player_choice":"Inject Mutagens","floor":30.0,"gold_loss":0.0,"damage_taken":0.0,"relics_obtained":["MutagenicStrength"]},{"damage_healed":0.0,"max_hp_gain":0.0,"max_hp_loss":0.0,"gold_gain":0.0,"event_name":"SensoryStone","player_choice":"Memory 1","floor":36.0,"gold_loss":0.0,"damage_taken":0.0},{"damage_healed":0,"gold_gain":0,"player_choice":"Fight","damage_taken":0,"max_hp_gain":0,"max_hp_loss":0,"event_name":"Mysterious Sphere","floor":37,"gold_loss":0},{"damage_healed":88,"gold_gain":0,"player_choice":"Heal","damage_taken":0,"max_hp_gain":0,"max_hp_loss":0,"event_name":"MindBloom","floor":42,"gold_loss":0,"cards_obtained":["Doubt"]},{"damage_healed":0,"gold_gain":0,"player_choice":"Paid","damage_taken":0,"relics_obtained":["Red Mask"],"max_hp_gain":0,"max_hp_loss":0,"event_name":"Tomb of Lord Red Mask","floor":48,"gold_loss":367}],"is_beta":false,"boss_relics":[{"not_picked":["Black Blood","Pandora\u0027s Box"],"picked":"Busted Crown"},{"not_picked":["Eternal Feather","Empty Cage"],"picked":"Sozu"}],"items_purged_floors":[21,39],"is_endless":false,"potions_floor_spawned":[5,10,12,16,20,23,29,33,37,40,41,47],"ascension_level":13}