{"gold_per_floor":[218,368,382,394,421,421,452,452,504,551,581,593,623,664,676,760,772,784],"floor_reached":18,"playtime":678,"items_purged":[],"score":301,"play_id":"0a816248-c55f-4415-8113-51a779407120","local_time":"20190624110856","is_ascension_mode":true,"campfire_choices":[{"data":"Zap","floor":6.0,"key":"SMITH"},{"floor":8.0,"key":"REST"},{"floor":12.0,"key":"REST"},{"data":"Darkness","floor":15,"key":"SMITH"}],"neow_cost":"NONE","seed_source_timestamp":37328684048729,"circlet_count":0,"master_deck":["AscendersBane","Strike_B","Strike_B","Strike_B","Strike_B","Defend_B","Defend_B","Defend_B","Defend_B","Zap+1","Dualcast","Doubt","Ball Lightning","Coolheaded","Self Repair","Hologram","Undo","Glacier","Darkness+1","Biased Cognition"],"special_seed":0,"relics":["Cracked Core","Omamori","Smiling Mask","MawBank","Blue Candle","White Beast Statue"],"potions_floor_usage":[],"damage_taken":[{"damage":0.0,"enemies":"2 Louse","floor":1.0,"turns":2.0},{"damage":3.0,"enemies":"Jaw Worm","floor":3.0,"turns":5.0},{"damage":1.0,"enemies":"Cultist","floor":4.0,"turns":3.0},{"damage":26.0,"enemies":"3 Sentries","floor":7.0,"turns":8.0},{"damage":20.0,"enemies":"Lagavulin","floor":10.0,"turns":8.0},{"damage":18.0,"enemies":"Exordium Thugs","floor":11.0,"turns":4.0},{"damage":0.0,"enemies":"Large Slime","floor":13.0,"turns":4.0},{"damage":7.0,"enemies":"2 Fungi Beasts","floor":14.0,"turns":5.0},{"damage":40,"enemies":"Slime Boss","floor":16,"turns":7},{"damage":66,"enemies":"3 Byrds","floor":18,"turns":5}],"seed_played":"767354124238634771","potions_obtained":[{"floor":1.0,"key":"EssenceOfSteel"},{"floor":7.0,"key":"Fruit Juice"}],"is_trial":false,"path_per_floor":["M","?","M","M","T","R","E","R","T","E","M","R","M","M","R","B",null,"M"],"character_chosen":"DEFECT","items_purchased":[],"campfire_rested":2,"item_purchase_floors":[],"current_hp_per_floor":[64,64,61,60,60,60,34,61,61,48,37,59,66,66,66,33,65,0],"gold":784,"neow_bonus":"HUNDRED_GOLD","is_prod":false,"is_daily":false,"chose_seed":false,"campfire_upgraded":2,"win_rate":0,"timestamp":1561367336,"path_taken":["M","?","M","M","?","R","E","R","T","E","M","R","M","?","R","BOSS","M"],"build_version":"2019-01-23","purchased_purges":0,"victory":false,"max_hp_per_floor":[71,71,71,71,71,71,71,76,76,76,76,76,76,76,76,76,76,76],"card_choices":[{"not_picked":["Heatsinks","Skim","Consume"],"picked":"SKIP","floor":1.0},{"not_picked":["Leap","Steam"],"picked":"Ball Lightning","floor":3.0},{"not_picked":["Compile Driver","Hologram"],"picked":"Coolheaded","floor":4.0},{"not_picked":["Consume","Scrape"],"picked":"Self Repair","floor":7.0},{"not_picked":["Chaos","Amplify"],"picked":"Hologram","floor":10.0},{"not_picked":["Sweeping Beam","Reprogram"],"picked":"Undo","floor":11.0},{"not_picked":["Ball Lightning","Chaos"],"picked":"Glacier","floor":13.0},{"not_picked":["Static Discharge","Rebound"],"picked":"Darkness","floor":14},{"not_picked":["Meteor Strike","Hyperbeam"],"picked":"Biased Cognition","floor":16}],"player_experience":591516,"relics_obtained":[{"floor":5.0,"key":"Omamori"},{"floor":7.0,"key":"Smiling Mask"},{"floor":9.0,"key":"MawBank"},{"floor":10.0,"key":"Blue Candle"}],"event_choices":[{"damage_healed":0.0,"max_hp_gain":0.0,"max_hp_loss":0.0,"gold_gain":150.0,"event_name":"Liars Game","player_choice":"AGREE","floor":2.0,"gold_loss":0.0,"damage_taken":0.0,"cards_obtained":["Doubt"]}],"is_beta":false,"boss_relics":[{"not_picked":["Runic Dome","Eternal Feather"],"picked":"White Beast Statue"}],"items_purged_floors":[],"is_endless":false,"potions_floor_spawned":[1,7],"killed_by":"3 Byrds","ascension_level":15}