{"gold_per_floor":[115,190,190,205,80,114,114,128,128,139,200,231,231,249,249,345,345,357,375,375,375,394,394,420,420,420,320,339,45,59,90,90,194,194,212,229,229,85,131,131,131,146,146,157,190,206,206,235,235,235,235,235,85,112,112],"floor_reached":55,"playtime":2865,"items_purged":["Strike_R","Pain","Strike_R","Decay"],"score":775,"play_id":"945d6d40-e6d9-4dbf-87da-908bc53947a8","local_time":"20190924224229","is_ascension_mode":false,"campfire_choices":[{"data":"Bash","floor":7.0,"key":"SMITH"},{"floor":15.0,"key":"REST"},{"floor":23,"key":"REST"},{"floor":25,"key":"REST"},{"floor":32,"key":"RECALL"},{"floor":40,"key":"REST"},{"floor":47,"key":"REST"},{"floor":49,"key":"REST"},{"floor":52,"key":"REST"}],"neow_cost":"NONE","seed_source_timestamp":935384888011528,"circlet_count":0,"master_deck":["Strike_R+1","Strike_R","Strike_R+1","Defend_R","Defend_R","Defend_R","Defend_R","Bash+1","Dark Embrace","Spot Weakness","Heavy Blade","Shrug It Off","Carnage","Double Tap","Evolve","Limit Break","Disarm","Reaper","Shockwave","Metallicize+1","Feel No Pain+1","True Grit","True Grit","Feed","Heavy Blade","Offering","Exhume","True Grit+1","Shrug It Off","Offering","Heavy Blade+1","Battle Trance"],"special_seed":0,"relics":["Burning Blood","Paper Frog","Art of War","Whetstone","Boot","Bottled Lightning","WarpedTongs","Fusion Hammer","Vajra","Pen Nib","Unceasing Top","Cursed Key","Centennial Puzzle","Champion Belt","Prayer Wheel","Pantograph","Ginger"],"potions_floor_usage":[18,31,44,55,55,55],"damage_taken":[{"damage":0.0,"enemies":"2 Louse","floor":1.0,"turns":4.0},{"damage":6.0,"enemies":"Jaw Worm","floor":4.0,"turns":4.0},{"damage":23.0,"enemies":"Lagavulin","floor":6.0,"turns":6.0},{"damage":4.0,"enemies":"Cultist","floor":8.0,"turns":4.0},{"damage":5.0,"enemies":"Looter","floor":10.0,"turns":3.0},{"damage":25.0,"enemies":"Lagavulin Event","floor":11.0,"turns":5.0},{"damage":25.0,"enemies":"Gremlin Nob","floor":12.0,"turns":4.0},{"damage":4.0,"enemies":"Red Slaver","floor":14.0,"turns":2.0},{"damage":15.0,"enemies":"Hexaghost","floor":16.0,"turns":8.0},{"damage":5,"enemies":"Spheric Guardian","floor":18,"turns":3},{"damage":12,"enemies":"2 Thieves","floor":19,"turns":3},{"damage":21,"enemies":"Snake Plant","floor":22,"turns":3},{"damage":44,"enemies":"Slavers","floor":24,"turns":5},{"damage":6,"enemies":"Cultist and Chosen","floor":28,"turns":5},{"damage":0,"enemies":"Snecko","floor":30,"turns":4},{"damage":33,"enemies":"Gremlin Leader","floor":31,"turns":6},{"damage":63,"enemies":"Collector","floor":33,"turns":10},{"damage":10,"enemies":"Orb Walker","floor":35,"turns":2},{"damage":7,"enemies":"3 Shapes","floor":36,"turns":2},{"damage":40,"enemies":"2 Orb Walkers","floor":39,"turns":4},{"damage":8,"enemies":"3 Darklings","floor":42,"turns":5},{"damage":6,"enemies":"Sphere and 2 Shapes","floor":44,"turns":6},{"damage":22,"enemies":"Giant Head","floor":45,"turns":8},{"damage":10,"enemies":"Transient","floor":46,"turns":5},{"damage":23,"enemies":"Nemesis","floor":48,"turns":3},{"damage":65,"enemies":"Awakened One","floor":50,"turns":12},{"damage":36,"enemies":"Shield and Spear","floor":54,"turns":5},{"damage":103,"enemies":"The Heart","floor":55,"turns":8}],"seed_played":"6140614458347292832","potions_obtained":[{"floor":10.0,"key":"Energy Potion"},{"floor":11.0,"key":"SpeedPotion"},{"floor":12.0,"key":"SteroidPotion"},{"floor":14.0,"key":"SpeedPotion"},{"floor":16.0,"key":"Fire Potion"},{"floor":28,"key":"Explosive Potion"},{"floor":30,"key":"Swift Potion"},{"floor":33,"key":"SkillPotion"},{"floor":44,"key":"LiquidBronze"}],"is_trial":false,"path_per_floor":["M","?","T","M","$","E","R","M","T","M","?","E","?","M","R","B",null,"M","M","?","?","M","R","E","R","T","$","M","$","M","E","R","B",null,"M","M","?","$","?","R","$","M","T","M","E","M","R","E","R","B",null,"R","$","E","B"],"character_chosen":"IRONCLAD","items_purchased":["Shrug It Off","True Grit","Feed","Centennial Puzzle"],"campfire_rested":7,"item_purchase_floors":[5,29,29,38],"current_hp_per_floor":[80,69,69,69,69,52,52,54,54,55,36,17,17,19,43,34,80,80,74,59,59,56,81,64,85,85,85,85,85,85,78,78,42,89,88,90,90,90,87,90,90,90,90,96,92,96,96,79,96,77,100,100,100,103,0],"gold":112,"neow_bonus":"ONE_RANDOM_RARE_CARD","is_prod":false,"is_daily":false,"chose_seed":false,"campfire_upgraded":1,"win_rate":0,"timestamp":1569379349,"path_taken":["M","?","?","M","$","E","R","M","T","?","?","E","?","?","R","BOSS","M","M","?","?","M","R","E","R","T","$","M","$","?","E","R","BOSS","M","M","?","$","?","R","$","M","T","M","E","M","R","E","R","BOSS","R","$","E","BOSS"],"build_version":"2019-07-17","purchased_purges":4,"victory":false,"max_hp_per_floor":[80,80,80,80,80,80,80,80,80,80,80,80,80,80,80,80,80,80,80,85,85,85,85,85,85,85,85,85,85,85,85,85,89,89,92,95,90,90,90,90,90,90,90,96,96,96,96,96,96,100,100,100,100,103,103],"card_choices":[{"not_picked":["Shrug It Off","Clash"],"picked":"Spot Weakness","floor":1.0},{"not_picked":["Wild Strike","Havoc"],"picked":"Heavy Blade","floor":4.0},{"not_picked":["Sentinel","Clash"],"picked":"Carnage","floor":6.0},{"not_picked":["Pommel Strike","Second Wind"],"picked":"Double Tap","floor":8.0},{"not_picked":["Perfected Strike","Carnage","Clash"],"picked":"SKIP","floor":10.0},{"not_picked":["Cleave","Dual Wield"],"picked":"Evolve","floor":11.0},{"not_picked":["Cleave","Twin Strike"],"picked":"Limit Break","floor":12.0},{"not_picked":["Flex","Warcry"],"picked":"Disarm","floor":14.0},{"not_picked":["Fiend Fire","Offering"],"picked":"Reaper","floor":16.0},{"not_picked":["Flex","Fire Breathing"],"picked":"Shockwave","floor":18},{"not_picked":["Clash+1","Armaments+1"],"picked":"Metallicize+1","floor":19},{"not_picked":["Pommel Strike","Body Slam+1"],"picked":"Feel No Pain+1","floor":22},{"not_picked":["Dual Wield","Havoc"],"picked":"True Grit","floor":24},{"not_picked":["Twin Strike","Body Slam","Hemokinesis"],"picked":"SKIP","floor":28},{"not_picked":["Cleave","Hemokinesis"],"picked":"Heavy Blade","floor":30},{"not_picked":["Iron Wave","Twin Strike"],"picked":"Offering","floor":31},{"not_picked":["Immolate","Feed"],"picked":"Exhume","floor":33},{"not_picked":["Sword Boomerang","Clothesline+1"],"picked":"True Grit+1","floor":35},{"not_picked":["Iron Wave+1","Sword Boomerang+1","Intimidate+1"],"picked":"SKIP","floor":36},{"not_picked":["Iron Wave+1","Sword Boomerang+1","Intimidate+1"],"picked":"SKIP","floor":36},{"not_picked":["Warcry+1","Headbutt"],"picked":"Shrug It Off","floor":39},{"not_picked":["Sword Boomerang+1","Havoc","Bloodletting+1"],"picked":"SKIP","floor":42},{"not_picked":["Rage+1","Clash","Second Wind"],"picked":"SKIP","floor":44},{"not_picked":["Twin Strike+1","Fire Breathing+1"],"picked":"Offering","floor":45},{"not_picked":["Infernal Blade+1","Burning Pact"],"picked":"Heavy Blade+1","floor":46},{"not_picked":["Seeing Red+1","Inflame","Pommel Strike"],"picked":"SKIP","floor":46},{"not_picked":["Pommel Strike","Entrench","Flex+1"],"picked":"SKIP","floor":48},{"not_picked":["Thunderclap","Whirlwind"],"picked":"Battle Trance","floor":54}],"player_experience":1305305,"relics_obtained":[{"floor":3.0,"key":"Paper Frog"},{"floor":6.0,"key":"Art of War"},{"floor":9.0,"key":"Whetstone"},{"floor":12.0,"key":"Bottled Lightning"},{"floor":24,"key":"Vajra"},{"floor":26,"key":"Pen Nib"},{"floor":31,"key":"Unceasing Top"},{"floor":39,"key":"Champion Belt"},{"floor":45,"key":"Prayer Wheel"},{"floor":48,"key":"Pantograph"},{"floor":54,"key":"Ginger"}],"event_choices":[{"damage_healed":0.0,"max_hp_gain":0.0,"max_hp_loss":0.0,"gold_gain":75.0,"event_name":"World of Goop","player_choice":"Gather Gold","floor":2.0,"gold_loss":0.0,"damage_taken":11.0},{"damage_healed":0.0,"max_hp_gain":0.0,"max_hp_loss":0.0,"gold_gain":30.0,"event_name":"Dead Adventurer","player_choice":"Searched \u00273\u0027 times","floor":11.0,"gold_loss":0.0,"damage_taken":0.0,"relics_obtained":["Boot"]},{"damage_healed":0.0,"max_hp_gain":0.0,"max_hp_loss":0.0,"gold_gain":0.0,"event_name":"Accursed Blacksmith","player_choice":"Rummage","floor":13.0,"gold_loss":0.0,"damage_taken":0.0,"relics_obtained":["WarpedTongs"],"cards_obtained":["Pain"]},{"damage_healed":0,"gold_gain":0,"player_choice":"Shed Blood","damage_taken":20,"max_hp_gain":5,"max_hp_loss":0,"event_name":"Forgotten Altar","floor":20,"gold_loss":0},{"damage_healed":0,"gold_gain":0,"player_choice":"Ignored","damage_taken":0,"max_hp_gain":0,"max_hp_loss":0,"event_name":"NoteForYourself","floor":21,"gold_loss":0},{"damage_healed":0,"gold_gain":0,"player_choice":"Max HP","damage_taken":0,"max_hp_gain":0,"max_hp_loss":5,"event_name":"Winding Halls","floor":37,"gold_loss":0},{"damage_healed":0,"gold_gain":0,"player_choice":"Fight","damage_taken":0,"max_hp_gain":0,"max_hp_loss":0,"event_name":"Mysterious Sphere","floor":39,"gold_loss":0}],"is_beta":false,"boss_relics":[{"not_picked":["Eternal Feather","Mark of Pain"],"picked":"Fusion Hammer"},{"not_picked":["Runic Dome","Philosopher\u0027s Stone"],"picked":"Cursed Key"}],"items_purged_floors":[5,27,29,53],"is_endless":false,"potions_floor_spawned":[10,11,12,14,16,28,30,33,39,44,45,48],"killed_by":"The Heart","ascension_level":0}