{"gold_per_floor":[118,118,137,157,172,172,200,200,223,257,274,41,41,41,41,139,139,152,152,67,88,102,102],"floor_reached":23,"playtime":2133,"items_purged":["Strike_G"],"score":402,"play_id":"ad960c54-b202-4d36-b87a-5ef0fd4d903a","local_time":"20190611225211","is_ascension_mode":true,"campfire_choices":[{"data":"Neutralize","floor":6,"key":"SMITH"},{"floor":8,"key":"REST"},{"data":"Leg Sweep","floor":15,"key":"SMITH"}],"neow_cost":"NONE","seed_source_timestamp":951131294867755,"circlet_count":0,"master_deck":["AscendersBane","Defend_G+1","Defend_G+1","Defend_G+1","Defend_G+1","Defend_G+1","Strike_G+1","Strike_G+1","Strike_G+1","Strike_G+1","Survivor","Neutralize+1","Deflect+1","Flying Knee","Backflip","Crippling Poison","Caltrops","Leg Sweep+1","Malaise","Deadly Poison","Leg Sweep"],"relics":["Ring of the Snake","Strawberry","Oddly Smooth Stone","PreservedInsect","War Paint","Omamori","Golden Idol","Torii","Snecko Eye","Sundial"],"potions_floor_usage":[7,7],"damage_taken":[{"damage":1,"enemies":"Small Slimes","floor":1,"turns":5},{"damage":2,"enemies":"Cultist","floor":3,"turns":5},{"damage":3,"enemies":"2 Louse","floor":4,"turns":3},{"damage":0,"enemies":"2 Fungi Beasts","floor":5,"turns":4},{"damage":31,"enemies":"3 Sentries","floor":7,"turns":9},{"damage":21,"enemies":"Lagavulin","floor":10,"turns":9},{"damage":15,"enemies":"Gremlin Gang","floor":11,"turns":6},{"damage":2,"enemies":"The Guardian","floor":16,"turns":23},{"damage":6,"enemies":"3 Byrds","floor":18,"turns":4},{"damage":0,"enemies":"Shell Parasite","floor":21,"turns":10},{"damage":0,"enemies":"Snecko","floor":22,"turns":7},{"damage":60,"enemies":"Gremlin Leader","floor":23,"turns":5}],"seed_played":"6283830604432580367","potions_obtained":[{"floor":1,"key":"Regen Potion"},{"floor":3,"key":"AttackPotion"},{"floor":11,"key":"AttackPotion"},{"floor":16,"key":"Fire Potion"}],"is_trial":false,"path_per_floor":["M","?","M","M","M","R","E","R","T","E","M","$","?","?","R","B",null,"M","?","?","M","M","E"],"character_chosen":"THE_SILENT","items_purchased":["Omamori"],"campfire_rested":1,"item_purchase_floors":[12],"current_hp_per_floor":[65,55,53,50,50,50,34,55,55,34,19,19,19,19,19,17,59,53,53,53,53,53,0],"gold":102,"neow_bonus":"RANDOM_COMMON_RELIC","is_prod":false,"is_daily":false,"chose_seed":false,"campfire_upgraded":2,"win_rate":0,"timestamp":1560286331,"path_taken":["M","?","M","M","?","R","E","R","T","E","M","$","?","?","R","BOSS","M","?","?","M","M","E"],"build_version":"2019-01-23","purchased_purges":1,"victory":false,"max_hp_per_floor":[73,73,73,73,73,73,73,73,73,73,73,73,73,73,73,73,73,73,73,73,73,73,73],"card_choices":[{"not_picked":["Reflex","Backflip"],"picked":"Deflect","floor":1},{"not_picked":["Quick Slash","Bane"],"picked":"Flying Knee","floor":3},{"not_picked":["Deflect","Flying Knee"],"picked":"Backflip","floor":4},{"not_picked":["Underhanded Strike","Sucker Punch","Acrobatics"],"picked":"SKIP","floor":5},{"not_picked":["Masterful Stab","Accuracy"],"picked":"Crippling Poison","floor":7},{"not_picked":["Expertise","Dodge and Roll"],"picked":"Caltrops","floor":10},{"not_picked":["Slice","Tactician"],"picked":"Leg Sweep","floor":11},{"not_picked":["Wraith Form v2","Grand Finale"],"picked":"Malaise","floor":16},{"not_picked":["Quick Slash","Bane","Flying Knee+1"],"picked":"SKIP","floor":18},{"not_picked":["Bane","Distraction"],"picked":"Deadly Poison","floor":21},{"not_picked":["Sucker Punch","Infinite Blades"],"picked":"Leg Sweep","floor":22}],"player_experience":511375,"relics_obtained":[{"floor":7,"key":"Oddly Smooth Stone"},{"floor":9,"key":"PreservedInsect"},{"floor":10,"key":"War Paint"}],"event_choices":[{"damage_healed":0,"gold_gain":0,"player_choice":"Damaged","damage_taken":10,"max_hp_gain":0,"max_hp_loss":0,"event_name":"Wheel of Change","floor":2,"gold_loss":0},{"damage_healed":0,"gold_gain":0,"player_choice":"Take Wound","damage_taken":0,"relics_obtained":["Golden Idol"],"max_hp_gain":0,"max_hp_loss":0,"event_name":"Golden Idol","floor":13,"gold_loss":0,"cards_obtained":["Injury"]},{"damage_healed":0,"gold_gain":0,"player_choice":"Box","damage_taken":0,"relics_obtained":["Torii"],"max_hp_gain":0,"max_hp_loss":0,"event_name":"Big Fish","floor":14,"gold_loss":0,"cards_obtained":["Regret"]},{"damage_healed":0,"gold_gain":0,"player_choice":"Simplicity","damage_taken":0,"max_hp_gain":0,"max_hp_loss":0,"event_name":"Back to Basics","floor":19,"gold_loss":0,"cards_upgraded":["Defend_G","Defend_G","Defend_G","Defend_G","Strike_G","Strike_G","Strike_G","Strike_G"]},{"damage_healed":0,"gold_gain":0,"player_choice":"Obtained Relic","damage_taken":0,"relics_obtained":["Sundial"],"max_hp_gain":0,"max_hp_loss":0,"event_name":"Addict","floor":20,"gold_loss":85}],"is_beta":false,"boss_relics":[{"not_picked":["White Beast Statue","Philosopher\u0027s Stone"],"picked":"Snecko Eye"}],"items_purged_floors":[12],"is_endless":false,"potions_floor_spawned":[1,3,11,16,18,22],"killed_by":"Gremlin Leader","ascension_level":20}