{"gold_per_floor":[110,110,13,29,47,65,96,96,122,157,176,176,176,194,194,270,270,283,297,321,34,34],"floor_reached":22,"playtime":1103,"items_purged":["Strike_B"],"score":343,"play_id":"c1a105ab-bdf8-4c92-993b-0183208daaa3","local_time":"20191006232648","is_ascension_mode":true,"campfire_choices":[{"floor":8,"key":"REST"},{"data":"Loop","floor":13,"key":"SMITH"},{"data":"Buffer","floor":15,"key":"SMITH"}],"neow_cost":"NONE","seed_source_timestamp":1156102270592100,"circlet_count":0,"master_deck":["AscendersBane","Strike_B","Strike_B+1","Defend_B","Defend_B","Defend_B","Defend_B","Zap","Dualcast+1","Coolheaded","Coolheaded","Buffer+1","Gash","Cold Snap","Static Discharge","Loop+1","Cold Snap","Gash","Biased Cognition","Barrage+1","Doom and Gloom+1"],"special_seed":0,"relics":["Cracked Core","Lantern","Blood Vial","PreservedInsect","Inserter","Art of War","Emotion Chip"],"potions_floor_usage":[7,11],"damage_taken":[{"damage":2,"enemies":"Jaw Worm","floor":1,"turns":4},{"damage":3,"enemies":"Small Slimes","floor":4,"turns":3},{"damage":0,"enemies":"Cultist","floor":5,"turns":3},{"damage":0,"enemies":"Red Slaver","floor":6,"turns":3},{"damage":12,"enemies":"Gremlin Nob","floor":7,"turns":4},{"damage":18,"enemies":"3 Sentries","floor":10,"turns":8},{"damage":12,"enemies":"Lots of Slimes","floor":11,"turns":4},{"damage":2,"enemies":"Blue Slaver","floor":14,"turns":3},{"damage":5,"enemies":"Hexaghost","floor":16,"turns":14},{"damage":22,"enemies":"Shell Parasite","floor":18,"turns":10},{"damage":16,"enemies":"3 Byrds","floor":19,"turns":5},{"damage":28,"enemies":"Snake Plant","floor":22,"turns":3}],"seed_played":"4316792777093388721","potions_obtained":[{"floor":4,"key":"FocusPotion"},{"floor":5,"key":"FocusPotion"},{"floor":7,"key":"LiquidBronze"},{"floor":11,"key":"GamblersBrew"}],"is_trial":false,"path_per_floor":["M","?","$","M","M","M","E","R","T","E","M","?","R","M","R","B",null,"M","M","T","$","M"],"character_chosen":"DEFECT","items_purchased":["Coolheaded","Emotion Chip"],"campfire_rested":1,"item_purchase_floors":[3,21],"current_hp_per_floor":[62,41,41,38,38,38,26,47,47,31,21,21,21,21,21,18,58,38,24,24,24,0],"gold":34,"neow_bonus":"THREE_CARDS","is_prod":false,"is_daily":false,"chose_seed":false,"campfire_upgraded":2,"win_rate":0,"timestamp":1570397208,"path_taken":["M","?","$","M","M","M","E","R","T","E","M","?","R","M","R","BOSS","M","?","?","$","?"],"build_version":"2019-10-04","purchased_purges":1,"victory":false,"max_hp_per_floor":[71,71,71,71,71,71,71,71,71,71,71,71,71,71,71,71,71,71,71,71,71,71],"card_choices":[{"not_picked":["Stack","Hologram"],"picked":"Coolheaded","floor":0},{"not_picked":["Stack","Redo","Beam Cell"],"picked":"SKIP","floor":1},{"not_picked":["Turbo","Hologram"],"picked":"Buffer","floor":4},{"not_picked":["Conserve Battery","White Noise"],"picked":"Gash","floor":5},{"not_picked":["Force Field","Stack"],"picked":"Cold Snap","floor":6},{"not_picked":["Rebound","Turbo"],"picked":"Static Discharge","floor":7},{"not_picked":["White Noise","Rebound"],"picked":"Loop","floor":10},{"not_picked":["Force Field","Ball Lightning"],"picked":"Cold Snap","floor":11},{"not_picked":["Force Field","Aggregate"],"picked":"Gash","floor":14},{"not_picked":["Rainbow","Creative AI"],"picked":"Biased Cognition","floor":16},{"not_picked":["Sweeping Beam","Go for the Eyes"],"picked":"Barrage+1","floor":18},{"not_picked":["Undo","Force Field"],"picked":"Doom and Gloom+1","floor":19}],"player_experience":943156,"relics_obtained":[{"floor":7,"key":"Lantern"},{"floor":9,"key":"Blood Vial"},{"floor":10,"key":"PreservedInsect"},{"floor":20,"key":"Art of War"}],"event_choices":[{"damage_healed":0,"gold_gain":0,"player_choice":"Entered Light","damage_taken":21,"max_hp_gain":0,"max_hp_loss":0,"event_name":"Shining Light","floor":2,"gold_loss":0,"cards_upgraded":["Dualcast","Strike_B"]},{"cards_removed":["Strike_B"],"damage_healed":0,"gold_gain":0,"player_choice":"Purged","damage_taken":0,"max_hp_gain":0,"max_hp_loss":0,"event_name":"Purifier","floor":12,"gold_loss":0}],"is_beta":true,"boss_relics":[{"not_picked":["Nuclear Battery","Astrolabe"],"picked":"Inserter"}],"items_purged_floors":[3],"is_endless":false,"potions_floor_spawned":[4,5,7,11,16],"killed_by":"Snake Plant","ascension_level":15}