{"gold_per_floor":[109,123,143,163,9,9,21,21,21,54,65,65,65,83,83,186,186,196,196,41,56,56,82,117,117,186,213,242,242,242,257,257,355,355,371,74,90,90,110,110,137,155,180,180,32,32,52,105,105,105,105,105,24,57,57],"floor_reached":55,"playtime":2649,"items_purged":["Strike_R"],"score":710,"play_id":"d22c88f8-43ad-4b99-b427-1f65559c0dc3","local_time":"20190407150659","is_ascension_mode":false,"campfire_choices":[{"data":"Searing Blow","floor":6.0,"key":"SMITH"},{"data":"Searing Blow+1","floor":8.0,"key":"SMITH"},{"data":"Searing Blow+2","floor":12,"key":"SMITH"},{"data":"Searing Blow+3","floor":15,"key":"SMITH"},{"data":"Searing Blow+4","floor":25,"key":"SMITH"},{"data":"Searing Blow+5","floor":29,"key":"SMITH"},{"floor":32,"key":"REST"},{"data":"Uppercut","floor":40,"key":"SMITH"},{"data":"Writhe","floor":44,"key":"PURGE"},{"floor":46,"key":"RECALL"},{"floor":49,"key":"REST"},{"data":"Searing Blow+6","floor":52,"key":"SMITH"}],"neow_cost":"PERCENT_DAMAGE","seed_source_timestamp":161086997034376,"circlet_count":0,"master_deck":["Strike_R+1","Strike_R","Strike_R+1","Strike_R+1","Defend_R","Defend_R","Defend_R","Defend_R","Bash","Power Through+1","Searing Blow+7","Iron Wave","Uppercut+1","Shrug It Off","Headbutt","Offering","Metallicize","Shrug It Off+1","Armaments+1","True Grit+1","Searing Blow+6","Blind+1","Ghostly Armor+1"],"special_seed":0,"relics":["Burning Blood","Peace Pipe","Whetstone","Gremlin Horn","Centennial Puzzle","Velvet Choker","Sundial","Toxic Egg 2","Letter Opener","Happy Flower","Red Mask","Nilry\u0027s Codex","Runic Cube","Mango","Blood Vial","Boot","Lantern","Oddly Smooth Stone","Bag of Marbles"],"potions_floor_usage":[33,55,55,55],"damage_taken":[{"damage":7.0,"enemies":"2 Louse","floor":1.0,"turns":3.0},{"damage":4.0,"enemies":"Small Slimes","floor":2.0,"turns":5.0},{"damage":1.0,"enemies":"Jaw Worm","floor":3.0,"turns":3.0},{"damage":11.0,"enemies":"Blue Slaver","floor":4.0,"turns":4.0},{"damage":13.0,"enemies":"Large Slime","floor":7.0,"turns":5.0},{"damage":18.0,"enemies":"Lagavulin","floor":10.0,"turns":7.0},{"damage":0,"enemies":"3 Louse","floor":11,"turns":3},{"damage":2,"enemies":"Blue Slaver","floor":14,"turns":3},{"damage":32,"enemies":"Slime Boss","floor":16,"turns":12},{"damage":6,"enemies":"2 Thieves","floor":18,"turns":2},{"damage":6,"enemies":"Spheric Guardian","floor":21,"turns":2},{"damage":26,"enemies":"Gremlin Leader","floor":24,"turns":3},{"damage":13,"enemies":"Slavers","floor":27,"turns":4},{"damage":6,"enemies":"Masked Bandits","floor":28,"turns":3},{"damage":6,"enemies":"Snake Plant","floor":31,"turns":2},{"damage":35,"enemies":"Automaton","floor":33,"turns":7},{"damage":6,"enemies":"3 Shapes","floor":35,"turns":5},{"damage":6,"enemies":"Orb Walker","floor":37,"turns":1},{"damage":4,"enemies":"4 Shapes","floor":39,"turns":4},{"damage":45,"enemies":"Reptomancer","floor":41,"turns":5},{"damage":6,"enemies":"Spire Growth","floor":42,"turns":3},{"damage":16,"enemies":"Maw","floor":47,"turns":5},{"damage":51,"enemies":"Time Eater","floor":50,"turns":12},{"damage":22,"enemies":"Shield and Spear","floor":54,"turns":6},{"damage":101,"enemies":"The Heart","floor":55,"turns":8}],"seed_played":"3490932506947833703","potions_obtained":[{"floor":2.0,"key":"Strength Potion"},{"floor":4.0,"key":"BloodPotion"},{"floor":7.0,"key":"GamblersBrew"},{"floor":14,"key":"SpeedPotion"},{"floor":16,"key":"EssenceOfSteel"},{"floor":24,"key":"Weak Potion"},{"floor":33,"key":"LiquidBronze"},{"floor":37,"key":"Dexterity Potion"}],"is_trial":false,"path_per_floor":["M","M","M","M","$","R","M","R","T","E","M","R","?","M","R","B",null,"M","?","$","M","?","T","E","R","T","E","?","R","?","M","R","B",null,"M","$","M","?","M","R","E","M","T","R","$","R","M","T","R","B",null,"R","$","E","B"],"character_chosen":"IRONCLAD","items_purchased":["Whetstone","Metallicize","Mango","Lantern","Blind+1"],"campfire_rested":2,"item_purchase_floors":[5,20,36,45,53],"current_hp_per_floor":[55,57,62,57,57,57,50,50,50,46,52,52,36,40,40,14,80,80,65,65,65,65,65,45,45,45,38,38,38,22,22,47,18,85,85,99,99,99,99,99,60,62,62,62,62,62,54,54,83,40,99,99,99,83,0],"gold":57,"neow_bonus":"ONE_RARE_RELIC","is_prod":false,"is_daily":false,"chose_seed":false,"campfire_upgraded":8,"win_rate":0,"timestamp":1554664019,"path_taken":["M","M","M","M","$","R","M","R","T","E","M","R","?","M","R","BOSS","M","?","$","M","?","?","E","R","T","E","?","R","?","?","R","BOSS","M","$","M","?","M","R","E","M","T","R","$","R","?","?","R","BOSS","R","$","E","BOSS"],"build_version":"2019-01-23","purchased_purges":1,"victory":false,"max_hp_per_floor":[80,80,80,80,80,80,80,80,80,80,80,80,80,80,80,80,80,80,85,85,85,85,85,85,85,85,85,85,85,85,85,85,85,85,85,99,99,99,99,99,99,99,99,99,99,99,99,99,99,99,99,99,99,99,99],"card_choices":[{"not_picked":["Body Slam","Flex"],"picked":"Power Through","floor":1.0},{"not_picked":["Inflame","Pummel"],"picked":"Searing Blow","floor":2.0},{"not_picked":["Shockwave","Thunderclap"],"picked":"Iron Wave","floor":3.0},{"not_picked":["Thunderclap","Burning Pact"],"picked":"Uppercut","floor":4.0},{"not_picked":["Havoc","Wild Strike"],"picked":"Shrug It Off","floor":7.0},{"not_picked":["Clothesline","Corruption","Clash"],"picked":"SKIP","floor":10.0},{"not_picked":["Immolate","Burning Pact"],"picked":"Headbutt","floor":11},{"not_picked":["Havoc","Inflame","Twin Strike"],"picked":"SKIP","floor":14},{"not_picked":["Impervious","Reaper"],"picked":"Offering","floor":16},{"not_picked":["Pommel Strike","Clash","Thunderclap"],"picked":"SKIP","floor":18},{"not_picked":["Body Slam+1","Warcry"],"picked":"Shrug It Off+1","floor":21},{"not_picked":["Havoc","Barricade"],"picked":"Armaments+1","floor":24},{"not_picked":["Infernal Blade+1","Warcry+1","Uppercut"],"picked":"SKIP","floor":27},{"not_picked":["Anger","Infernal Blade+1"],"picked":"True Grit+1","floor":28},{"not_picked":["Seeing Red+1","Thunderclap","Dropkick"],"picked":"SKIP","floor":31},{"not_picked":["Blood for Blood","Shrug It Off+1","Perfected Strike+1"],"picked":"SKIP","floor":35},{"not_picked":["Warcry+1","Wild Strike","Iron Wave+1"],"picked":"SKIP","floor":37},{"not_picked":["Rupture+1","Wild Strike+1","Bloodletting+1"],"picked":"SKIP","floor":39},{"not_picked":["Combust","Cleave","Armaments+1"],"picked":"SKIP","floor":41},{"not_picked":["True Grit+1","Inflame+1","Dual Wield+1"],"picked":"SKIP","floor":42},{"not_picked":["Sever Soul","Iron Wave+1","Anger+1"],"picked":"SKIP","floor":47},{"not_picked":["Whirlwind+1","Perfected Strike"],"picked":"Ghostly Armor+1","floor":54}],"player_experience":772392,"relics_obtained":[{"floor":9.0,"key":"Gremlin Horn"},{"floor":10.0,"key":"Centennial Puzzle"},{"floor":24,"key":"Toxic Egg 2"},{"floor":26,"key":"Letter Opener"},{"floor":27,"key":"Happy Flower"},{"floor":28,"key":"Red Mask"},{"floor":30,"key":"Nilry\u0027s Codex"},{"floor":41,"key":"Blood Vial"},{"floor":43,"key":"Boot"},{"floor":48,"key":"Oddly Smooth Stone"},{"floor":54,"key":"Bag of Marbles"}],"event_choices":[{"damage_healed":0,"gold_gain":0,"player_choice":"Entered Light","damage_taken":16,"max_hp_gain":0,"max_hp_loss":0,"event_name":"Shining Light","floor":13,"gold_loss":0,"cards_upgraded":["Power Through","Strike_R"]},{"damage_healed":0,"gold_gain":0,"player_choice":"Shed Blood","damage_taken":20,"max_hp_gain":5,"max_hp_loss":0,"event_name":"Forgotten Altar","floor":19,"gold_loss":0},{"damage_healed":0,"gold_gain":0,"player_choice":"Opened","damage_taken":0,"relics_obtained":["Sundial"],"max_hp_gain":0,"max_hp_loss":0,"event_name":"The Mausoleum","floor":22,"gold_loss":0,"cards_obtained":["Writhe"]},{"damage_healed":0,"gold_gain":0,"player_choice":"Fought Bandits","damage_taken":0,"max_hp_gain":0,"max_hp_loss":0,"event_name":"Masked Bandits","floor":28,"gold_loss":0},{"damage_healed":0,"gold_gain":0,"player_choice":"Obtained Book","damage_taken":16,"max_hp_gain":0,"max_hp_loss":0,"event_name":"Cursed Tome","floor":30,"gold_loss":0},{"damage_healed":0,"gold_gain":0,"player_choice":"Copied","damage_taken":0,"max_hp_gain":0,"max_hp_loss":0,"event_name":"Duplicator","floor":38,"gold_loss":0,"cards_obtained":["Searing Blow"]}],"is_beta":false,"boss_relics":[{"not_picked":["Coffee Dripper","Snecko Eye"],"picked":"Velvet Choker"},{"not_picked":["Black Star","White Beast Statue"],"picked":"Runic Cube"}],"items_purged_floors":[20],"is_endless":false,"potions_floor_spawned":[2,4,7,14,16,24,27,31,33,37,39,41],"killed_by":"The Heart","ascension_level":0}