{"gold_per_floor":[114,189,189,14,14,14,47,60,60,75,75,85,13,28,28,106,106,119,129,129],"floor_reached":20,"playtime":883,"items_purged":[],"score":287,"play_id":"7b8c032a-b072-4cd7-9c95-61eb3935d9d9","local_time":"20190605193610","is_ascension_mode":true,"campfire_choices":[{"data":"Fission","floor":6.0,"key":"SMITH"},{"floor":11,"key":"REST"},{"floor":15,"key":"REST"}],"neow_cost":"NONE","seed_source_timestamp":1358073172897455,"circlet_count":0,"master_deck":["AscendersBane","Strike_B","Strike_B","Defend_B","Defend_B","Defend_B","Defend_B","Zap","Dualcast","Fission+1","Sweeping Beam","Sweeping Beam","Loop","Defragment","Loop","Defragment","Echo Form","BootSequence","Ball Lightning"],"special_seed":0,"relics":["Cracked Core","Regal Pillow","Omamori","Mummified Hand","Philosopher\u0027s Stone"],"potions_floor_usage":[7,20],"damage_taken":[{"damage":8.0,"enemies":"Jaw Worm","floor":1.0,"turns":5.0},{"damage":22,"enemies":"Lagavulin","floor":7,"turns":9},{"damage":3,"enemies":"Small Slimes","floor":8,"turns":2},{"damage":20,"enemies":"Cultist","floor":10,"turns":5},{"damage":19,"enemies":"Exordium Thugs","floor":12,"turns":4},{"damage":7,"enemies":"Looter","floor":14,"turns":3},{"damage":35,"enemies":"Slime Boss","floor":16,"turns":9},{"damage":23,"enemies":"Spheric Guardian","floor":18,"turns":4},{"damage":21,"enemies":"3 Byrds","floor":19,"turns":4},{"damage":17,"enemies":"Snecko","floor":20,"turns":3}],"seed_played":"5690200369622441583","potions_obtained":[{"floor":1.0,"key":"Dexterity Potion"},{"floor":10,"key":"Weak Potion"}],"is_trial":false,"path_per_floor":["M","?","?","$","?","R","E","M","T","M","R","M","$","M","R","B",null,"M","M","M"],"character_chosen":"DEFECT","items_purchased":["Regal Pillow","Sweeping Beam","Loop"],"campfire_rested":2,"item_purchase_floors":[4,4,13],"current_hp_per_floor":[60,49,49,49,49,49,27,24,24,4,41,22,22,15,52,17,61,38,17,0],"gold":129,"neow_bonus":"ONE_RANDOM_RARE_CARD","is_prod":false,"is_daily":false,"chose_seed":false,"campfire_upgraded":1,"win_rate":0,"timestamp":1559777770,"path_taken":["M","?","?","$","?","R","E","?","T","M","R","M","?","M","R","BOSS","M","M","M"],"build_version":"2019-01-23","purchased_purges":0,"victory":false,"max_hp_per_floor":[75,75,75,75,75,75,75,75,75,75,75,75,75,75,75,75,75,75,75,75],"card_choices":[{"not_picked":["Static Discharge","Coolheaded"],"picked":"Sweeping Beam","floor":1.0},{"not_picked":["Hologram","Turbo"],"picked":"Loop","floor":7},{"not_picked":["Hello World","Steam Power","Redo"],"picked":"SKIP","floor":8},{"not_picked":["Compile Driver","Skim"],"picked":"Defragment","floor":10},{"not_picked":["Gash","Steam Power","Stack"],"picked":"SKIP","floor":12},{"not_picked":["BootSequence","Seek"],"picked":"Defragment","floor":14},{"not_picked":["Electrodynamics","Seek"],"picked":"Echo Form","floor":16},{"not_picked":["Aggregate","Recycle"],"picked":"BootSequence","floor":18},{"not_picked":["BootSequence","Streamline"],"picked":"Ball Lightning","floor":19}],"player_experience":984392,"relics_obtained":[{"floor":7,"key":"Omamori"},{"floor":9,"key":"Mummified Hand"}],"event_choices":[{"damage_healed":0.0,"max_hp_gain":0.0,"max_hp_loss":0.0,"gold_gain":75.0,"event_name":"World of Goop","player_choice":"Gather Gold","floor":2.0,"gold_loss":0.0,"damage_taken":11.0},{"cards_removed":["Strike_B"],"damage_healed":0.0,"max_hp_gain":0.0,"max_hp_loss":0.0,"gold_gain":0.0,"event_name":"Living Wall","player_choice":"Forget","floor":3.0,"gold_loss":0.0,"damage_taken":0.0},{"cards_removed":["Strike_B"],"damage_healed":0.0,"max_hp_gain":0.0,"max_hp_loss":0.0,"gold_gain":0.0,"event_name":"Bonfire Elementals","player_choice":"Offered Basic","floor":5.0,"gold_loss":0.0,"damage_taken":0.0}],"is_beta":false,"boss_relics":[{"not_picked":["Coffee Dripper","Lizard Tail"],"picked":"Philosopher\u0027s Stone"}],"items_purged_floors":[],"is_endless":false,"potions_floor_spawned":[1,10],"killed_by":"Snecko","ascension_level":13}