{"gold_per_floor":[413,338,11,11,26,52,63,92,92,111,36,50,85,85,85,157,157,167,6,6,26,37,70,70,126,149,149,9,22,54,72,72,150,150,164,264,279,176,187,216,229,275,275,310,327,355,355,366,366,366,366,366,268,293,293],"floor_reached":55,"playtime":3812,"items_purged":["Writhe","Anger+1","Strike_R+1","Ghostly Armor"],"score":1496,"play_id":"ddc8645f-554c-46ec-858c-c048963fff05","local_time":"20190725224955","is_ascension_mode":true,"campfire_choices":[{"data":"Spot Weakness","floor":15.0,"key":"SMITH"},{"data":"Barricade","floor":24.0,"key":"SMITH"},{"data":"Spot Weakness","floor":32.0,"key":"SMITH"},{"floor":49.0,"key":"RECALL"},{"data":"Heavy Blade","floor":52.0,"key":"SMITH"}],"neow_cost":"CURSE","seed_source_timestamp":1255414171914423,"circlet_count":0,"master_deck":["AscendersBane","Strike_R+1","Strike_R+1","Strike_R+1","Defend_R+1","Defend_R+1","Defend_R+1","Defend_R+1","Bash+1","Cleave","Flame Barrier","Flame Barrier","Reaper","Battle Trance+1","Spot Weakness+1","Barricade+1","Flame Barrier","Dark Shackles","Spot Weakness+1","Armaments+1","Battle Trance","Twin Strike","Shrug It Off","Intimidate+1","Heavy Blade+1","Twin Strike","Shrug It Off"],"special_seed":0,"relics":["Burning Blood","Old Coin","Mercury Hourglass","Whetstone","Kunai","Singing Bowl","Meat on the Bone","Sozu","Smiling Mask","Tiny Chest","Blood Vial","Bottled Lightning","Busted Crown","FossilizedHelix","Du-Vu Doll","Prayer Wheel","Centennial Puzzle","Pear","Boot"],"potions_floor_usage":[54,55],"damage_taken":[{"damage":16.0,"enemies":"Small Slimes","floor":1.0,"turns":7.0},{"damage":0.0,"enemies":"Jaw Worm","floor":5.0,"turns":4.0},{"damage":22.0,"enemies":"Gremlin Nob","floor":6.0,"turns":5.0},{"damage":0.0,"enemies":"Cultist","floor":7.0,"turns":3.0},{"damage":27.0,"enemies":"Lagavulin","floor":8.0,"turns":8.0},{"damage":0.0,"enemies":"3 Louse","floor":10.0,"turns":2.0},{"damage":6.0,"enemies":"Looter","floor":12.0,"turns":3.0},{"damage":32.0,"enemies":"Gremlin Nob","floor":13.0,"turns":4.0},{"damage":23.0,"enemies":"The Guardian","floor":16.0,"turns":12.0},{"damage":0.0,"enemies":"3 Byrds","floor":18.0,"turns":1.0},{"damage":3.0,"enemies":"Shell Parasite","floor":21.0,"turns":7.0},{"damage":39.0,"enemies":"3 Cultists","floor":22.0,"turns":6.0},{"damage":41.0,"enemies":"Book of Stabbing","floor":23.0,"turns":6.0},{"damage":7.0,"enemies":"Gremlin Leader","floor":25.0,"turns":7.0},{"damage":32.0,"enemies":"Snecko","floor":29.0,"turns":6.0},{"damage":22.0,"enemies":"Book of Stabbing","floor":30.0,"turns":6.0},{"damage":2.0,"enemies":"Cultist and Chosen","floor":31.0,"turns":7.0},{"damage":86.0,"enemies":"Automaton","floor":33.0,"turns":15.0},{"damage":2.0,"enemies":"3 Darklings","floor":35.0,"turns":8.0},{"damage":5.0,"enemies":"Mind Bloom Boss Battle","floor":36.0,"turns":8.0},{"damage":0.0,"enemies":"3 Shapes","floor":37.0,"turns":3.0},{"damage":0.0,"enemies":"Spire Growth","floor":39.0,"turns":8.0},{"damage":72.0,"enemies":"Giant Head","floor":40.0,"turns":10.0},{"damage":0.0,"enemies":"Writhing Mass","floor":41.0,"turns":10.0},{"damage":25.0,"enemies":"2 Orb Walkers","floor":42.0,"turns":5.0},{"damage":8.0,"enemies":"Nemesis","floor":44.0,"turns":9.0},{"damage":0.0,"enemies":"4 Shapes","floor":45.0,"turns":8.0},{"damage":78.0,"enemies":"Giant Head","floor":46.0,"turns":10.0},{"damage":0.0,"enemies":"Spire Growth","floor":48.0,"turns":6.0},{"damage":108.0,"enemies":"Awakened One","floor":50.0,"turns":15.0},{"damage":81,"enemies":"Shield and Spear","floor":54,"turns":6},{"damage":79,"enemies":"The Heart","floor":55,"turns":5}],"seed_played":"-2622662030933899685","potions_obtained":[{"floor":6.0,"key":"SkillPotion"},{"floor":10.0,"key":"PowerPotion"},{"floor":16.0,"key":"PowerPotion"}],"is_trial":false,"path_per_floor":["M","?","$","?","M","E","M","E","T","M","$","M","E","?","R","B",null,"M","$","?","M","M","E","R","E","T","?","$","M","E","M","R","B",null,"M","?","M","$","M","E","M","?","T","E","M","E","T","M","R","B",null,"R","$","E","B"],"character_chosen":"IRONCLAD","items_purchased":["Mercury Hourglass","Flame Barrier","Strength Potion","Dark Shackles","Spot Weakness","Battle Trance","Twin Strike","Shrug It Off","Twin Strike"],"campfire_rested":0,"item_purchase_floors":[3,3,3,19,19,28,28,38,53],"current_hp_per_floor":[58,58,58,58,64,48,54,33,33,41,41,41,21,21,21,22,63,69,69,69,79,48,43,43,54,54,54,54,60,69,89,89,42,79,93,95,97,97,99,45,70,67,67,91,109,85,95,123,123,67,109,109,109,72,0],"gold":293,"neow_bonus":"ONE_RARE_RELIC","is_prod":false,"is_daily":false,"chose_seed":false,"campfire_upgraded":4,"win_rate":0,"timestamp":1564087795,"path_taken":["M","?","$","?","M","E","M","E","T","M","$","?","E","?","R","BOSS","M","$","?","M","?","E","R","E","T","?","?","M","E","M","R","BOSS","M","?","M","$","M","E","M","?","T","E","M","E","?","?","R","BOSS","R","$","E","BOSS"],"build_version":"2019-07-17","purchased_purges":4,"victory":false,"max_hp_per_floor":[75,75,75,75,75,75,75,75,75,77,77,77,77,77,77,77,77,77,77,77,79,81,83,83,83,83,83,83,85,87,89,89,91,91,93,95,97,97,99,99,101,103,103,105,109,111,121,123,123,123,123,123,123,123,123],"card_choices":[{"not_picked":["Pummel","Second Wind"],"picked":"Cleave","floor":1.0},{"not_picked":["Thunderclap","Corruption"],"picked":"Anger","floor":5.0},{"not_picked":["Sword Boomerang","Armaments"],"picked":"Flame Barrier","floor":6.0},{"not_picked":["Corruption","Hemokinesis","Perfected Strike"],"picked":"SKIP","floor":7.0},{"not_picked":["Perfected Strike","Spot Weakness"],"picked":"Reaper","floor":8.0},{"not_picked":["Pummel","Perfected Strike","Sword Boomerang"],"picked":"Singing Bowl","floor":10.0},{"not_picked":["Reckless Charge","Iron Wave"],"picked":"Battle Trance","floor":12.0},{"not_picked":["True Grit","Rampage"],"picked":"Spot Weakness","floor":13.0},{"not_picked":["Double Tap","Offering"],"picked":"Barricade","floor":16.0},{"not_picked":["Clash","Havoc"],"picked":"Flame Barrier","floor":18.0},{"not_picked":["Second Wind","Ghostly Armor","Rupture"],"picked":"Singing Bowl","floor":21.0},{"not_picked":["Wild Strike","Fire Breathing","Armaments"],"picked":"Singing Bowl","floor":22.0},{"not_picked":["Cleave","Carnage+1","Warcry"],"picked":"Singing Bowl","floor":23.0},{"not_picked":["Entrench","Perfected Strike"],"picked":"Armaments+1","floor":25.0},{"not_picked":["Fiend Fire","True Grit","Entrench"],"picked":"Singing Bowl","floor":29.0},{"not_picked":["Rampage","Fiend Fire","Pommel Strike"],"picked":"Singing Bowl","floor":30.0},{"not_picked":["Pommel Strike","Heavy Blade","Flame Barrier"],"picked":"Singing Bowl","floor":31.0},{"not_picked":["Fiend Fire","Berserk","Bludgeon"],"picked":"Singing Bowl","floor":33.0},{"not_picked":["Rampage"],"picked":"Singing Bowl","floor":35.0},{"not_picked":["Bloodletting"],"picked":"Singing Bowl","floor":36.0},{"not_picked":["Heavy Blade"],"picked":"Singing Bowl","floor":37.0},{"not_picked":["Sever Soul"],"picked":"Singing Bowl","floor":39.0},{"not_picked":[],"picked":"Intimidate+1","floor":40.0},{"not_picked":["Iron Wave"],"picked":"Singing Bowl","floor":41.0},{"not_picked":["Hemokinesis"],"picked":"Singing Bowl","floor":42.0},{"not_picked":["Flex+1"],"picked":"Singing Bowl","floor":44.0},{"not_picked":["Burning Pact"],"picked":"Singing Bowl","floor":45.0},{"not_picked":["Seeing Red"],"picked":"Singing Bowl","floor":45.0},{"not_picked":["Sword Boomerang"],"picked":"Singing Bowl","floor":46.0},{"not_picked":["True Grit"],"picked":"Singing Bowl","floor":48.0},{"not_picked":[],"picked":"Heavy Blade","floor":48.0},{"not_picked":[],"picked":"Shrug It Off","floor":54}],"player_experience":691244,"relics_obtained":[{"floor":6.0,"key":"Whetstone"},{"floor":8.0,"key":"Kunai"},{"floor":9.0,"key":"Singing Bowl"},{"floor":13.0,"key":"Meat on the Bone"},{"floor":23.0,"key":"Smiling Mask"},{"floor":25.0,"key":"Tiny Chest"},{"floor":26.0,"key":"Blood Vial"},{"floor":30.0,"key":"Bottled Lightning"},{"floor":36.0,"key":"FossilizedHelix"},{"floor":42.0,"key":"Du-Vu Doll"},{"floor":44.0,"key":"Prayer Wheel"},{"floor":46.0,"key":"Centennial Puzzle"},{"floor":47.0,"key":"Pear"},{"floor":54,"key":"Boot"}],"event_choices":[{"cards_removed":["Strike_R"],"damage_healed":0.0,"max_hp_gain":0.0,"max_hp_loss":0.0,"gold_gain":0.0,"event_name":"The Cleric","player_choice":"Card Removal","floor":2.0,"gold_loss":75.0,"damage_taken":0.0},{"damage_healed":0.0,"max_hp_gain":0.0,"max_hp_loss":0.0,"gold_gain":0.0,"event_name":"Match and Keep!","player_choice":"1 cards matched","floor":4.0,"gold_loss":0.0,"damage_taken":0.0,"cards_obtained":["Ghostly Armor"]},{"damage_healed":0.0,"max_hp_gain":0.0,"max_hp_loss":0.0,"gold_gain":0.0,"event_name":"Living Wall","player_choice":"Grow","floor":14.0,"gold_loss":0.0,"damage_taken":0.0,"cards_upgraded":["Battle Trance"]},{"damage_healed":0.0,"max_hp_gain":0.0,"max_hp_loss":0.0,"gold_gain":0.0,"event_name":"Lab","player_choice":"Got Potions","floor":20.0,"gold_loss":0.0,"damage_taken":0.0},{"damage_healed":0.0,"max_hp_gain":0.0,"max_hp_loss":0.0,"gold_gain":0.0,"event_name":"Back to Basics","player_choice":"Simplicity","floor":27.0,"gold_loss":0.0,"damage_taken":0.0,"cards_upgraded":["Strike_R","Strike_R","Strike_R","Strike_R","Defend_R","Defend_R","Defend_R","Defend_R"]},{"damage_healed":0.0,"max_hp_gain":0.0,"max_hp_loss":0.0,"gold_gain":0.0,"event_name":"MindBloom","player_choice":"Fight","floor":36.0,"gold_loss":0.0,"damage_taken":0.0},{"damage_healed":0.0,"max_hp_gain":0.0,"max_hp_loss":0.0,"gold_gain":0.0,"event_name":"Mysterious Sphere","player_choice":"Fight","floor":42.0,"gold_loss":0.0,"damage_taken":0.0}],"is_beta":false,"boss_relics":[{"not_picked":["Runic Cube","Tiny House"],"picked":"Sozu"},{"not_picked":["Runic Dome","Runic Pyramid"],"picked":"Busted Crown"}],"items_purged_floors":[11,28,38,53],"is_endless":false,"potions_floor_spawned":[6,10,16,21,22,23,31,37,40,41,45,46],"killed_by":"The Heart","ascension_level":15}