{"gold_per_floor":[119,119,139,152,167,167,195,195,195,270,282,295,314,314,314,388,388,406,436,456,456,466,466,501,12,12,39,39,2,29,40,40,112,112,130,130,130,144,144],"floor_reached":39,"playtime":2511,"items_purged":[],"score":753,"play_id":"ec902591-8d0c-4a93-87a7-4f1e05db97b8","local_time":"20190529214533","is_ascension_mode":true,"campfire_choices":[{"data":"Steam","floor":6.0,"key":"SMITH"},{"floor":8.0,"key":"REST"},{"data":"Static Discharge","floor":15.0,"key":"SMITH"},{"floor":23.0,"key":"REST"},{"floor":28,"key":"REST"},{"floor":32,"key":"REST"}],"neow_cost":"NONE","seed_source_timestamp":86011274037594,"circlet_count":0,"master_deck":["AscendersBane","Defend_B","Defend_B","Defend_B","Zap+1","Dualcast","Steam+1","Compile Driver","Auto Shields","Melter+1","Barrage+1","Static Discharge+1","Ball Lightning+1","Biased Cognition","White Noise+1","Echo Form+1","Steam Power+1","Cold Snap+1","Cold Snap+1","Cold Snap+1","Conserve Battery+1","Coolheaded","Echo Form","Reinforced Body","Self Repair","Electrodynamics","Sweeping Beam+1"],"special_seed":0,"relics":["Molten Egg 2","Meat on the Bone","Mango","Astrolabe","Red Mask","Nloth\u0027s Gift","Letter Opener","Matryoshka","Omamori","Blue Candle","PreservedInsect","Pear","Inserter"],"potions_floor_usage":[],"damage_taken":[{"damage":8.0,"enemies":"2 Louse","floor":1.0,"turns":2.0},{"damage":1.0,"enemies":"Cultist","floor":3.0,"turns":3.0},{"damage":2.0,"enemies":"Jaw Worm","floor":4.0,"turns":3.0},{"damage":16.0,"enemies":"Exordium Thugs","floor":5.0,"turns":7.0},{"damage":34.0,"enemies":"3 Sentries","floor":7.0,"turns":11.0},{"damage":2.0,"enemies":"3 Louse","floor":11.0,"turns":4.0},{"damage":0.0,"enemies":"Red Slaver","floor":12.0,"turns":2.0},{"damage":22.0,"enemies":"Gremlin Gang","floor":13.0,"turns":5.0},{"damage":27.0,"enemies":"Hexaghost","floor":16.0,"turns":7.0},{"damage":2.0,"enemies":"Chosen","floor":18.0,"turns":5.0},{"damage":30.0,"enemies":"Masked Bandits","floor":19.0,"turns":4.0},{"damage":18.0,"enemies":"2 Thieves","floor":20.0,"turns":4.0},{"damage":21.0,"enemies":"Chosen and Byrds","floor":22.0,"turns":5.0},{"damage":29.0,"enemies":"Slavers","floor":24.0,"turns":3.0},{"damage":26,"enemies":"Gremlin Leader","floor":27,"turns":10},{"damage":34,"enemies":"Slavers","floor":30,"turns":10},{"damage":18,"enemies":"Snake Plant","floor":31,"turns":3},{"damage":62,"enemies":"Automaton","floor":33,"turns":11},{"damage":12,"enemies":"Orb Walker","floor":35,"turns":4},{"damage":56,"enemies":"3 Darklings","floor":38,"turns":4},{"damage":46,"enemies":"Transient","floor":39,"turns":3}],"seed_played":"3191878155154038850","potions_obtained":[{"floor":4.0,"key":"SkillPotion"},{"floor":7.0,"key":"SmokeBomb"},{"floor":16.0,"key":"LiquidBronze"},{"floor":19.0,"key":"Swift Potion"},{"floor":30,"key":"Energy Potion"}],"is_trial":false,"path_per_floor":["M","?","M","M","M","R","E","R","T","?","M","M","M","T","R","B",null,"M","?","M","?","M","R","E","$","T","E","R","$","E","M","R","B",null,"M","?","?","M","M"],"character_chosen":"DEFECT","items_purchased":["Coolheaded","Echo Form","Reinforced Body","Matryoshka","Self Repair"],"campfire_rested":4,"item_purchase_floors":[25,25,25,25,29],"current_hp_per_floor":[60,60,59,57,41,41,7,29,29,18,28,40,30,44,44,29,74,72,54,48,48,39,65,48,48,48,34,60,60,48,56,85,49,87,75,75,75,38,0],"gold":144,"neow_bonus":"UPGRADE_CARD","is_prod":false,"is_daily":false,"chose_seed":false,"campfire_upgraded":2,"win_rate":0,"timestamp":1559159133,"path_taken":["M","?","M","M","M","R","E","R","T","?","M","M","M","?","R","BOSS","M","?","M","?","?","R","E","$","T","E","R","?","E","?","R","BOSS","M","?","?","M","M"],"build_version":"2019-01-23","purchased_purges":0,"victory":false,"max_hp_per_floor":[75,75,75,75,75,75,75,75,75,75,75,75,75,89,89,89,89,89,89,89,89,89,89,89,89,89,89,89,89,99,99,99,99,99,99,99,99,99,99],"card_choices":[{"not_picked":["Gash","Beam Cell"],"picked":"Steam","floor":1.0},{"not_picked":["Cold Snap","Barrage"],"picked":"Compile Driver","floor":3.0},{"not_picked":["Heatsinks","Barrage"],"picked":"Auto Shields","floor":4.0},{"not_picked":["Capacitor","Aggregate","Compile Driver"],"picked":"SKIP","floor":5.0},{"not_picked":["Auto Shields","Leap"],"picked":"Melter","floor":7.0},{"not_picked":["Hello World","Hologram"],"picked":"Barrage+1","floor":11.0},{"not_picked":["Capacitor","Hologram"],"picked":"Static Discharge","floor":12.0},{"not_picked":["Beam Cell+1","Leap"],"picked":"Ball Lightning+1","floor":13.0},{"not_picked":["All For One+1","Echo Form"],"picked":"Biased Cognition","floor":16.0},{"not_picked":["Compile Driver+1","Ball Lightning+1"],"picked":"Cold Snap+1","floor":18.0},{"not_picked":["Force Field","Beam Cell+1"],"picked":"Cold Snap+1","floor":20.0},{"not_picked":["Barrage+1","Gash+1"],"picked":"Cold Snap+1","floor":22.0},{"not_picked":["Meteor Strike+1","FTL+1"],"picked":"Conserve Battery+1","floor":24.0},{"not_picked":["Go for the Eyes+1","Gash+1","Double Energy"],"picked":"SKIP","floor":27},{"not_picked":["Force Field","Amplify","White Noise"],"picked":"SKIP","floor":30},{"not_picked":["Barrage+1","Heatsinks","Darkness"],"picked":"SKIP","floor":31},{"not_picked":["Seek","All For One+1"],"picked":"Electrodynamics","floor":33},{"not_picked":["White Noise","Ball Lightning+1"],"picked":"Sweeping Beam+1","floor":35},{"not_picked":["Turbo+1","Cold Snap+1","Go for the Eyes+1"],"picked":"SKIP","floor":38}],"player_experience":379932,"relics_obtained":[{"floor":7.0,"key":"Molten Egg 2"},{"floor":9.0,"key":"Meat on the Bone"},{"floor":14.0,"key":"Mango"},{"floor":19.0,"key":"Red Mask"},{"floor":24.0,"key":"Letter Opener"},{"floor":26.0,"key":"Omamori"},{"floor":26.0,"key":"Blue Candle"},{"floor":27,"key":"PreservedInsect"},{"floor":30,"key":"Pear"}],"event_choices":[{"cards_removed":["Strike_B"],"damage_healed":0.0,"max_hp_gain":0.0,"max_hp_loss":0.0,"gold_gain":0.0,"event_name":"Purifier","player_choice":"Purged","floor":2.0,"gold_loss":0.0,"damage_taken":0.0},{"damage_healed":0.0,"max_hp_gain":0.0,"max_hp_loss":0.0,"gold_gain":75.0,"event_name":"World of Goop","player_choice":"Gather Gold","floor":10.0,"gold_loss":0.0,"damage_taken":11.0},{"damage_healed":0.0,"max_hp_gain":0.0,"max_hp_loss":0.0,"gold_gain":0.0,"event_name":"Masked Bandits","player_choice":"Fought Bandits","floor":19.0,"gold_loss":0.0,"damage_taken":0.0},{"damage_healed":0.0,"max_hp_gain":0.0,"max_hp_loss":0.0,"gold_gain":0.0,"event_name":"N\u0027loth","player_choice":"Traded Relic","floor":21.0,"relics_lost":["Cracked Core"],"gold_loss":0.0,"damage_taken":0.0,"relics_obtained":["Nloth\u0027s Gift"]},{"damage_healed":0,"gold_gain":0,"player_choice":"Ignored","damage_taken":0,"max_hp_gain":0,"max_hp_loss":0,"event_name":"Tomb of Lord Red Mask","floor":36,"gold_loss":0},{"cards_removed":["Defend_B"],"damage_healed":0,"gold_gain":0,"player_choice":"Offered Basic","damage_taken":0,"max_hp_gain":0,"max_hp_loss":0,"event_name":"Bonfire Elementals","floor":37,"gold_loss":0}],"is_beta":false,"boss_relics":[{"not_picked":["Coffee Dripper","Eternal Feather"],"picked":"Astrolabe"},{"not_picked":["Runic Pyramid","Pandora\u0027s Box"],"picked":"Inserter"}],"items_purged_floors":[],"is_endless":false,"potions_floor_spawned":[4,7,16,18,19,20,30,31,33],"killed_by":"Transient","ascension_level":13}