{"gold_per_floor":[116,291,140,150,169,169,184,184,184,134,234,251,266,297,297,395,395,405,440,451,451,451,451,203,203,229,266,294,306,318,205,205,308,308,324,174,449,449,449,449,462,481,481,481,494,494,319,333,333,333],"floor_reached":51,"playtime":1618,"items_purged":["Doubt","Strike_R","Strike_R","Hemokinesis","Heavy Blade"],"score":863,"play_id":"8f26ca9c-a099-4f0f-bc3c-112694014fa6","local_time":"20190731204437","is_ascension_mode":false,"campfire_choices":[{"data":"Bash","floor":6.0,"key":"SMITH"},{"data":"Carnage","floor":8.0,"key":"SMITH"},{"data":"Shrug It Off","floor":15.0,"key":"SMITH"},{"data":"Defend_R","floor":23.0,"key":"SMITH"},{"floor":32,"key":"REST"},{"data":"Dropkick","floor":46,"key":"SMITH"},{"floor":49,"key":"REST"}],"neow_cost":"NONE","seed_source_timestamp":784925335437635,"circlet_count":0,"master_deck":["Bash+1","Shrug It Off+1","Carnage+1","Thunderclap","Headbutt","Pommel Strike","Reckless Charge","Dropkick+1"],"special_seed":0,"relics":["Burning Blood","Omamori","Ornamental Fan","Sozu","Red Mask","Juzu Bracelet","Red Skull","MawBank","Mummified Hand","Necronomicon","Pandora\u0027s Box","Pantograph","Blood Vial"],"potions_floor_usage":[50,50],"damage_taken":[{"damage":0.0,"enemies":"2 Louse","floor":1.0,"turns":4.0},{"damage":0.0,"enemies":"Small Slimes","floor":4.0,"turns":3.0},{"damage":3.0,"enemies":"Jaw Worm","floor":5.0,"turns":3.0},{"damage":13.0,"enemies":"Lots of Slimes","floor":7.0,"turns":5.0},{"damage":12.0,"enemies":"Blue Slaver","floor":12.0,"turns":3.0},{"damage":0.0,"enemies":"2 Fungi Beasts","floor":13.0,"turns":3.0},{"damage":23.0,"enemies":"Lagavulin","floor":14.0,"turns":5.0},{"damage":56.0,"enemies":"Hexaghost","floor":16.0,"turns":10.0},{"damage":16.0,"enemies":"Spheric Guardian","floor":18.0,"turns":4.0},{"damage":26.0,"enemies":"Masked Bandits","floor":19.0,"turns":6.0},{"damage":0.0,"enemies":"Chosen","floor":20.0,"turns":3.0},{"damage":22.0,"enemies":"Slavers","floor":27.0,"turns":5.0},{"damage":0.0,"enemies":"Snake Plant","floor":28.0,"turns":3.0},{"damage":40,"enemies":"Automaton","floor":33,"turns":9},{"damage":10,"enemies":"3 Darklings","floor":35,"turns":4},{"damage":22,"enemies":"3 Shapes","floor":41,"turns":4},{"damage":0,"enemies":"Transient","floor":42,"turns":5},{"damage":17,"enemies":"Spire Growth","floor":45,"turns":3},{"damage":0,"enemies":"3 Darklings","floor":48,"turns":3},{"damage":49,"enemies":"Donu and Deca","floor":50,"turns":6}],"seed_played":"1050655603979763799","potions_obtained":[{"floor":1.0,"key":"SkillPotion"},{"floor":7.0,"key":"LiquidBronze"},{"floor":14.0,"key":"Energy Potion"}],"is_trial":false,"path_per_floor":["M","?","$","M","M","R","M","R","T","?","?","M","M","E","R","B",null,"M","?","M","?","?","R","$","?","T","E","M","?","?","$","R","B",null,"M","$","?","?","?","?","M","M","T","T","M","R","$","M","R","B",null],"character_chosen":"IRONCLAD","items_purchased":["Carnage","Juzu Bracelet"],"campfire_rested":2,"item_purchase_floors":[3,24],"current_hp_per_floor":[88,88,88,88,88,88,81,81,81,81,81,75,81,64,64,14,88,78,58,64,47,47,47,47,47,47,31,37,21,52,52,79,45,93,89,89,89,89,89,89,73,79,79,79,70,70,70,78,93,50],"gold":333,"neow_bonus":"TEN_PERCENT_HP_BONUS","is_prod":false,"is_daily":false,"chose_seed":false,"campfire_upgraded":5,"win_rate":0,"timestamp":1564620277,"path_taken":["M","?","$","M","M","R","M","R","T","?","?","?","M","E","R","BOSS","M","?","M","?","?","R","?","?","T","E","M","?","?","$","R","BOSS","M","$","?","?","?","?","M","M","T","?","M","R","$","M","R","BOSS"],"build_version":"2019-07-17","purchased_purges":5,"victory":true,"max_hp_per_floor":[88,88,88,88,88,88,88,88,88,88,88,88,88,88,88,88,88,88,88,88,93,93,93,93,93,93,93,93,93,93,93,93,93,93,93,93,93,93,93,93,93,93,93,93,93,93,93,93,93,93],"card_choices":[{"not_picked":["Cleave","Entrench"],"picked":"Shrug It Off","floor":1.0},{"not_picked":["Clothesline","Infernal Blade","Bloodletting"],"picked":"SKIP","floor":4.0},{"not_picked":["Headbutt","Twin Strike","Wild Strike"],"picked":"SKIP","floor":5.0},{"not_picked":["Armaments","Twin Strike","Disarm"],"picked":"SKIP","floor":7.0},{"not_picked":["Iron Wave","Clothesline","Offering"],"picked":"SKIP","floor":12.0},{"not_picked":["Reckless Charge","Seeing Red"],"picked":"Thunderclap","floor":13.0},{"not_picked":["Armaments","Warcry","Sword Boomerang"],"picked":"SKIP","floor":14.0},{"not_picked":["Armaments","Clothesline","True Grit"],"picked":"SKIP","floor":18.0},{"not_picked":["Bloodletting","Dual Wield","Searing Blow+1"],"picked":"SKIP","floor":20.0},{"not_picked":["Berserk","Body Slam","Rage"],"picked":"SKIP","floor":27.0},{"not_picked":["Hemokinesis","Intimidate","Clothesline+1"],"picked":"SKIP","floor":28.0},{"not_picked":["Shrug It Off","Reckless Charge"],"picked":"Dropkick","floor":35},{"not_picked":["Sword Boomerang","Rage","Iron Wave"],"picked":"SKIP","floor":41},{"not_picked":["Havoc+1","Pommel Strike","Searing Blow"],"picked":"SKIP","floor":42},{"not_picked":["Sword Boomerang","Wild Strike+1","Burning Pact+1"],"picked":"SKIP","floor":45},{"not_picked":["Cleave+1","Anger+1","Thunderclap+1"],"picked":"SKIP","floor":48}],"player_experience":1200865,"relics_obtained":[{"floor":9.0,"key":"Omamori"},{"floor":14.0,"key":"Ornamental Fan"},{"floor":19.0,"key":"Red Mask"},{"floor":26.0,"key":"MawBank"},{"floor":27.0,"key":"Mummified Hand"},{"floor":29.0,"key":"Necronomicon"},{"floor":43,"key":"Pantograph"},{"floor":44,"key":"Blood Vial"}],"event_choices":[{"damage_healed":0.0,"max_hp_gain":0.0,"max_hp_loss":0.0,"gold_gain":175.0,"event_name":"Liars Game","player_choice":"AGREE","floor":2.0,"gold_loss":0.0,"damage_taken":0.0,"cards_obtained":["Doubt"]},{"cards_removed":["Strike_R"],"damage_healed":0.0,"max_hp_gain":0.0,"max_hp_loss":0.0,"gold_gain":0.0,"event_name":"The Cleric","player_choice":"Card Removal","floor":10.0,"gold_loss":50.0,"damage_taken":0.0},{"damage_healed":0.0,"max_hp_gain":0.0,"max_hp_loss":0.0,"gold_gain":100.0,"event_name":"Golden Shrine","player_choice":"Pray","floor":11.0,"gold_loss":0.0,"damage_taken":0.0},{"damage_healed":0.0,"max_hp_gain":0.0,"max_hp_loss":0.0,"gold_gain":0.0,"event_name":"Masked Bandits","player_choice":"Fought Bandits","floor":19.0,"gold_loss":0.0,"damage_taken":0.0},{"damage_healed":0.0,"max_hp_gain":5.0,"max_hp_loss":0.0,"gold_gain":0.0,"event_name":"Forgotten Altar","player_choice":"Shed Blood","floor":21.0,"gold_loss":0.0,"damage_taken":22.0},{"damage_healed":0.0,"max_hp_gain":0.0,"max_hp_loss":0.0,"gold_gain":0.0,"event_name":"Ghosts","player_choice":"Ignored","floor":22.0,"gold_loss":0.0,"damage_taken":0.0},{"damage_healed":0.0,"max_hp_gain":0.0,"max_hp_loss":0.0,"gold_gain":0.0,"event_name":"The Mausoleum","player_choice":"Opened","floor":25.0,"gold_loss":0.0,"damage_taken":0.0,"relics_obtained":["Red Skull"]},{"damage_healed":0.0,"max_hp_gain":0.0,"max_hp_loss":0.0,"gold_gain":0.0,"event_name":"Cursed Tome","player_choice":"Obtained Book","floor":29.0,"gold_loss":0.0,"damage_taken":16.0},{"damage_healed":31,"gold_gain":0,"player_choice":"Heal","damage_taken":0,"max_hp_gain":0,"max_hp_loss":0,"event_name":"The Library","floor":30,"gold_loss":0},{"damage_healed":0,"gold_gain":275,"player_choice":"Desecrate","damage_taken":0,"max_hp_gain":0,"max_hp_loss":0,"event_name":"Golden Shrine","floor":37,"gold_loss":0,"cards_obtained":["Regret"]},{"damage_healed":0,"gold_gain":0,"player_choice":"Ignored","damage_taken":0,"max_hp_gain":0,"max_hp_loss":0,"event_name":"Mysterious Sphere","floor":38,"gold_loss":0},{"cards_removed":["Flex"],"damage_healed":0,"gold_gain":0,"player_choice":"Removed Skill","damage_taken":0,"max_hp_gain":0,"max_hp_loss":0,"event_name":"Falling","floor":39,"gold_loss":0},{"damage_healed":0,"gold_gain":0,"player_choice":"Memory 1","damage_taken":0,"max_hp_gain":0,"max_hp_loss":0,"event_name":"SensoryStone","floor":40,"gold_loss":0}],"is_beta":false,"boss_relics":[{"not_picked":["Black Star","Runic Pyramid"],"picked":"Sozu"},{"not_picked":["Eternal Feather","Snecko Eye"],"picked":"Pandora\u0027s Box"}],"items_purged_floors":[3,24,31,36,47],"is_endless":false,"potions_floor_spawned":[1,7,14,19,27,33,35,45],"ascension_level":0}