{"gold_per_floor":[110,20,20,170,9,9,44,44,71,71,85,118,130,146,146,224,224,241,259,309,69,89,89,116,0,0,0,0,0,17,37,37,114,114,131,131,150,150,167,167],"floor_reached":40,"playtime":2317,"items_purged":["Doubt"],"score":878,"play_id":"5962586b-25aa-4575-9ef4-52cae5b03f3c","local_time":"20190613193951","is_ascension_mode":true,"campfire_choices":[{"data":"Footwork","floor":6.0,"key":"SMITH"},{"data":"Crippling Poison","floor":8.0,"key":"SMITH"},{"data":"Footwork","floor":15.0,"key":"SMITH"},{"floor":23.0,"key":"REST"},{"floor":28.0,"key":"REST"},{"floor":32.0,"key":"REST"}],"neow_cost":"NONE","seed_source_timestamp":96944810082897,"circlet_count":0,"master_deck":["AscendersBane","Defend_G","Defend_G","Defend_G","Defend_G+1","Defend_G+1","Strike_G","Strike_G","Strike_G","Strike_G","Strike_G","Survivor","Neutralize","Footwork+1","Leg Sweep+1","Crippling Poison+1","Backflip","Footwork+1","Flying Knee","Poisoned Stab","Venomology","Bouncing Flask","Catalyst","Acrobatics","Deflect","PiercingWail","Adrenaline","Bouncing Flask","Unload","Well Laid Plans","Bandage Up","Predator"],"special_seed":0,"relics":["Ring of the Snake","NeowsBlessing","Happy Flower","Pen Nib","Snake Skull","Black Star","Oddly Smooth Stone","Du-Vu Doll","War Paint","Ornamental Fan","Blood Vial","Velvet Choker"],"potions_floor_usage":[40,40,40],"damage_taken":[{"damage":0.0,"enemies":"Jaw Worm","floor":1.0,"turns":1.0},{"damage":0.0,"enemies":"3 Sentries","floor":7.0,"turns":2.0},{"damage":0.0,"enemies":"Small Slimes","floor":11.0,"turns":1.0},{"damage":21.0,"enemies":"Lagavulin","floor":12.0,"turns":13.0},{"damage":0.0,"enemies":"2 Louse","floor":13.0,"turns":3.0},{"damage":9.0,"enemies":"Blue Slaver","floor":14.0,"turns":4.0},{"damage":5.0,"enemies":"The Guardian","floor":16.0,"turns":14.0},{"damage":0.0,"enemies":"3 Byrds","floor":18.0,"turns":4.0},{"damage":18.0,"enemies":"2 Thieves","floor":19.0,"turns":4.0},{"damage":21.0,"enemies":"Snake Plant","floor":22.0,"turns":6.0},{"damage":22.0,"enemies":"Book of Stabbing","floor":24.0,"turns":5.0},{"damage":9.0,"enemies":"Snecko","floor":30.0,"turns":6.0},{"damage":13.0,"enemies":"Centurion and Healer","floor":31.0,"turns":15.0},{"damage":32.0,"enemies":"Champ","floor":33.0,"turns":18.0},{"damage":30.0,"enemies":"3 Shapes","floor":35.0,"turns":5.0},{"damage":2.0,"enemies":"Orb Walker","floor":37.0,"turns":4.0},{"damage":18.0,"enemies":"4 Shapes","floor":39.0,"turns":5.0},{"damage":26,"enemies":"Giant Head","floor":40,"turns":4}],"seed_played":"2922806629622495278","potions_obtained":[{"floor":11.0,"key":"Swift Potion"},{"floor":14.0,"key":"SpeedPotion"},{"floor":16.0,"key":"SteroidPotion"},{"floor":24.0,"key":"Weak Potion"},{"floor":33.0,"key":"Poison Potion"},{"floor":39.0,"key":"GamblersBrew"}],"is_trial":false,"path_per_floor":["M","$","?","?","$","R","E","R","T","?","M","E","M","M","R","B",null,"M","M","?","$","M","R","E","?","T","$","R","T","M","M","R","B",null,"M","?","M","?","M","E"],"character_chosen":"THE_SILENT","items_purchased":["Footwork","Leg Sweep","Catalyst","Oddly Smooth Stone"],"campfire_rested":3,"item_purchase_floors":[2,5,21,21],"current_hp_per_floor":[59,59,59,59,59,59,59,59,59,59,59,38,38,29,29,24,56,56,38,38,38,17,36,14,14,14,14,33,33,26,15,34,4,51,23,23,23,23,11,0],"gold":167,"neow_bonus":"THREE_ENEMY_KILL","is_prod":false,"is_daily":false,"chose_seed":false,"campfire_upgraded":3,"win_rate":0,"timestamp":1560447591,"path_taken":["M","$","?","?","?","R","E","R","T","?","M","E","M","M","R","BOSS","M","M","?","$","M","R","E","?","T","$","R","?","M","M","R","BOSS","M","?","?","?","M","E"],"build_version":"2019-01-23","purchased_purges":1,"victory":false,"max_hp_per_floor":[66,66,66,66,66,66,66,66,66,66,66,66,66,66,66,66,66,66,66,66,66,66,66,66,66,66,66,66,66,66,66,66,66,66,66,66,66,66,66,66],"card_choices":[{"not_picked":["Acrobatics","Slice"],"picked":"Endless Agony","floor":1.0},{"not_picked":["Underhanded Strike","Distraction"],"picked":"Crippling Poison","floor":7.0},{"not_picked":["Setup","Storm of Steel"],"picked":"Backflip","floor":11.0},{"not_picked":["PiercingWail","Infinite Blades"],"picked":"Footwork","floor":12.0},{"not_picked":["Acrobatics","PiercingWail"],"picked":"Flying Knee","floor":13.0},{"not_picked":["Quick Slash","Expertise"],"picked":"Poisoned Stab","floor":14.0},{"not_picked":["Unload","Storm of Steel"],"picked":"Venomology","floor":16.0},{"not_picked":["Predator","Expertise","Endless Agony"],"picked":"SKIP","floor":18.0},{"not_picked":["Terror","Predator"],"picked":"Bouncing Flask","floor":19.0},{"not_picked":["Flying Knee","Tactician","Dagger Throw"],"picked":"SKIP","floor":22.0},{"not_picked":["Deadly Poison","Concentrate"],"picked":"Acrobatics","floor":24.0},{"not_picked":["Bane","Tactician"],"picked":"Deflect","floor":30.0},{"not_picked":["Reflex","Finisher"],"picked":"PiercingWail","floor":31.0},{"not_picked":["Glass Knife","A Thousand Cuts"],"picked":"Adrenaline","floor":33.0},{"not_picked":["Deadly Poison","Predator"],"picked":"Bouncing Flask","floor":35.0},{"not_picked":["Quick Slash","Poisoned Stab"],"picked":"Well Laid Plans","floor":37.0},{"not_picked":["Master of Strategy","Trip"],"picked":"Bandage Up","floor":38.0},{"not_picked":["Blade Dance+1","Dagger Throw+1"],"picked":"Predator","floor":39.0}],"player_experience":526094,"relics_obtained":[{"floor":7.0,"key":"Happy Flower"},{"floor":9.0,"key":"Pen Nib"},{"floor":12.0,"key":"Snake Skull"},{"floor":24.0,"key":"Du-Vu Doll"},{"floor":24.0,"key":"War Paint"},{"floor":26.0,"key":"Ornamental Fan"},{"floor":29.0,"key":"Blood Vial"}],"event_choices":[{"damage_healed":0.0,"max_hp_gain":0.0,"max_hp_loss":0.0,"gold_gain":0.0,"event_name":"The Cleric","player_choice":"Leave","floor":3.0,"gold_loss":0.0,"damage_taken":0.0},{"damage_healed":0.0,"max_hp_gain":0.0,"max_hp_loss":0.0,"gold_gain":150.0,"event_name":"Liars Game","player_choice":"AGREE","floor":4.0,"gold_loss":0.0,"damage_taken":0.0,"cards_obtained":["Doubt"]},{"damage_healed":0.0,"max_hp_gain":0.0,"max_hp_loss":0.0,"gold_gain":0.0,"event_name":"Living Wall","player_choice":"Grow","floor":10.0,"gold_loss":0.0,"damage_taken":0.0,"cards_upgraded":["Leg Sweep"]},{"damage_healed":0.0,"max_hp_gain":0.0,"max_hp_loss":0.0,"gold_gain":50.0,"event_name":"Nest","player_choice":"Stole From Cult","floor":20.0,"gold_loss":0.0,"damage_taken":0.0},{"damage_healed":0.0,"max_hp_gain":0.0,"max_hp_loss":0.0,"gold_gain":0.0,"event_name":"Masked Bandits","player_choice":"Paid Fearfully","floor":25.0,"gold_loss":116.0,"damage_taken":0.0},{"damage_healed":0.0,"max_hp_gain":0.0,"max_hp_loss":0.0,"gold_gain":0.0,"cards_transformed":["Endless Agony"],"event_name":"Transmorgrifier","player_choice":"Transformed","floor":36.0,"gold_loss":0.0,"damage_taken":0.0,"cards_obtained":["Unload"]},{"damage_healed":0.0,"max_hp_gain":0.0,"max_hp_loss":0.0,"gold_gain":0.0,"event_name":"SensoryStone","player_choice":"Memory 1","floor":38.0,"gold_loss":0.0,"damage_taken":0.0}],"is_beta":false,"boss_relics":[{"not_picked":["Pandora\u0027s Box","Fusion Hammer"],"picked":"Black Star"},{"not_picked":["Eternal Feather","Lizard Tail"],"picked":"Velvet Choker"}],"items_purged_floors":[5],"is_endless":false,"potions_floor_spawned":[11,14,16,22,24,33,39],"killed_by":"Giant Head","ascension_level":20}