{"gold_per_floor":[366,35,35,0,0,26,26,55,132,4,60,35,35,55,55,129,129,139,152,172,222,233,233],"floor_reached":23,"playtime":1381,"items_purged":[],"score":482,"play_id":"8fe963ae-a31d-49eb-aa57-5c1d2c0afb8e","local_time":"20190711231104","is_ascension_mode":true,"campfire_choices":[{"floor":7,"key":"REST"},{"floor":13,"key":"REST"},{"data":"Cloak And Dagger","floor":15,"key":"SMITH"}],"neow_cost":"PERCENT_DAMAGE","seed_source_timestamp":981998804668251,"circlet_count":0,"master_deck":["AscendersBane","Strike_G","Strike_G","Strike_G","Strike_G","Strike_G","Defend_G","Defend_G","Defend_G","Defend_G","Defend_G","Survivor","Neutralize","Dagger Throw","Endless Agony","Sucker Punch","Deflect","Bouncing Flask","Cloak And Dagger+1","Flash of Steel","Infinite Blades","PiercingWail","Well Laid Plans","A Thousand Cuts","Leg Sweep","Dagger Spray"],"relics":["Ring of the Snake","Vajra","Gambling Chip","Bottled Flame","Shuriken","StoneCalendar","WristBlade"],"potions_floor_usage":[6,17,19,23],"damage_taken":[{"damage":2,"enemies":"Cultist","floor":1,"turns":5},{"damage":18,"enemies":"Lagavulin","floor":6,"turns":6},{"damage":18,"enemies":"3 Sentries","floor":8,"turns":9},{"damage":20,"enemies":"3 Sentries","floor":11,"turns":7},{"damage":0,"enemies":"Small Slimes","floor":14,"turns":2},{"damage":0,"enemies":"Hexaghost","floor":16,"turns":7},{"damage":0,"enemies":"Chosen","floor":18,"turns":4},{"damage":6,"enemies":"3 Byrds","floor":19,"turns":3},{"damage":15,"enemies":"Cultist and Chosen","floor":20,"turns":5},{"damage":23,"enemies":"Snake Plant","floor":22,"turns":4},{"damage":17,"enemies":"Book of Stabbing","floor":23,"turns":3}],"seed_played":"1011424134414878393","potions_obtained":[{"floor":11,"key":"SkillPotion"},{"floor":14,"key":"SpeedPotion"},{"floor":16,"key":"Fruit Juice"},{"floor":18,"key":"Poison Potion"},{"floor":22,"key":"FearPotion"}],"is_trial":false,"path_per_floor":["M","$","?","?","?","E","R","E","T","$","?","$","R","M","R","B",null,"M","M","M","?","M","E"],"character_chosen":"THE_SILENT","items_purchased":["Fire Potion","Endless Agony","Vajra","Sucker Punch","Cloak And Dagger","Flash of Steel","PiercingWail"],"campfire_rested":2,"item_purchase_floors":[2,2,2,2,10,10,12],"current_hp_per_floor":[42,42,42,42,42,24,43,25,25,25,5,5,24,24,24,24,61,61,55,40,40,17,0],"gold":233,"neow_bonus":"TWO_FIFTY_GOLD","is_prod":false,"is_daily":false,"chose_seed":false,"campfire_upgraded":1,"win_rate":0,"timestamp":1562901064,"path_taken":["M","$","?","?","?","E","R","E","T","?","?","?","R","M","R","BOSS","M","M","M","?","M","E"],"build_version":"2019-07-05","purchased_purges":0,"victory":false,"max_hp_per_floor":[66,66,66,66,66,66,66,66,66,66,66,66,66,66,66,66,71,71,71,71,71,71,71],"card_choices":[{"not_picked":["Predator","Setup"],"picked":"Dagger Throw","floor":1},{"not_picked":["Leg Sweep","Heel Hook"],"picked":"Deflect","floor":6},{"not_picked":["Leg Sweep","Concentrate"],"picked":"Bouncing Flask","floor":8},{"not_picked":["Blade Dance","Leg Sweep"],"picked":"Infinite Blades","floor":11},{"not_picked":["Underhanded Strike","Dodge and Roll"],"picked":"Well Laid Plans","floor":14},{"not_picked":["Doppelganger","Night Terror"],"picked":"A Thousand Cuts","floor":16},{"not_picked":["Poisoned Stab","Crippling Poison"],"picked":"Leg Sweep","floor":18},{"not_picked":["Slice","Poisoned Stab"],"picked":"Dagger Spray","floor":19},{"not_picked":["Eviscerate","Bane","Dodge and Roll"],"picked":"SKIP","floor":20},{"not_picked":["Predator","Catalyst+1","Concentrate"],"picked":"SKIP","floor":22}],"player_experience":1131258,"relics_obtained":[{"floor":6,"key":"Gambling Chip"},{"floor":8,"key":"Bottled Flame"},{"floor":9,"key":"Shuriken"},{"floor":11,"key":"StoneCalendar"}],"event_choices":[{"damage_healed":0,"gold_gain":0,"player_choice":"Ignored","damage_taken":0,"max_hp_gain":0,"max_hp_loss":0,"event_name":"Liars Game","floor":3,"gold_loss":0},{"damage_healed":0,"gold_gain":0,"player_choice":"Left Gold","damage_taken":0,"max_hp_gain":0,"max_hp_loss":0,"event_name":"World of Goop","floor":4,"gold_loss":35},{"damage_healed":0,"gold_gain":0,"player_choice":"Ignored","damage_taken":0,"max_hp_gain":0,"max_hp_loss":0,"event_name":"Shining Light","floor":5,"gold_loss":0},{"damage_healed":0,"gold_gain":0,"player_choice":"Searched \u00271\u0027 times","damage_taken":0,"max_hp_gain":0,"max_hp_loss":0,"event_name":"Dead Adventurer","floor":11,"gold_loss":0},{"damage_healed":0,"gold_gain":50,"player_choice":"Stole From Cult","damage_taken":0,"max_hp_gain":0,"max_hp_loss":0,"event_name":"Nest","floor":21,"gold_loss":0}],"is_beta":false,"boss_relics":[{"not_picked":["Empty Cage","White Beast Statue"],"picked":"WristBlade"}],"items_purged_floors":[],"is_endless":false,"potions_floor_spawned":[11,14,16,18,22],"killed_by":"Book of Stabbing","ascension_level":19}