{"gold_per_floor":[17,17,17,37,37,37,70,70,95,126,126,136,136,148,148,248,248,264,282,207,207,207,207,232,232,257,104,116,116,116,132,132,230,230,243,61,75,128,143,143,158,158,181,181,181,200,200,200,200,200,200,200,48,74,74],"floor_reached":55,"playtime":4048,"items_purged":[],"score":746,"play_id":"aed9a68e-7074-4af7-a189-dbd3ab7ecc86","local_time":"20181129210310","is_ascension_mode":false,"campfire_choices":[{"data":"Glass Knife","floor":6,"key":"SMITH"},{"data":"Skewer","floor":8,"key":"SMITH"},{"data":"Terror","floor":11,"key":"SMITH"},{"data":"Neutralize","floor":13,"key":"SMITH"},{"data":"Sucker Punch","floor":15,"key":"SMITH"},{"data":"Adrenaline","floor":23,"key":"SMITH"},{"data":"Tools of the Trade","floor":29,"key":"SMITH"},{"floor":32,"key":"REST"},{"floor":40,"key":"RECALL"},{"data":"Footwork","floor":42,"key":"SMITH"},{"data":"Footwork","floor":45,"key":"SMITH"},{"data":"Dodge and Roll","floor":47,"key":"SMITH"},{"floor":49,"key":"REST"},{"data":"Predator","floor":52,"key":"SMITH"}],"neow_cost":"NO_GOLD","seed_source_timestamp":3778198850317063,"circlet_count":0,"master_deck":["Defend_G+1","Defend_G+1","Defend_G+1","Defend_G+1","Defend_G+1","Strike_G+1","Strike_G+1","Strike_G+1","Strike_G+1","Survivor","Neutralize+1","Glass Knife+1","Predator+1","Skewer+1","Terror+1","Outmaneuver","Sucker Punch+1","Tools of the Trade+1","Adrenaline+1","Heel Hook+1","Backflip","Footwork+1","Corpse Explosion","Footwork+1","Mayhem","Dagger Spray+1","Dodge and Roll+1","Thinking Ahead"],"relics":["Ring of the Snake","Sundial","Mummified Hand","War Paint","Strawberry","Black Star","Molten Egg 2","Pear","Happy Flower","Lizard Tail","Gambling Chip","Anchor","Smiling Mask","Vajra"],"potions_floor_usage":[10,24,33,33,54,55,55,55],"damage_taken":[{"damage":0,"enemies":"2 Louse","floor":1,"turns":3},{"damage":0,"enemies":"Jaw Worm","floor":4,"turns":2},{"damage":24,"enemies":"3 Sentries","floor":7,"turns":9},{"damage":4,"enemies":"Gremlin Nob","floor":10,"turns":3},{"damage":0,"enemies":"Small Slimes","floor":12,"turns":3},{"damage":0,"enemies":"Looter","floor":14,"turns":2},{"damage":7,"enemies":"The Guardian","floor":16,"turns":6},{"damage":2,"enemies":"Chosen","floor":18,"turns":3},{"damage":10,"enemies":"2 Thieves","floor":19,"turns":4},{"damage":0,"enemies":"Gremlin Leader","floor":24,"turns":3},{"damage":18,"enemies":"Centurion and Healer","floor":28,"turns":6},{"damage":0,"enemies":"Chosen and Byrds","floor":31,"turns":3},{"damage":70,"enemies":"Collector","floor":33,"turns":12},{"damage":1,"enemies":"Orb Walker","floor":35,"turns":2},{"damage":6,"enemies":"3 Darklings","floor":37,"turns":2},{"damage":31,"enemies":"2 Orb Walkers","floor":38,"turns":6},{"damage":0,"enemies":"Jaw Worm Horde","floor":39,"turns":2},{"damage":0,"enemies":"Transient","floor":41,"turns":5},{"damage":22,"enemies":"4 Shapes","floor":46,"turns":5},{"damage":41,"enemies":"Awakened One","floor":50,"turns":25},{"damage":8,"enemies":"Shield and Spear","floor":54,"turns":6},{"damage":129,"enemies":"The Heart","floor":55,"turns":12}],"seed_played":"-1720162627074450840","potions_obtained":[{"floor":1,"key":"Block Potion"},{"floor":7,"key":"Explosive Potion"},{"floor":10,"key":"Dexterity Potion"},{"floor":12,"key":"SpeedPotion"},{"floor":28,"key":"GhostInAJar"},{"floor":31,"key":"Dexterity Potion"},{"floor":35,"key":"FairyPotion"},{"floor":39,"key":"Poison Potion"},{"floor":54,"key":"AttackPotion"}],"is_trial":false,"path_per_floor":["M","?","?","M","$","R","E","R","T","E","R","M","R","M","R","B",null,"M","M","$","?","$","R","E","?","T","$","M","R","?","M","R","B",null,"M","$","M","?","M","R","M","R","T","?","R","M","R","?","R","B",null,"R","$","E","B"],"character_chosen":"THE_SILENT","items_purchased":["Footwork","Happy Flower","Mayhem","GhostInAJar","GhostInAJar"],"campfire_rested":2,"item_purchase_floors":[20,27,36,53,53],"current_hp_per_floor":[70,67,67,67,67,67,43,43,43,46,46,46,46,46,46,39,77,75,65,65,65,65,65,75,75,75,75,57,57,57,57,83,13,87,86,86,80,49,49,49,49,49,49,49,49,27,27,27,53,12,87,87,87,79,0],"gold":74,"neow_bonus":"THREE_RARE_CARDS","is_prod":false,"is_daily":false,"chose_seed":false,"campfire_upgraded":11,"win_rate":0,"timestamp":1543543390,"path_taken":["M","?","?","M","$","R","E","R","T","E","R","M","R","M","R","BOSS","M","M","$","?","$","R","E","?","T","$","M","R","?","M","R","BOSS","M","$","M","?","M","R","M","R","T","?","R","?","R","?","R","BOSS","R","$","E","BOSS"],"build_version":"2018-11-15","purchased_purges":0,"victory":false,"max_hp_per_floor":[70,70,70,70,70,70,70,70,70,77,77,77,77,77,77,77,77,77,77,77,77,77,77,87,87,87,87,87,87,87,87,87,87,87,87,87,87,87,87,87,87,87,87,87,87,87,87,87,87,87,87,87,87,87,87],"card_choices":[{"not_picked":["Malaise","Unload"],"picked":"Glass Knife","floor":0},{"not_picked":["Reflex","Heel Hook"],"picked":"Predator","floor":1},{"not_picked":["Deflect","Sucker Punch"],"picked":"Skewer","floor":4},{"not_picked":["Flying Knee","Eviscerate"],"picked":"Terror","floor":7},{"not_picked":["Bane","Calculated Gamble"],"picked":"Outmaneuver","floor":10},{"not_picked":["Terror","Dagger Throw"],"picked":"Sucker Punch","floor":12},{"not_picked":["Dagger Throw","Outmaneuver"],"picked":"Tools of the Trade","floor":14},{"not_picked":["Storm of Steel","Night Terror"],"picked":"Adrenaline","floor":16},{"not_picked":["Deflect","Deadly Poison"],"picked":"Heel Hook+1","floor":18},{"not_picked":["Prepared","Cloak And Dagger"],"picked":"Backflip","floor":19},{"not_picked":["Poisoned Stab+1","Riddle With Holes","Noxious Fumes+1"],"picked":"SKIP","floor":24},{"not_picked":["Underhanded Strike+1","Riddle With Holes+1","Predator+1"],"picked":"SKIP","floor":28},{"not_picked":["Infinite Blades","Bane+1","Quick Slash+1"],"picked":"SKIP","floor":31},{"not_picked":["Burst","Doppelganger"],"picked":"Corpse Explosion","floor":33},{"not_picked":["Prepared","Crippling Poison+1"],"picked":"Footwork","floor":35},{"not_picked":["Footwork","Poisoned Stab+1","Backstab+1"],"picked":"SKIP","floor":37},{"not_picked":["Poisoned Stab+1","Cloak And Dagger+1"],"picked":"Dagger Spray+1","floor":39},{"not_picked":["Outmaneuver","Underhanded Strike+1","Acrobatics+1"],"picked":"SKIP","floor":41},{"not_picked":["Acrobatics+1","PiercingWail"],"picked":"Dodge and Roll","floor":46},{"not_picked":["Swift Strike+1","Enlightenment"],"picked":"Thinking Ahead","floor":48},{"not_picked":["Calculated Gamble+1","Blade Dance","Dagger Spray+1"],"picked":"SKIP","floor":54}],"player_experience":591395,"relics_obtained":[{"floor":7,"key":"Mummified Hand"},{"floor":9,"key":"War Paint"},{"floor":10,"key":"Strawberry"},{"floor":24,"key":"Molten Egg 2"},{"floor":24,"key":"Pear"},{"floor":38,"key":"Gambling Chip"},{"floor":43,"key":"Anchor"},{"floor":54,"key":"Smiling Mask"},{"floor":54,"key":"Vajra"}],"event_choices":[{"damage_healed":0,"gold_gain":0,"player_choice":"Success","damage_taken":3,"relics_obtained":["Sundial"],"max_hp_gain":0,"max_hp_loss":0,"event_name":"Scrap Ooze","floor":2,"gold_loss":0},{"cards_removed":["Strike_G"],"damage_healed":0,"gold_gain":0,"player_choice":"Forget","damage_taken":0,"max_hp_gain":0,"max_hp_loss":0,"event_name":"Living Wall","floor":3,"gold_loss":0},{"damage_healed":0,"gold_gain":0,"player_choice":"Simplicity","damage_taken":0,"max_hp_gain":0,"max_hp_loss":0,"event_name":"Back to Basics","floor":21,"gold_loss":0,"cards_upgraded":["Defend_G","Defend_G","Defend_G","Strike_G","Strike_G","Strike_G","Strike_G"]},{"damage_healed":0,"gold_gain":0,"player_choice":"Ignored","damage_taken":0,"max_hp_gain":0,"max_hp_loss":0,"event_name":"Vampires","floor":25,"gold_loss":0},{"damage_healed":0,"gold_gain":0,"player_choice":"Ignored","damage_taken":0,"max_hp_gain":0,"max_hp_loss":0,"event_name":"Ghosts","floor":30,"gold_loss":0},{"damage_healed":0,"gold_gain":0,"player_choice":"Fight","damage_taken":0,"max_hp_gain":0,"max_hp_loss":0,"event_name":"Mysterious Sphere","floor":38,"gold_loss":0},{"damage_healed":0,"gold_gain":0,"player_choice":"0 cards matched","damage_taken":0,"max_hp_gain":0,"max_hp_loss":0,"event_name":"Match and Keep!","floor":44,"gold_loss":0,"cards_obtained":[]},{"damage_healed":0,"gold_gain":0,"player_choice":"Memory 1","damage_taken":0,"max_hp_gain":0,"max_hp_loss":0,"event_name":"SensoryStone","floor":48,"gold_loss":0}],"is_beta":false,"boss_relics":[{"not_picked":["Astrolabe","Empty Cage"],"picked":"Black Star"},{"not_picked":["Ring of the Serpent","Runic Pyramid"],"picked":"Lizard Tail"}],"items_purged_floors":[],"is_endless":false,"potions_floor_spawned":[1,7,10,12,16,28,31,35,39,54],"killed_by":"The Heart","ascension_level":0}