{"gold_per_floor":[110,34,34,34,47,47,77,77,102,127,127,139,152,187,187,263,263,283,27,27,27,27,59,79,79,79,79,110,140,152,164,176,260,272,295,307,338,350,374,386,414,426,438,483,512,544,556,186,186,186,186],"floor_reached":51,"playtime":2866,"items_purged":["Inflame"],"score":1462,"play_id":"b048e7af-0359-47f4-b2cb-dce73e29b426","local_time":"20190601135422","is_ascension_mode":true,"campfire_choices":[{"data":"Whirlwind","floor":6.0,"key":"SMITH"},{"data":"Flame Barrier","floor":11.0,"key":"SMITH"},{"data":"Shockwave","floor":15.0,"key":"SMITH"},{"data":"True Grit","floor":25.0,"key":"SMITH"},{"floor":27.0,"key":"REST"},{"floor":30.0,"key":"REST"},{"floor":32.0,"key":"REST"},{"floor":40.0,"key":"REST"},{"floor":42.0,"key":"REST"},{"floor":47.0,"key":"REST"},{"data":"Demon Form","floor":49.0,"key":"SMITH"}],"neow_cost":"NONE","seed_source_timestamp":51776348775184,"circlet_count":0,"master_deck":["AscendersBane","Strike_R+1","Strike_R","Defend_R","Defend_R","Defend_R","Defend_R","Bash+1","Flame Barrier+1","Whirlwind+1","Thunderclap","Spot Weakness","Shockwave+1","Headbutt","Demon Form+1","Sword Boomerang","True Grit+1","Evolve","Flame Barrier+1","Disarm","Metallicize","Heavy Blade+1","Spot Weakness","Juggernaut","Burning Pact","Disarm","Reaper","Ghostly Armor+1","Clothesline","Burning Pact","Flame Barrier","Shrug It Off"],"special_seed":0,"relics":["Burning Blood","NeowsBlessing","Omamori","Oddly Smooth Stone","Whetstone","Dream Catcher","Philosopher\u0027s Stone","Membership Card","Pear","Bag of Marbles","Shuriken","MawBank","Cursed Key","Orichalcum","Turnip","Ancient Tea Set","Dodecahedron","Cauldron"],"potions_floor_usage":[50,50],"damage_taken":[{"damage":0.0,"enemies":"Cultist","floor":1.0,"turns":1.0},{"damage":0.0,"enemies":"Small Slimes","floor":5.0,"turns":1.0},{"damage":0.0,"enemies":"Lagavulin","floor":7.0,"turns":2.0},{"damage":32.0,"enemies":"Gremlin Nob","floor":10.0,"turns":4.0},{"damage":4.0,"enemies":"2 Louse","floor":12.0,"turns":2.0},{"damage":2.0,"enemies":"Red Slaver","floor":13.0,"turns":4.0},{"damage":14.0,"enemies":"Lagavulin","floor":14.0,"turns":6.0},{"damage":44.0,"enemies":"Hexaghost","floor":16.0,"turns":9.0},{"damage":24.0,"enemies":"Shell Parasite","floor":18.0,"turns":4.0},{"damage":10.0,"enemies":"Slavers","floor":23.0,"turns":4.0},{"damage":10.0,"enemies":"Chosen","floor":24.0,"turns":5.0},{"damage":52.0,"enemies":"Gremlin Leader","floor":28.0,"turns":8.0},{"damage":9.0,"enemies":"Snecko","floor":29.0,"turns":6.0},{"damage":63.0,"enemies":"Collector","floor":33.0,"turns":7.0},{"damage":14.0,"enemies":"3 Darklings","floor":35.0,"turns":2.0},{"damage":9.0,"enemies":"Orb Walker","floor":37.0,"turns":4.0},{"damage":44.0,"enemies":"Spire Growth","floor":39.0,"turns":5.0},{"damage":4.0,"enemies":"3 Darklings","floor":41.0,"turns":2.0},{"damage":35.0,"enemies":"Nemesis","floor":44.0,"turns":7.0},{"damage":36.0,"enemies":"Transient","floor":45.0,"turns":6.0},{"damage":45.0,"enemies":"4 Shapes","floor":46.0,"turns":5.0},{"damage":63,"enemies":"Awakened One","floor":50,"turns":9},{"damage":9,"enemies":"Donu and Deca","floor":51,"turns":1}],"seed_played":"5850332603921789383","potions_obtained":[{"floor":1.0,"key":"Swift Potion"},{"floor":5.0,"key":"PowerPotion"},{"floor":23.0,"key":"Energy Potion"},{"floor":33.0,"key":"Block Potion"},{"floor":44.0,"key":"FearPotion"},{"floor":45.0,"key":"SteroidPotion"},{"floor":48.0,"key":"Strength Potion"},{"floor":48.0,"key":"Dexterity Potion"}],"is_trial":false,"path_per_floor":["M","$","$","?","M","R","E","?","T","E","R","M","M","E","R","B",null,"M","$","?","?","?","E","M","R","T","R","E","M","R","?","R","B",null,"M","?","M","?","M","R","M","R","T","E","M","M","R","$","R","B","B"],"character_chosen":"IRONCLAD","items_purchased":["Whirlwind","Membership Card","True Grit","Shrug It Off","Ancient Tea Set","Dodecahedron","Cauldron"],"campfire_rested":6,"item_purchase_floors":[2,19,19,48,48,48,48],"current_hp_per_floor":[74,74,74,74,75,75,75,75,75,49,49,51,55,47,47,9,59,41,41,51,51,51,47,43,43,43,68,22,19,44,44,69,12,67,59,59,56,56,18,43,45,70,70,41,30,39,64,64,64,7,0],"gold":186,"neow_bonus":"THREE_ENEMY_KILL","is_prod":false,"is_daily":false,"chose_seed":false,"campfire_upgraded":5,"win_rate":0,"timestamp":1559390062,"path_taken":["M","?","$","?","M","R","E","?","T","E","R","M","M","E","R","BOSS","M","$","?","?","?","E","M","R","T","R","E","?","R","?","R","BOSS","M","?","M","?","M","R","M","R","T","E","M","?","R","$","R","BOSS","BOSS"],"build_version":"2019-01-23","purchased_purges":1,"victory":false,"max_hp_per_floor":[75,75,75,75,75,75,75,75,75,75,75,75,75,75,75,75,75,75,75,85,85,85,85,85,85,85,85,85,85,85,85,85,85,85,85,85,85,85,85,85,85,85,85,85,85,85,85,85,85,85,85],"card_choices":[{"not_picked":["Shrug It Off","Thunderclap"],"picked":"Flame Barrier","floor":1.0},{"not_picked":["Power Through","Pummel"],"picked":"Inflame","floor":5.0},{"not_picked":["Reckless Charge","Cleave"],"picked":"Thunderclap","floor":7.0},{"not_picked":["Pommel Strike","Berserk","Reckless Charge"],"picked":"SKIP","floor":10.0},{"not_picked":["Shrug It Off","Heavy Blade"],"picked":"Spot Weakness","floor":12.0},{"not_picked":["Headbutt","Thunderclap"],"picked":"Shockwave","floor":13.0},{"not_picked":["Havoc","Bludgeon"],"picked":"Headbutt","floor":14.0},{"not_picked":["Fiend Fire","Dark Embrace"],"picked":"Demon Form","floor":16.0},{"not_picked":["Entrench","Body Slam"],"picked":"Sword Boomerang","floor":18.0},{"not_picked":["Warcry","Clash"],"picked":"Disarm","floor":23.0},{"not_picked":["Clash","Dropkick","Twin Strike"],"picked":"SKIP","floor":24.0},{"not_picked":["Iron Wave","Body Slam"],"picked":"Metallicize","floor":27.0},{"not_picked":["Searing Blow","Headbutt","Clash"],"picked":"SKIP","floor":28.0},{"not_picked":["Reckless Charge","Evolve","Searing Blow"],"picked":"SKIP","floor":29.0},{"not_picked":["Reckless Charge","Evolve","Searing Blow"],"picked":"SKIP","floor":29.0},{"not_picked":["Clash","Warcry"],"picked":"Heavy Blade+1","floor":30.0},{"not_picked":["Clothesline","Cleave"],"picked":"Spot Weakness","floor":32.0},{"not_picked":["Immolate","Brutality"],"picked":"Juggernaut","floor":33.0},{"not_picked":["Iron Wave","Sword Boomerang","Clash"],"picked":"SKIP","floor":35.0},{"not_picked":["Rampage+1","Inflame"],"picked":"Burning Pact","floor":37.0},{"not_picked":["Whirlwind+1","Searing Blow+1","Body Slam+1"],"picked":"SKIP","floor":39.0},{"not_picked":["Metallicize+1","Dual Wield"],"picked":"Disarm","floor":40.0},{"not_picked":["Flex+1","Ghostly Armor"],"picked":"Reaper","floor":41.0},{"not_picked":["Clash","True Grit"],"picked":"Ghostly Armor+1","floor":42.0},{"not_picked":["Cleave","Sword Boomerang"],"picked":"Clothesline","floor":44.0},{"not_picked":["Sever Soul","Rupture"],"picked":"Burning Pact","floor":45.0},{"not_picked":["Warcry","Rage"],"picked":"Flame Barrier","floor":46.0}],"player_experience":406392,"relics_obtained":[{"floor":7.0,"key":"Omamori"},{"floor":9.0,"key":"Oddly Smooth Stone"},{"floor":10.0,"key":"Whetstone"},{"floor":14.0,"key":"Dream Catcher"},{"floor":23.0,"key":"Bag of Marbles"},{"floor":26.0,"key":"Shuriken"},{"floor":28.0,"key":"MawBank"},{"floor":43.0,"key":"Orichalcum"},{"floor":44.0,"key":"Turnip"}],"event_choices":[{"damage_healed":0.0,"max_hp_gain":0.0,"max_hp_loss":0.0,"gold_gain":0.0,"event_name":"The Cleric","player_choice":"Leave","floor":4.0,"gold_loss":0.0,"damage_taken":0.0},{"cards_removed":["Strike_R"],"damage_healed":0.0,"max_hp_gain":0.0,"max_hp_loss":0.0,"gold_gain":0.0,"event_name":"Purifier","player_choice":"Purged","floor":8.0,"gold_loss":0.0,"damage_taken":0.0},{"damage_healed":0.0,"max_hp_gain":0.0,"max_hp_loss":0.0,"gold_gain":0.0,"event_name":"The Mausoleum","player_choice":"Opened","floor":20.0,"gold_loss":0.0,"damage_taken":0.0,"relics_obtained":["Pear"],"cards_obtained":["Writhe"]},{"damage_healed":0.0,"max_hp_gain":0.0,"max_hp_loss":0.0,"gold_gain":0.0,"cards_transformed":["Strike_R","Strike_R"],"event_name":"Drug Dealer","player_choice":"Became Test Subject","floor":21.0,"gold_loss":0.0,"damage_taken":0.0,"cards_obtained":["Evolve","Perfected Strike"]},{"damage_healed":0.0,"max_hp_gain":0.0,"max_hp_loss":0.0,"gold_gain":0.0,"event_name":"Duplicator","player_choice":"Copied","floor":22.0,"gold_loss":0.0,"damage_taken":0.0,"cards_obtained":["Flame Barrier"]},{"damage_healed":0.0,"max_hp_gain":0.0,"max_hp_loss":0.0,"gold_gain":0.0,"event_name":"Vampires","player_choice":"Ignored","floor":31.0,"gold_loss":0.0,"damage_taken":0.0},{"cards_removed":["Perfected Strike"],"damage_healed":0.0,"max_hp_gain":0.0,"max_hp_loss":0.0,"gold_gain":0.0,"event_name":"Falling","player_choice":"Removed Attack","floor":36.0,"gold_loss":0.0,"damage_taken":0.0},{"damage_healed":0.0,"max_hp_gain":0.0,"max_hp_loss":0.0,"gold_gain":0.0,"event_name":"Tomb of Lord Red Mask","player_choice":"Ignored","floor":38.0,"gold_loss":0.0,"damage_taken":0.0}],"is_beta":false,"boss_relics":[{"not_picked":["Runic Pyramid","Calling Bell"],"picked":"Philosopher\u0027s Stone"},{"not_picked":["Fusion Hammer","Runic Dome"],"picked":"Cursed Key"}],"items_purged_floors":[48],"is_endless":false,"potions_floor_spawned":[1,5,7,13,23,33,44,45],"killed_by":"Donu and Deca","ascension_level":20}