{"gold_per_floor":[110,110,123,46,61,61,71,71,127,141,173,205,217,262,274,389,401,426,438,501,513,539,551,583,614,650,678,690,408,408,425,425,524,524,541,558,558,574,589,589,638,638,638,649,649,683,707,62,62,62],"floor_reached":51,"playtime":5600,"items_purged":["Expertise"],"score":822,"play_id":"c4aa4332-46b6-4a0b-89eb-246ac0399c49","local_time":"20180810214729","is_ascension_mode":true,"campfire_choices":[{"data":"Neutralize","floor":6,"key":"SMITH"},{"floor":8,"key":"REST"},{"floor":13,"key":"REST"},{"data":"Terror","floor":15,"key":"SMITH"},{"data":"Envenom","floor":23,"key":"SMITH"},{"data":"Malaise","floor":28,"key":"SMITH"},{"floor":30,"key":"REST"},{"data":"Skewer","floor":32,"key":"SMITH"},{"floor":40,"key":"REST"},{"floor":42,"key":"REST"},{"floor":45,"key":"REST"},{"data":"Well Laid Plans","floor":49,"key":"SMITH"}],"neow_cost":"NONE","seed_source_timestamp":354082100225169,"circlet_count":0,"master_deck":["Survivor","Neutralize+1","Distraction","Blade Dance+1","Dagger Spray","Flechettes","All Out Attack","Well Laid Plans+1","Dodge and Roll","Terror+1","Deadly Poison","Flying Knee","Prepared","Backflip","Blur+1","Dash","Dagger Throw","Flying Knee","Malaise+1","Envenom+1","Predator+1","Skewer+1","Prepared","Bullet Time","Bane","Outmaneuver+1","Sucker Punch+1","Prepared+1","Eviscerate+1","Tactician","Footwork","Secret Weapon"],"relics":["Pandora\u0027s Box","Strawberry","Tiny Chest","MawBank","Pantograph","Busted Crown","Matryoshka","Ancient Tea Set","Boot","Orichalcum","Bag of Preparation","Anchor","WristBlade","Ice Cream","Ginger","War Paint","Potion Belt","TwistedFunnel"],"potions_floor_usage":[27,50,50,50,50,50],"damage_taken":[{"damage":9,"enemies":"Jaw Worm","floor":1,"turns":2},{"damage":0,"enemies":"Cultist","floor":3,"turns":3},{"damage":5,"enemies":"Small Slimes","floor":5,"turns":3},{"damage":13,"enemies":"Blue Slaver","floor":7,"turns":2},{"damage":10,"enemies":"Exordium Thugs","floor":10,"turns":3},{"damage":13,"enemies":"Lagavulin","floor":11,"turns":6},{"damage":3,"enemies":"Looter","floor":12,"turns":2},{"damage":9,"enemies":"Gremlin Nob","floor":14,"turns":4},{"damage":40,"enemies":"Hexaghost","floor":16,"turns":9},{"damage":17,"enemies":"2 Thieves","floor":18,"turns":3},{"damage":7,"enemies":"Shell Parasite","floor":22,"turns":4},{"damage":3,"enemies":"Chosen and Byrds","floor":24,"turns":6},{"damage":15,"enemies":"Centurion and Healer","floor":25,"turns":6},{"damage":12,"enemies":"Snake Plant","floor":27,"turns":3},{"damage":0,"enemies":"3 Cultists","floor":31,"turns":4},{"damage":50,"enemies":"Automaton","floor":33,"turns":8},{"damage":8,"enemies":"Flame Bruiser 1 Orb","floor":35,"turns":4},{"damage":0,"enemies":"Orb Walker","floor":36,"turns":2},{"damage":38,"enemies":"3 Darklings","floor":38,"turns":6},{"damage":11,"enemies":"4 Shapes","floor":39,"turns":6},{"damage":15,"floor":41,"turns":6},{"damage":3,"enemies":"Flame Bruiser 2 Orb","floor":44,"turns":3},{"damage":0,"enemies":"Nemesis","floor":46,"turns":5},{"damage":15,"enemies":"Donu and Deca","floor":50,"turns":7}],"seed_played":"-5596720761305904824","potions_obtained":[{"floor":3,"key":"GamblersBrew"},{"floor":10,"key":"Ancient Potion"},{"floor":12,"key":"Weak Potion"},{"floor":24,"key":"SteroidPotion"},{"floor":33,"key":"Strength Potion"}],"is_trial":false,"path_per_floor":["M","?","M","$","M","R","M","R","T","M","E","M","R","E","R","B",null,"M","T","T","?","M","R","M","M","T","M","R","$","R","M","R","B",null,"M","M","?","M","M","R","?","R","T","M","R","E","T","$","R","B"],"character_chosen":"THE_SILENT","items_purchased":["GhostInAJar","Anchor","Skewer","Tactician","AttackPotion","Footwork","Secret Weapon","Poison Potion","TwistedFunnel"],"campfire_rested":6,"item_purchase_floors":[4,29,29,48,48,48,48,48,48],"current_hp_per_floor":[61,61,61,61,56,56,43,66,66,56,43,40,63,54,54,37,77,60,60,60,60,53,53,50,35,35,23,23,23,46,46,46,21,77,69,69,69,31,20,43,28,51,51,48,71,71,71,71,71,62],"gold":62,"neow_bonus":"BOSS_RELIC","is_prod":false,"is_daily":false,"chose_seed":false,"campfire_upgraded":6,"win_rate":0,"timestamp":1533952049,"path_taken":["M","?","M","$","M","R","M","R","T","M","E","M","R","E","R","BOSS","M","?","?","?","M","R","M","?","T","M","R","$","R","M","R","BOSS","M","M","?","M","M","R","?","R","T","M","R","E","?","$","R","BOSS"],"build_version":"2018-08-09","purchased_purges":1,"victory":true,"max_hp_per_floor":[70,77,77,77,77,77,77,77,77,77,77,77,77,77,77,77,77,77,77,77,77,77,77,77,77,77,77,77,77,77,77,77,77,77,77,77,77,77,77,77,77,77,77,77,77,77,77,77,77,77],"card_choices":[{"not_picked":["Concentrate","Bane"],"picked":"Flying Knee","floor":1},{"not_picked":["Blur","Poisoned Stab"],"picked":"Prepared","floor":3},{"not_picked":["Flying Knee","Well Laid Plans"],"picked":"Backflip","floor":5},{"not_picked":["Reflex","Quick Slash"],"picked":"Blur","floor":7},{"not_picked":["Quick Slash","Accuracy"],"picked":"Dash","floor":10},{"not_picked":["Prepared","Choke"],"picked":"Dagger Throw","floor":11},{"not_picked":["Blur","Slice"],"picked":"Flying Knee","floor":12},{"not_picked":["Dagger Spray","Dagger Throw"],"picked":"Malaise","floor":14},{"not_picked":["Grand Finale","Glass Knife"],"picked":"Envenom","floor":16},{"not_picked":["Terror"],"picked":"SKIP","floor":18},{"not_picked":["Distraction"],"picked":"SKIP","floor":22},{"not_picked":["Slice"],"picked":"SKIP","floor":24},{"not_picked":[],"picked":"Predator+1","floor":25},{"not_picked":["Dodge and Roll"],"picked":"SKIP","floor":27},{"not_picked":[],"picked":"Prepared","floor":31},{"not_picked":[],"picked":"Bullet Time","floor":33},{"not_picked":[],"picked":"Bane","floor":35},{"not_picked":[],"picked":"Outmaneuver+1","floor":36},{"not_picked":["Calculated Gamble"],"picked":"SKIP","floor":38},{"not_picked":[],"picked":"Sucker Punch+1","floor":39},{"not_picked":[],"picked":"Prepared+1","floor":44},{"not_picked":[],"picked":"Eviscerate+1","floor":46}],"player_experience":257516,"relics_obtained":[{"floor":9,"key":"Tiny Chest"},{"floor":11,"key":"MawBank"},{"floor":14,"key":"Pantograph"},{"floor":19,"key":"Matryoshka"},{"floor":20,"key":"Ancient Tea Set"},{"floor":20,"key":"Boot"},{"floor":26,"key":"Orichalcum"},{"floor":26,"key":"Bag of Preparation"},{"floor":41,"key":"Ice Cream"},{"floor":43,"key":"Ginger"},{"floor":46,"key":"War Paint"},{"floor":47,"key":"Potion Belt"}],"event_choices":[{"event_name":"Scrap Ooze","player_choice":"success","floor":2,"damage_taken":7},{"event_name":"Vampires","player_choice":"Ignored","floor":21,"damage_taken":0},{"event_name":"Tomb of Lord Red Mask","player_choice":"Ignored","floor":37,"damage_taken":0},{"event_name":"Mysterious Sphere","player_choice":"Fight","floor":41,"damage_taken":0}],"is_beta":false,"boss_relics":[{"not_picked":["Astrolabe","Fusion Hammer"],"picked":"Busted Crown"},{"not_picked":["Coffee Dripper","Tiny House"],"picked":"WristBlade"}],"items_purged_floors":[29],"is_endless":false,"potions_floor_spawned":[3,10,12,24,25,33,38,41,46],"ascension_level":4}