{"gold_per_floor":[113,113,132,57,57,57,57,98,98,98,98,113,188,219,219,219],"floor_reached":16,"playtime":467,"items_purged":["Strike_R"],"score":106,"play_id":"512b3749-bdac-44a5-aee6-561557307fea","local_time":"20190731200819","is_ascension_mode":false,"campfire_choices":[{"data":"Bash","floor":6,"key":"SMITH"},{"floor":10,"key":"REST"},{"floor":15,"key":"REST"}],"neow_cost":"NONE","seed_source_timestamp":783933685565737,"circlet_count":0,"master_deck":["Strike_R","Strike_R","Defend_R","Defend_R","Defend_R","Bash+1","Thunderclap","Uppercut"],"relics":["Burning Blood","Golden Idol","Pocketwatch","Strawberry","Kunai"],"potions_floor_usage":[16],"damage_taken":[{"damage":0,"enemies":"Small Slimes","floor":1,"turns":4},{"damage":6,"enemies":"Cultist","floor":3,"turns":4},{"damage":71,"enemies":"3 Sentries","floor":8,"turns":13},{"damage":3,"enemies":"2 Louse","floor":12,"turns":2},{"damage":25,"enemies":"Gremlin Nob","floor":14,"turns":4},{"damage":38,"enemies":"Hexaghost","floor":16,"turns":9}],"seed_played":"-7394802167147686942","potions_obtained":[{"floor":12,"key":"Energy Potion"},{"floor":14,"key":"SmokeBomb"}],"is_trial":false,"path_per_floor":["M","?","M","$","?","R","?","E","T","R","?","M","?","E","R","B"],"character_chosen":"IRONCLAD","items_purchased":[],"campfire_rested":2,"item_purchase_floors":[],"current_hp_per_floor":[80,80,80,80,80,80,74,9,16,40,40,43,32,13,37,0],"gold":219,"neow_bonus":"REMOVE_CARD","is_prod":false,"is_daily":false,"chose_seed":false,"campfire_upgraded":1,"win_rate":0,"timestamp":1564618099,"path_taken":["M","?","?","$","?","R","?","E","T","R","?","M","?","E","R","BOSS"],"build_version":"2019-07-17","purchased_purges":1,"victory":false,"max_hp_per_floor":[80,80,80,80,80,80,74,74,81,81,81,81,81,81,81,81],"card_choices":[{"not_picked":["Twin Strike","Shockwave","Flex"],"picked":"SKIP","floor":1},{"not_picked":["Body Slam","Power Through","Flame Barrier"],"picked":"SKIP","floor":3},{"not_picked":["True Grit","Flex"],"picked":"Thunderclap","floor":8},{"not_picked":["Flex","Flame Barrier","Sword Boomerang"],"picked":"SKIP","floor":12},{"not_picked":["Anger","Armaments"],"picked":"Uppercut","floor":14}],"player_experience":1199890,"relics_obtained":[{"floor":8,"key":"Pocketwatch"},{"floor":9,"key":"Strawberry"},{"floor":14,"key":"Kunai"}],"event_choices":[{"cards_removed":["Defend_R"],"damage_healed":0,"gold_gain":0,"player_choice":"Purged","damage_taken":0,"max_hp_gain":0,"max_hp_loss":0,"event_name":"Purifier","floor":2,"gold_loss":0},{"damage_healed":0,"gold_gain":0,"player_choice":"Ignored","damage_taken":0,"max_hp_gain":0,"max_hp_loss":0,"event_name":"Liars Game","floor":5,"gold_loss":0},{"damage_healed":0,"gold_gain":0,"player_choice":"Lose Max HP","damage_taken":0,"relics_obtained":["Golden Idol"],"max_hp_gain":0,"max_hp_loss":6,"event_name":"Golden Idol","floor":7,"gold_loss":0},{"cards_removed":["Strike_R"],"damage_healed":0,"gold_gain":0,"player_choice":"Forget","damage_taken":0,"max_hp_gain":0,"max_hp_loss":0,"event_name":"Living Wall","floor":11,"gold_loss":0},{"damage_healed":0,"gold_gain":75,"player_choice":"Gather Gold","damage_taken":11,"max_hp_gain":0,"max_hp_loss":0,"event_name":"World of Goop","floor":13,"gold_loss":0}],"is_beta":false,"boss_relics":[],"items_purged_floors":[4],"is_endless":false,"potions_floor_spawned":[12,14],"killed_by":"Hexaghost","ascension_level":0}