{"gold_per_floor":[112,262,76,91,106,116,116,127,127,154,164,164],"floor_reached":12,"playtime":593,"items_purged":["Doubt"],"score":144,"play_id":"0e4ef609-6b61-43f3-b37f-a19cd2f62eed","local_time":"20190616184024","is_ascension_mode":true,"campfire_choices":[{"data":"Neutralize","floor":7,"key":"SMITH"}],"neow_cost":"NONE","seed_source_timestamp":2305506197275881,"circlet_count":0,"master_deck":["AscendersBane","Defend_G","Defend_G","Defend_G","Defend_G","Defend_G","Strike_G","Strike_G","Strike_G","Strike_G","Survivor","Neutralize+1","Dagger Throw","Dash","Predator","Prepared","Escape Plan","Deflect","Deflect","Crippling Poison"],"relics":["Ring of the Snake","The Courier","The Specimen"],"potions_floor_usage":[12,12],"damage_taken":[{"damage":0,"enemies":"Jaw Worm","floor":1,"turns":6},{"damage":0,"enemies":"2 Louse","floor":4,"turns":3},{"damage":4,"enemies":"Small Slimes","floor":5,"turns":5},{"damage":8,"enemies":"3 Louse","floor":6,"turns":4},{"damage":8,"enemies":"Looter","floor":8,"turns":3},{"damage":28,"enemies":"Gremlin Nob","floor":10,"turns":5},{"damage":0,"enemies":"Exordium Wildlife","floor":11,"turns":3},{"damage":13,"enemies":"Lagavulin","floor":12,"turns":8}],"seed_played":"-103714249210346239","potions_obtained":[{"floor":5,"key":"Energy Potion"},{"floor":8,"key":"SkillPotion"}],"is_trial":false,"path_per_floor":["M","?","$","M","M","M","R","M","T","E","M","E"],"character_chosen":"THE_SILENT","items_purchased":["Dash","Predator"],"campfire_rested":0,"item_purchase_floors":[3,3],"current_hp_per_floor":[59,59,59,59,55,47,47,39,39,11,11,0],"gold":164,"neow_bonus":"REMOVE_CARD","is_prod":false,"is_daily":false,"chose_seed":false,"campfire_upgraded":1,"win_rate":0,"timestamp":1560724824,"path_taken":["M","?","$","M","M","M","R","M","T","E","M","E"],"build_version":"2019-01-23","purchased_purges":1,"victory":false,"max_hp_per_floor":[66,66,66,66,66,66,66,66,66,66,66,66],"card_choices":[{"not_picked":["Underhanded Strike","Leg Sweep"],"picked":"Dagger Throw","floor":1},{"not_picked":["Catalyst","Bouncing Flask"],"picked":"Prepared","floor":4},{"not_picked":["Deadly Poison","Outmaneuver"],"picked":"Escape Plan","floor":5},{"not_picked":["Bouncing Flask","Night Terror"],"picked":"Deflect","floor":6},{"not_picked":["Cloak And Dagger","Bane","Acrobatics"],"picked":"SKIP","floor":8},{"not_picked":["Flying Knee","Acrobatics"],"picked":"Deflect","floor":10},{"not_picked":["Sucker Punch","Wraith Form v2"],"picked":"Crippling Poison","floor":11}],"player_experience":1020415,"relics_obtained":[{"floor":9,"key":"The Courier"},{"floor":10,"key":"The Specimen"}],"event_choices":[{"damage_healed":0,"gold_gain":150,"player_choice":"AGREE","damage_taken":0,"max_hp_gain":0,"max_hp_loss":0,"event_name":"Liars Game","floor":2,"gold_loss":0,"cards_obtained":["Doubt"]}],"is_beta":false,"boss_relics":[],"items_purged_floors":[3],"is_endless":false,"potions_floor_spawned":[5,8,11],"killed_by":"Lagavulin","ascension_level":15}