{"gold_per_floor":[13,13,38,38,53,53,128,166,221,246,31,52,88,103,103,194,194,218,31,31,46,46,46,79,79,128,167,190,225,225,65,65,163,163,183,183,516,117,131,162,162,162,162,173,173,191,209,30,30,30],"floor_reached":51,"playtime":2760,"items_purged":["Strike_G","Strike_G","Normality"],"score":1367,"play_id":"e0fe4055-a768-4faf-9e4f-35bf07554843","local_time":"20190703180228","is_ascension_mode":true,"campfire_choices":[{"data":"Dagger Spray","floor":6.0,"key":"SMITH"},{"floor":15.0,"key":"REST"},{"floor":23.0,"key":"REST"},{"floor":25.0,"key":"REST"},{"floor":32.0,"key":"REST"},{"data":"Blind","floor":41.0,"key":"SMITH"},{"floor":45,"key":"REST"},{"floor":49,"key":"REST"}],"neow_cost":"NO_GOLD","seed_source_timestamp":0,"circlet_count":0,"master_deck":["AscendersBane","Strike_G+1","Defend_G+1","Defend_G+1","Defend_G+1","Defend_G+1","Defend_G+1","Survivor","Neutralize","Dagger Throw","Cloak And Dagger","Dagger Spray+1","Terror","Dagger Throw","Dagger Spray","Endless Agony","Backflip","Crippling Poison","A Thousand Cuts","Escape Plan","Infinite Blades","Finisher+1","Well Laid Plans","PiercingWail","Distraction+1","Malaise","PiercingWail","Footwork","Blind+1","Blur+1","Secret Technique","Acrobatics","PiercingWail+1","Dash+1"],"special_seed":0,"relics":["Ring of the Snake","Vajra","Bag of Preparation","Shuriken","Philosopher\u0027s Stone","Regal Pillow","Centennial Puzzle","Happy Flower","Lantern","Pen Nib","Cursed Key","Pear","Bronze Scales","Paper Crane"],"potions_floor_usage":[50,50],"damage_taken":[{"damage":0.0,"enemies":"Small Slimes","floor":1.0,"turns":6.0},{"damage":2.0,"enemies":"Jaw Worm","floor":3.0,"turns":4.0},{"damage":2.0,"enemies":"Cultist","floor":5.0,"turns":5.0},{"damage":20.0,"enemies":"3 Sentries","floor":8.0,"turns":10.0},{"damage":0.0,"enemies":"Red Slaver","floor":10.0,"turns":3.0},{"damage":1.0,"enemies":"2 Fungi Beasts","floor":12.0,"turns":3.0},{"damage":1.0,"enemies":"Gremlin Nob","floor":13.0,"turns":3.0},{"damage":2.0,"enemies":"Blue Slaver","floor":14.0,"turns":3.0},{"damage":27.0,"enemies":"Slime Boss","floor":16.0,"turns":7.0},{"damage":1.0,"enemies":"Spheric Guardian","floor":18.0,"turns":3.0},{"damage":9.0,"enemies":"Shell Parasite","floor":21.0,"turns":3.0},{"damage":23.0,"enemies":"Book of Stabbing","floor":24.0,"turns":3.0},{"damage":21.0,"enemies":"Gremlin Leader","floor":27.0,"turns":3.0},{"damage":0.0,"enemies":"3 Cultists","floor":28.0,"turns":2.0},{"damage":5.0,"enemies":"Slavers","floor":29.0,"turns":3.0},{"damage":15.0,"enemies":"Collector","floor":33.0,"turns":5.0},{"damage":0.0,"enemies":"3 Shapes","floor":35.0,"turns":3.0},{"damage":1.0,"enemies":"Orb Walker","floor":39.0,"turns":3.0},{"damage":16.0,"enemies":"Nemesis","floor":40.0,"turns":5.0},{"damage":0,"enemies":"Jaw Worm Horde","floor":44,"turns":4},{"damage":2,"enemies":"3 Darklings","floor":46,"turns":4},{"damage":10,"enemies":"4 Shapes","floor":47,"turns":5},{"damage":6,"enemies":"Donu and Deca","floor":50,"turns":8}],"seed_played":"-518078893319433933","potions_obtained":[{"floor":1.0,"key":"Poison Potion"},{"floor":5.0,"key":"EssenceOfSteel"},{"floor":12.0,"key":"SteroidPotion"},{"floor":14.0,"key":"GamblersBrew"},{"floor":16.0,"key":"Swift Potion"},{"floor":24.0,"key":"Poison Potion"},{"floor":29.0,"key":"Weak Potion"},{"floor":40.0,"key":"Ancient Potion"}],"is_trial":false,"path_per_floor":["M","?","M","?","M","R","?","E","T","M","$","M","E","M","R","B",null,"M","$","?","M","?","R","E","R","T","E","M","E","?","$","R","B",null,"M","?","?","$","M","E","R","?","T","M","R","M","M","$","R","B",null],"character_chosen":"THE_SILENT","items_purchased":["Dagger Spray","Endless Agony","Infinite Blades","Pen Nib","Footwork","Pear","Blind","SpeedPotion"],"campfire_rested":6,"item_purchase_floors":[11,11,19,31,38,38,38,48],"current_hp_per_floor":[59,59,57,57,55,55,44,24,24,24,24,23,22,20,38,11,48,47,47,47,38,38,56,33,60,60,39,39,34,34,34,60,45,56,56,56,56,66,65,49,49,49,49,49,70,68,58,58,70,64],"gold":30,"neow_bonus":"REMOVE_TWO","is_prod":false,"is_daily":false,"chose_seed":false,"campfire_upgraded":2,"win_rate":0,"timestamp":1562191348,"path_taken":["M","?","M","?","M","R","?","E","T","M","?","?","E","M","R","BOSS","M","$","?","M","?","R","E","R","T","E","M","E","?","$","R","BOSS","M","?","?","$","M","E","R","?","T","?","R","M","M","$","R","BOSS"],"build_version":"2019-07-01","purchased_purges":3,"victory":true,"max_hp_per_floor":[66,60,60,60,60,60,60,60,60,60,60,60,60,60,60,60,60,60,60,60,60,60,60,60,60,60,60,60,60,60,60,60,60,60,60,60,60,70,70,70,70,70,70,70,70,70,70,70,70,70],"card_choices":[{"not_picked":["Eviscerate","Poisoned Stab"],"picked":"Dagger Throw","floor":1.0},{"not_picked":["Outmaneuver","Underhanded Strike"],"picked":"Cloak And Dagger","floor":3.0},{"not_picked":["Tactician","Blade Dance"],"picked":"Dagger Spray","floor":5.0},{"not_picked":["Burst","Finisher"],"picked":"Terror","floor":8.0},{"not_picked":["Acrobatics","Quick Slash"],"picked":"Dagger Throw","floor":10.0},{"not_picked":["Cloak And Dagger","Tactician"],"picked":"Backflip","floor":12.0},{"not_picked":["Acrobatics","Prepared","Quick Slash"],"picked":"SKIP","floor":13.0},{"not_picked":["Dagger Spray","Calculated Gamble"],"picked":"Crippling Poison","floor":14.0},{"not_picked":["Unload","Burst"],"picked":"A Thousand Cuts","floor":16.0},{"not_picked":["Prepared","Flechettes"],"picked":"Escape Plan","floor":18.0},{"not_picked":["Dodge and Roll","Backflip"],"picked":"Finisher+1","floor":21.0},{"not_picked":["Deadly Poison","Flying Knee"],"picked":"Well Laid Plans","floor":24.0},{"not_picked":["Deflect","Concentrate"],"picked":"PiercingWail","floor":27.0},{"not_picked":["Sucker Punch","PiercingWail","All Out Attack"],"picked":"SKIP","floor":28.0},{"not_picked":["PiercingWail+1","Heel Hook"],"picked":"Distraction+1","floor":29.0},{"not_picked":["Venomology","Corpse Explosion"],"picked":"Malaise","floor":33.0},{"not_picked":["Concentrate","Masterful Stab"],"picked":"PiercingWail","floor":35.0},{"not_picked":["Slice+1","Deadly Poison","Dagger Spray"],"picked":"SKIP","floor":39.0},{"not_picked":["A Thousand Cuts","Terror"],"picked":"Blur+1","floor":40.0},{"not_picked":["Forethought","Panacea"],"picked":"Secret Technique","floor":42.0},{"not_picked":["Slice","Quick Slash"],"picked":"Acrobatics","floor":44},{"not_picked":["Slice+1","Outmaneuver"],"picked":"PiercingWail+1","floor":46},{"not_picked":["Backstab","Slice"],"picked":"Dash+1","floor":47}],"player_experience":1095992,"relics_obtained":[{"floor":8.0,"key":"Vajra"},{"floor":9.0,"key":"Bag of Preparation"},{"floor":13.0,"key":"Shuriken"},{"floor":24.0,"key":"Regal Pillow"},{"floor":26.0,"key":"Centennial Puzzle"},{"floor":27.0,"key":"Happy Flower"},{"floor":29.0,"key":"Lantern"},{"floor":40.0,"key":"Bronze Scales"},{"floor":43.0,"key":"Paper Crane"}],"event_choices":[{"damage_healed":0.0,"max_hp_gain":0.0,"max_hp_loss":6.0,"gold_gain":0.0,"event_name":"Golden Idol","player_choice":"Lose Max HP","floor":2.0,"gold_loss":0.0,"damage_taken":0.0,"relics_obtained":["Golden Idol"]},{"damage_healed":0.0,"max_hp_gain":0.0,"max_hp_loss":0.0,"gold_gain":0.0,"event_name":"Liars Game","player_choice":"Ignored","floor":4.0,"gold_loss":0.0,"damage_taken":0.0},{"damage_healed":0.0,"max_hp_gain":0.0,"max_hp_loss":0.0,"gold_gain":75.0,"event_name":"World of Goop","player_choice":"Gather Gold","floor":7.0,"gold_loss":0.0,"damage_taken":11.0},{"damage_healed":0.0,"max_hp_gain":0.0,"max_hp_loss":0.0,"gold_gain":0.0,"event_name":"Vampires","player_choice":"Ignored","floor":20.0,"gold_loss":0.0,"damage_taken":0.0},{"damage_healed":0.0,"max_hp_gain":0.0,"max_hp_loss":0.0,"gold_gain":0.0,"event_name":"Back to Basics","player_choice":"Simplicity","floor":22.0,"gold_loss":0.0,"damage_taken":0.0,"cards_upgraded":["Strike_G","Defend_G","Defend_G","Defend_G","Defend_G","Defend_G"]},{"damage_healed":0.0,"max_hp_gain":0.0,"max_hp_loss":0.0,"gold_gain":0.0,"event_name":"FaceTrader","player_choice":"Leave","floor":30.0,"gold_loss":0.0,"damage_taken":0.0},{"damage_healed":0.0,"max_hp_gain":0.0,"max_hp_loss":0.0,"gold_gain":0.0,"event_name":"Mysterious Sphere","player_choice":"Ignored","floor":36.0,"gold_loss":0.0,"damage_taken":0.0},{"damage_healed":0.0,"max_hp_gain":0.0,"max_hp_loss":0.0,"gold_gain":333.0,"event_name":"The Moai Head","player_choice":"Gave Idol","floor":37.0,"relics_lost":["Golden Idol"],"gold_loss":0.0,"damage_taken":0.0},{"damage_healed":0.0,"max_hp_gain":0.0,"max_hp_loss":0.0,"gold_gain":0.0,"event_name":"SensoryStone","player_choice":"Memory 1","floor":42.0,"gold_loss":0.0,"damage_taken":0.0}],"is_beta":false,"boss_relics":[{"not_picked":["White Beast Statue","Black Star"],"picked":"Philosopher\u0027s Stone"},{"not_picked":["Tiny House","Fusion Hammer"],"picked":"Cursed Key"}],"items_purged_floors":[11,19,48],"is_endless":false,"potions_floor_spawned":[1,5,12,14,16,24,29,40,47],"ascension_level":18}