{"gold_per_floor":[114,114,114,127,143,143,168,168,168,194,194,194,214,164,164,295,295,313,334,334,334,334,334,334,368,450,450],"floor_reached":27,"playtime":3461,"items_purged":[],"score":237,"play_id":"947a1ab4-dbbc-4f9a-b77a-b7df7b9ca99f","local_time":"20180704202239","is_ascension_mode":false,"campfire_choices":[{"data":"Zap","floor":6,"key":"SMITH"},{"data":"Streamline","floor":8,"key":"SMITH"},{"data":"Go for the Eyes","floor":12,"key":"SMITH"},{"floor":15,"key":"REST"},{"data":"Echo Form","floor":23,"key":"SMITH"}],"neow_cost":"NONE","seed_source_timestamp":779391334960998,"circlet_count":0,"master_deck":["Strike_B+1","Strike_B+1","Strike_B+1","Strike_B+1","Defend_B+1","Defend_B+1","Zap+1","Dualcast","Reprogram","Go for the Eyes+1","Steam","Leap","Reboot","Steam","Undo","Streamline+1","Auto Shields+1","Echo Form+1","Rebound","Streamline+1"],"relics":["Orrery","Ornamental Fan","Juzu Bracelet","Pen Nib","Calipers","Golden Idol","Busted Crown","Gremlin Horn","Bottled Lightning"],"potions_floor_usage":[10,16,16,25,27,27],"damage_taken":[{"damage":0,"enemies":"2 Louse","floor":1,"turns":3},{"damage":0,"enemies":"Small Slimes","floor":4,"turns":3},{"damage":2,"enemies":"Jaw Worm","floor":5,"turns":3},{"damage":3,"enemies":"Lagavulin","floor":7,"turns":9},{"damage":28,"enemies":"Gremlin Nob","floor":10,"turns":4},{"damage":0,"enemies":"3 Louse","floor":13,"turns":2},{"damage":5,"enemies":"Slime Boss","floor":16,"turns":10},{"damage":6,"enemies":"2 Thieves","floor":18,"turns":4},{"damage":7,"enemies":"Shell Parasite","floor":19,"turns":5},{"damage":45,"enemies":"Gremlin Leader","floor":25,"turns":8},{"damage":20,"floor":27,"turns":5}],"seed_played":"-8924584988136938781","potions_obtained":[{"floor":4,"key":"SteroidPotion"},{"floor":5,"key":"Explosive Potion"},{"floor":13,"key":"GamblersBrew"},{"floor":16,"key":"Swift Potion"},{"floor":18,"key":"Weak Potion"},{"floor":25,"key":"Dexterity Potion"}],"is_trial":false,"path_per_floor":["M","?","?","M","M","R","E","R","T","E","?","R","M","?","R","B",null,"M","M","?","?","?","R","?","E","T"],"character_chosen":"DEFECT","items_purchased":[],"campfire_rested":1,"item_purchase_floors":[],"current_hp_per_floor":[75,75,72,72,70,70,67,67,67,39,21,21,21,21,43,38,75,69,62,62,62,62,62,62,17,17,0],"gold":450,"neow_bonus":"BOSS_RELIC","is_prod":false,"is_daily":false,"chose_seed":false,"campfire_upgraded":4,"win_rate":0.0,"timestamp":1530750159,"path_taken":["M","?","?","M","?","R","E","R","T","E","?","R","M","?","R","BOSS","M","M","?","?","?","R","?","E","T","?"],"build_version":"2018-06-28","purchased_purges":0,"victory":false,"max_hp_per_floor":[75,75,75,75,75,75,75,75,75,75,75,75,75,75,75,75,75,75,75,75,75,75,75,75,75,75,75],"card_choices":[{"not_picked":["Coolheaded","Steam Power"],"picked":"Reprogram","floor":0},{"not_picked":["Hologram","Conserve Battery"],"picked":"Go for the Eyes","floor":0},{"not_picked":["Gash","Aggregate"],"picked":"Steam","floor":0},{"not_picked":["Compile Driver","Tempest"],"picked":"Leap","floor":0},{"not_picked":["BootSequence","Redo"],"picked":"Reboot","floor":0},{"not_picked":["Streamline","Reinforced Body"],"picked":"Steam","floor":1},{"not_picked":["Reinforced Body","Coolheaded","Leap"],"picked":"SKIP","floor":4},{"not_picked":["Beam Cell","Consume"],"picked":"Undo","floor":5},{"not_picked":["Reprogram","Chaos"],"picked":"Streamline","floor":7},{"not_picked":["Consume","Blizzard","Cold Snap"],"picked":"SKIP","floor":10},{"not_picked":["Double Energy","Hologram"],"picked":"Auto Shields","floor":13},{"not_picked":["Buffer","Amplify"],"picked":"Echo Form","floor":16},{"not_picked":[],"picked":"Rebound","floor":18},{"not_picked":["Gash"],"picked":"SKIP","floor":19},{"not_picked":["Scrape"],"picked":"SKIP","floor":25},{"not_picked":["Scrape"],"picked":"SKIP","floor":25}],"player_experience":69240,"relics_obtained":[{"floor":7,"key":"Juzu Bracelet"},{"floor":9,"key":"Pen Nib"},{"floor":10,"key":"Calipers"},{"floor":25,"key":"Gremlin Horn"},{"floor":26,"key":"Bottled Lightning"}],"event_choices":[{"event_name":"Living Wall","player_choice":"Forget","floor":2,"damage_taken":0},{"event_name":"Scrap Ooze","player_choice":"success","floor":3,"damage_taken":3},{"event_name":"Golden Idol","player_choice":"Take Damage","floor":11,"damage_taken":0},{"event_name":"The Cleric","player_choice":"Card Removal","floor":14,"damage_taken":0},{"event_name":"Ghosts","player_choice":"Ignored","floor":20,"damage_taken":0},{"event_name":"Back to Basics","player_choice":"Simplicity","floor":21,"damage_taken":0},{"event_name":"Duplicator","player_choice":"One dupe","floor":22,"damage_taken":0},{"event_name":"Accursed Blacksmith","player_choice":"Forge","floor":24,"damage_taken":0},{"event_name":"Masked Bandits","player_choice":"Fought over 450 gold","floor":27,"damage_taken":0}],"boss_relics":[{"not_picked":["Velvet Choker","Coffee Dripper"],"picked":"Busted Crown"}],"items_purged_floors":[],"is_endless":false,"potions_floor_spawned":[4,5,13,16,18,25],"ascension_level":0}