{"gold_per_floor":[116,116,131,56,231,260,260,275,275,285,300,314,326,354,354,354],"floor_reached":16,"playtime":1223,"items_purged":["Strike_G"],"score":114,"play_id":"1e13c31d-482f-4d30-af6b-aed26729ad2c","local_time":"20190618101705","is_ascension_mode":false,"campfire_choices":[{"floor":7.0,"key":"REST"},{"floor":15,"key":"DIG"}],"neow_cost":"NONE","seed_source_timestamp":497257315812012,"circlet_count":0,"master_deck":["Defend_G","Defend_G","Defend_G","Defend_G","Defend_G","Strike_G","Strike_G","Strike_G","Strike_G","Survivor","Neutralize","Blade Dance","Backstab","Doubt","Cloak And Dagger","Cloak And Dagger","Deadly Poison","Backflip","Dagger Throw","Terror","Crippling Poison"],"special_seed":0,"relics":["Ring of the Snake","Centennial Puzzle","Ice Cream","Question Card","Shovel","Tough Bandages"],"potions_floor_usage":[14,14,16],"damage_taken":[{"damage":2.0,"enemies":"Small Slimes","floor":1.0,"turns":5.0},{"damage":0.0,"enemies":"Cultist","floor":3.0,"turns":4.0},{"damage":58.0,"enemies":"Lagavulin","floor":6.0,"turns":11.0},{"damage":0.0,"enemies":"2 Louse","floor":8.0,"turns":2.0},{"damage":0.0,"enemies":"Blue Slaver","floor":10.0,"turns":4.0},{"damage":5,"enemies":"Exordium Wildlife","floor":11,"turns":6},{"damage":0,"enemies":"Red Slaver","floor":12,"turns":4},{"damage":0,"enemies":"Looter","floor":13,"turns":4},{"damage":4,"enemies":"3 Sentries","floor":14,"turns":10},{"damage":27,"enemies":"Slime Boss","floor":16,"turns":9}],"seed_played":"-578828794613655246","potions_obtained":[{"floor":6.0,"key":"Block Potion"},{"floor":12,"key":"EssenceOfSteel"},{"floor":13,"key":"LiquidBronze"}],"is_trial":false,"path_per_floor":["M","?","M","$","?","E","R","M","T","M","M","M","M","E","R","B"],"character_chosen":"THE_SILENT","items_purchased":[],"campfire_rested":1,"item_purchase_floors":[],"current_hp_per_floor":[68,70,70,70,70,12,33,33,33,33,28,28,28,24,24,0],"gold":354,"neow_bonus":"RANDOM_COMMON_RELIC","is_prod":false,"is_daily":false,"chose_seed":false,"campfire_upgraded":0,"win_rate":0,"timestamp":1560845825,"path_taken":["M","?","M","?","?","E","R","M","T","M","M","M","M","E","R","BOSS"],"build_version":"2019-01-23","purchased_purges":1,"victory":false,"max_hp_per_floor":[70,70,70,70,70,70,70,70,70,70,70,70,70,70,70,70],"card_choices":[{"not_picked":["Prepared","Backflip"],"picked":"Blade Dance","floor":1.0},{"not_picked":["Blade Dance","Tactician"],"picked":"Backstab","floor":3.0},{"not_picked":["Outmaneuver","Acrobatics"],"picked":"Cloak And Dagger","floor":6.0},{"not_picked":["PiercingWail","Dodge and Roll"],"picked":"Cloak And Dagger","floor":8.0},{"not_picked":["Underhanded Strike","Acrobatics","Phantasmal Killer"],"picked":"Deadly Poison","floor":10.0},{"not_picked":["Finisher","Bane","Prepared"],"picked":"Backflip","floor":11},{"not_picked":["Choke","Distraction","Outmaneuver"],"picked":"Dagger Throw","floor":12},{"not_picked":["Riddle With Holes","Backstab","Reflex"],"picked":"Terror","floor":13},{"not_picked":["Poisoned Stab","Backflip","Escape Plan"],"picked":"Crippling Poison","floor":14}],"player_experience":553123,"relics_obtained":[{"floor":6.0,"key":"Ice Cream"},{"floor":9.0,"key":"Question Card"},{"floor":14,"key":"Shovel"},{"floor":15,"key":"Tough Bandages"}],"event_choices":[{"damage_healed":2.0,"max_hp_gain":0.0,"max_hp_loss":0.0,"gold_gain":0.0,"event_name":"Wheel of Change","player_choice":"Full Heal","floor":2.0,"gold_loss":0.0,"damage_taken":0.0},{"damage_healed":0.0,"max_hp_gain":0.0,"max_hp_loss":0.0,"gold_gain":175.0,"event_name":"Liars Game","player_choice":"AGREE","floor":5.0,"gold_loss":0.0,"damage_taken":0.0,"cards_obtained":["Doubt"]}],"is_beta":false,"boss_relics":[],"items_purged_floors":[4],"is_endless":false,"potions_floor_spawned":[6,12,13],"killed_by":"Slime Boss","ascension_level":0}