{"gold_per_floor":[213,213,388,157,175,203,223,298,298,318,350,350,382,131,131,230,230,246,264,264,279,128,153,153,153],"floor_reached":25,"playtime":1400,"items_purged":["Doubt","Strike_B"],"score":359,"play_id":"7877d140-6e48-48f1-ac9c-df4ab8e58ff9","local_time":"20190919220153","is_ascension_mode":true,"campfire_choices":[{"data":"Tempest","floor":12.0,"key":"SMITH"},{"data":"Dualcast","floor":15,"key":"SMITH"},{"data":"Machine Learning","floor":24,"key":"SMITH"}],"neow_cost":"NONE","seed_source_timestamp":698151600653900,"circlet_count":0,"master_deck":["AscendersBane","Strike_B+1","Strike_B+1","Defend_B","Defend_B+1","Defend_B","Defend_B","Zap+1","Dualcast+1","Sweeping Beam","Tempest+1","Auto Shields","Loop","Machine Learning+1","Capacitor+1","Leap+1","FTL"],"special_seed":0,"relics":["Cracked Core","Vajra","Matryoshka","Whetstone","Meat on the Bone","Gremlin Horn","Lantern","War Paint","Nuclear Battery","DataDisk","Dream Catcher"],"potions_floor_usage":[23],"damage_taken":[{"damage":0.0,"enemies":"2 Louse","floor":1.0,"turns":1.0},{"damage":0.0,"enemies":"Small Slimes","floor":5.0,"turns":2.0},{"damage":39.0,"enemies":"Lagavulin","floor":6.0,"turns":7.0},{"damage":0.0,"enemies":"Cultist","floor":7.0,"turns":3.0},{"damage":2.0,"enemies":"Looter","floor":10.0,"turns":3.0},{"damage":7.0,"enemies":"Gremlin Nob","floor":11.0,"turns":3.0},{"damage":9.0,"enemies":"Lagavulin","floor":13.0,"turns":6.0},{"damage":28,"enemies":"Slime Boss","floor":16,"turns":11},{"damage":11,"enemies":"Spheric Guardian","floor":18,"turns":4},{"damage":0,"enemies":"Chosen","floor":19,"turns":3},{"damage":18,"enemies":"Snecko","floor":21,"turns":7},{"damage":33,"enemies":"Book of Stabbing","floor":23,"turns":7},{"damage":47,"enemies":"Slavers","floor":25,"turns":3}],"seed_played":"-7197153566211981366","potions_obtained":[{"floor":5.0,"key":"FearPotion"},{"floor":7.0,"key":"Strength Potion"},{"floor":11.0,"key":"Ancient Potion"},{"floor":18,"key":"EssenceOfSteel"},{"floor":23,"key":"Ancient Potion"}],"is_trial":false,"path_per_floor":["M","?","?","$","M","E","M","?","T","M","E","R","E","$","R","B",null,"M","M","?","M","$","E","R","E"],"character_chosen":"DEFECT","items_purchased":["Vajra","War Paint","DataDisk"],"campfire_rested":0,"item_purchase_floors":[4,14,22],"current_hp_per_floor":[68,61,61,61,61,22,22,11,11,21,26,26,29,29,29,13,60,49,49,75,57,57,36,36,0],"gold":153,"neow_bonus":"HUNDRED_GOLD","is_prod":false,"is_daily":false,"chose_seed":false,"campfire_upgraded":3,"win_rate":0,"timestamp":1568919713,"path_taken":["M","?","?","$","M","E","M","?","T","M","E","R","E","$","R","BOSS","M","M","?","?","$","E","R","E"],"build_version":"2019-07-17","purchased_purges":2,"victory":false,"max_hp_per_floor":[75,75,75,75,75,75,75,75,75,75,75,75,75,75,75,75,75,75,75,75,75,75,75,75,75],"card_choices":[{"not_picked":["Streamline","Gash"],"picked":"Sweeping Beam","floor":1.0},{"not_picked":["Hologram","Steam"],"picked":"Tempest","floor":5.0},{"not_picked":["Compile Driver","Reinforced Body"],"picked":"Capacitor","floor":6.0},{"not_picked":["Streamline","Beam Cell","Sweeping Beam"],"picked":"SKIP","floor":7.0},{"not_picked":["Leap","Blizzard"],"picked":"Auto Shields","floor":10.0},{"not_picked":["Reboot","Hologram"],"picked":"Loop","floor":11.0},{"not_picked":["Scrape","Hello World","Darkness"],"picked":"SKIP","floor":13},{"not_picked":["Buffer","Meteor Strike"],"picked":"Machine Learning","floor":16},{"not_picked":["Ball Lightning+1","Darkness+1"],"picked":"Capacitor+1","floor":18},{"not_picked":["Storm","Barrage"],"picked":"Leap+1","floor":19},{"not_picked":["Heatsinks","Reprogram"],"picked":"FTL","floor":21},{"not_picked":["Rebound","Rip and Tear","Gash"],"picked":"SKIP","floor":23}],"player_experience":318611,"relics_obtained":[{"floor":6.0,"key":"Matryoshka"},{"floor":9.0,"key":"Whetstone"},{"floor":9.0,"key":"Meat on the Bone"},{"floor":11.0,"key":"Gremlin Horn"},{"floor":13,"key":"Lantern"},{"floor":23,"key":"Dream Catcher"}],"event_choices":[{"cards_removed":["Strike_B"],"damage_healed":0.0,"max_hp_gain":0.0,"max_hp_loss":0.0,"gold_gain":0.0,"event_name":"Golden Wing","player_choice":"Card Removal","floor":2.0,"gold_loss":0.0,"damage_taken":7.0},{"damage_healed":0.0,"max_hp_gain":0.0,"max_hp_loss":0.0,"gold_gain":175.0,"event_name":"Liars Game","player_choice":"AGREE","floor":3.0,"gold_loss":0.0,"damage_taken":0.0,"cards_obtained":["Doubt"]},{"damage_healed":0.0,"max_hp_gain":0.0,"max_hp_loss":0.0,"gold_gain":75.0,"event_name":"World of Goop","player_choice":"Gather Gold","floor":8.0,"gold_loss":0.0,"damage_taken":11.0},{"cards_removed":["Capacitor"],"damage_healed":26,"gold_gain":0,"player_choice":"Offered Uncommon","damage_taken":0,"max_hp_gain":0,"max_hp_loss":0,"event_name":"Bonfire Elementals","floor":20,"gold_loss":0}],"is_beta":false,"boss_relics":[{"not_picked":["Pandora\u0027s Box","Coffee Dripper"],"picked":"Nuclear Battery"}],"items_purged_floors":[4,14],"is_endless":false,"potions_floor_spawned":[5,7,11,18,23],"killed_by":"Slavers","ascension_level":10}