{"gold_per_floor":[116,129,143,143,154,184,202,202,202,202,216,245,257,332,332,432,432,449,463,463,477,493,493,240,240,317,317,317,336,336,371,371,468,468,481,581,599,674,692,692,705,705],"floor_reached":42,"playtime":2384,"items_purged":["Writhe"],"score":457,"play_id":"25374e18-d272-49a3-9c71-5a412baea9e5","local_time":"20190323233022","is_ascension_mode":false,"campfire_choices":[{"data":"Terror","floor":8.0,"key":"SMITH"},{"data":"Neutralize","floor":10.0,"key":"SMITH"},{"floor":15.0,"key":"REST"},{"data":"Burst","floor":23.0,"key":"SMITH"},{"data":"Catalyst","floor":25.0,"key":"SMITH"},{"floor":28.0,"key":"REST"},{"data":"Crippling Poison","floor":32.0,"key":"SMITH"},{"data":"Panacea","floor":40,"key":"SMITH"}],"neow_cost":"NONE","seed_source_timestamp":623010357961705,"circlet_count":0,"master_deck":["Defend_G+1","Defend_G+1","Defend_G+1","Defend_G+1","Defend_G+1","Strike_G+1","Strike_G+1","Strike_G+1","Strike_G+1","Strike_G+1","Survivor","Neutralize+1","Panacea+1","Terror+1","Well Laid Plans","Deflect","Leg Sweep","Noxious Fumes","Crippling Poison+1","Poisoned Stab","Dagger Spray","Catalyst","Burst+1","Catalyst+1","Flying Knee+1","Panache","Night Terror","Caltrops+1"],"special_seed":0,"relics":["Ring of the Snake","Du-Vu Doll","Bronze Scales","Busted Crown","Meat on the Bone","Ornamental Fan","Oddly Smooth Stone","Cursed Key","WingedGreaves"],"potions_floor_usage":[],"damage_taken":[{"damage":0.0,"enemies":"2 Louse","floor":1.0,"turns":4.0},{"damage":1.0,"enemies":"Cultist","floor":2.0,"turns":5.0},{"damage":0.0,"enemies":"Small Slimes","floor":3.0,"turns":3.0},{"damage":3.0,"enemies":"Blue Slaver","floor":5.0,"turns":4.0},{"damage":15.0,"enemies":"3 Sentries","floor":6.0,"turns":15.0},{"damage":3.0,"enemies":"3 Louse","floor":7.0,"turns":5.0},{"damage":2.0,"enemies":"Exordium Wildlife","floor":11.0,"turns":4.0},{"damage":26.0,"enemies":"Gremlin Nob","floor":12.0,"turns":5.0},{"damage":5.0,"enemies":"Red Slaver","floor":13.0,"turns":4.0},{"damage":1.0,"enemies":"The Guardian","floor":16.0,"turns":8.0},{"damage":6.0,"enemies":"3 Byrds","floor":18.0,"turns":3.0},{"damage":2.0,"enemies":"Chosen","floor":19.0,"turns":5.0},{"damage":11.0,"enemies":"Snecko","floor":21.0,"turns":5.0},{"damage":11.0,"enemies":"Snake Plant","floor":22.0,"turns":5.0},{"damage":29.0,"enemies":"Colosseum Slavers","floor":27.0,"turns":4.0},{"damage":14.0,"enemies":"Centurion and Healer","floor":29.0,"turns":8.0},{"damage":23.0,"enemies":"Slavers","floor":31.0,"turns":5.0},{"damage":23.0,"enemies":"Collector","floor":33.0,"turns":3.0},{"damage":7,"enemies":"3 Darklings","floor":35,"turns":4},{"damage":19,"enemies":"Mind Bloom Boss Battle","floor":36,"turns":6},{"damage":0,"enemies":"3 Shapes","floor":37,"turns":3},{"damage":6,"enemies":"Transient","floor":39,"turns":5},{"damage":0,"enemies":"Maw","floor":41,"turns":8},{"damage":52,"enemies":"Reptomancer","floor":42,"turns":5}],"seed_played":"-5049788565263071878","potions_obtained":[{"floor":2.0,"key":"SpeedPotion"},{"floor":5.0,"key":"Regen Potion"},{"floor":7.0,"key":"Explosive Potion"},{"floor":22.0,"key":"Fire Potion"},{"floor":29.0,"key":"SpeedPotion"},{"floor":33.0,"key":"EssenceOfSteel"}],"is_trial":false,"path_per_floor":["M","M","M","?","M","E","M","R","T","R","M","E","M","?","R","B",null,"M","M","?","M","M","R","$","R","T","?","R","M","?","E","R","B",null,"M","?","M","?","M","R","M","E"],"character_chosen":"THE_SILENT","items_purchased":["Panache"],"campfire_rested":2,"item_purchase_floors":[24],"current_hp_per_floor":[70,69,69,69,66,51,48,48,48,48,46,20,15,4,25,39,70,64,62,62,51,40,40,40,40,40,23,44,42,42,31,31,20,70,63,44,44,37,43,43,43,0],"gold":705,"neow_bonus":"RANDOM_COLORLESS","is_prod":false,"is_daily":false,"chose_seed":false,"campfire_upgraded":6,"win_rate":0,"timestamp":1553398222,"path_taken":["M","M","M","?","?","E","M","R","T","R","M","E","M","?","R","BOSS","M","M","?","M","M","R","$","R","T","?","R","M","?","E","R","BOSS","M","?","M","?","M","R","?","E"],"build_version":"2019-01-23","purchased_purges":1,"victory":false,"max_hp_per_floor":[70,70,70,70,70,70,70,70,70,70,70,70,70,70,70,70,70,70,70,70,70,70,70,70,70,70,70,70,70,70,70,70,70,70,70,70,70,70,70,70,70,70],"card_choices":[{"not_picked":["Acrobatics","Prepared"],"picked":"Terror","floor":1.0},{"not_picked":["Dagger Throw","Infinite Blades"],"picked":"Well Laid Plans","floor":2.0},{"not_picked":["Concentrate","Deadly Poison"],"picked":"Deflect","floor":3.0},{"not_picked":["Deflect","Noxious Fumes"],"picked":"Leg Sweep","floor":5.0},{"not_picked":["Infinite Blades","Distraction"],"picked":"Noxious Fumes","floor":6.0},{"not_picked":["Deflect","Quick Slash"],"picked":"Crippling Poison","floor":7.0},{"not_picked":["Sucker Punch","Acrobatics"],"picked":"Poisoned Stab","floor":11.0},{"not_picked":["Calculated Gamble","Concentrate"],"picked":"Dagger Spray","floor":12.0},{"not_picked":["Slice","Deadly Poison"],"picked":"Catalyst","floor":13.0},{"not_picked":["Unload","Tools of the Trade"],"picked":"Burst","floor":16.0},{"not_picked":["Masterful Stab"],"picked":"SKIP","floor":18.0},{"not_picked":["Acrobatics"],"picked":"SKIP","floor":19.0},{"not_picked":[],"picked":"Catalyst","floor":21.0},{"not_picked":[],"picked":"Flying Knee+1","floor":22.0},{"not_picked":["Crippling Poison"],"picked":"SKIP","floor":29.0},{"not_picked":["Phantasmal Killer"],"picked":"SKIP","floor":31.0},{"not_picked":[],"picked":"Night Terror","floor":33.0},{"not_picked":["Bane+1"],"picked":"SKIP","floor":35},{"not_picked":["Bane"],"picked":"SKIP","floor":37},{"not_picked":[],"picked":"Caltrops+1","floor":39},{"not_picked":["Infinite Blades"],"picked":"SKIP","floor":41}],"player_experience":742182,"relics_obtained":[{"floor":6.0,"key":"Du-Vu Doll"},{"floor":12.0,"key":"Bronze Scales"},{"floor":26.0,"key":"Ornamental Fan"},{"floor":31.0,"key":"Oddly Smooth Stone"},{"floor":36,"key":"WingedGreaves"}],"event_choices":[{"damage_healed":0.0,"max_hp_gain":0.0,"max_hp_loss":0.0,"gold_gain":0.0,"event_name":"NoteForYourself","player_choice":"Ignored","floor":4.0,"gold_loss":0.0,"damage_taken":0.0},{"damage_healed":0.0,"max_hp_gain":0.0,"max_hp_loss":0.0,"gold_gain":75.0,"event_name":"World of Goop","player_choice":"Gather Gold","floor":14.0,"gold_loss":0.0,"damage_taken":11.0},{"damage_healed":0.0,"max_hp_gain":0.0,"max_hp_loss":0.0,"gold_gain":0.0,"event_name":"The Mausoleum","player_choice":"Opened","floor":20.0,"gold_loss":0.0,"damage_taken":0.0,"relics_obtained":["Meat on the Bone"],"cards_obtained":["Writhe"]},{"damage_healed":0.0,"max_hp_gain":0.0,"max_hp_loss":0.0,"gold_gain":0.0,"event_name":"Colosseum","player_choice":"Fight","floor":27.0,"gold_loss":0.0,"damage_taken":0.0},{"damage_healed":0.0,"max_hp_gain":0.0,"max_hp_loss":0.0,"gold_gain":0.0,"event_name":"Colosseum","player_choice":"Fled From Nobs","floor":27.0,"gold_loss":0.0,"damage_taken":0.0},{"damage_healed":0.0,"max_hp_gain":0.0,"max_hp_loss":0.0,"gold_gain":0.0,"event_name":"Back to Basics","player_choice":"Simplicity","floor":30.0,"gold_loss":0.0,"damage_taken":0.0,"cards_upgraded":["Defend_G","Defend_G","Defend_G","Defend_G","Defend_G","Strike_G","Strike_G","Strike_G","Strike_G","Strike_G"]},{"damage_healed":0,"gold_gain":0,"player_choice":"Fight","damage_taken":0,"max_hp_gain":0,"max_hp_loss":0,"event_name":"MindBloom","floor":36,"gold_loss":0},{"damage_healed":0,"gold_gain":75,"player_choice":"Touch","damage_taken":7,"max_hp_gain":0,"max_hp_loss":0,"event_name":"FaceTrader","floor":38,"gold_loss":0}],"is_beta":false,"boss_relics":[{"not_picked":["Fusion Hammer","Snecko Eye"],"picked":"Busted Crown"},{"not_picked":["Runic Pyramid","Tiny House"],"picked":"Cursed Key"}],"items_purged_floors":[24],"is_endless":false,"potions_floor_spawned":[2,5,7,11,22,27,29,33,35],"killed_by":"Reptomancer","ascension_level":0}