{"gold_per_floor":[116,41,41,52,52,52,83,83,83,115,133,163,180,197,197,272,272,288,306,19,19,38,64,77,107,107,119,144,156,178,202,214,300,312,341,368,64,78,28,60,73,73],"floor_reached":42,"playtime":2411,"items_purged":["Strike_B","Regret","Doubt"],"score":930,"play_id":"6d7bb5f5-1ffa-4c13-834f-f4f2158a7ff8","local_time":"20191009195749","is_ascension_mode":true,"campfire_choices":[{"data":"Zap","floor":6,"key":"SMITH"},{"data":"Sunder","floor":8,"key":"SMITH"},{"data":"Ball Lightning","floor":15,"key":"SMITH"},{"floor":27,"key":"REST"},{"floor":29,"key":"REST"},{"data":"FTL","floor":32,"key":"SMITH"}],"neow_cost":"NONE","seed_source_timestamp":9187638260900,"circlet_count":0,"master_deck":["AscendersBane","Strike_B","Strike_B","Defend_B","Defend_B","Defend_B","Defend_B","Zap+1","Dualcast","Ball Lightning+1","Cold Snap","Sunder+1","Reinforced Body","Undo","Conserve Battery","Ball Lightning+1","Glacier","FTL+1","Sunder","Undo","Gash","Reinforced Body+1","All For One","Gash","Gash","Leap","Electrodynamics","Gash","Defragment","Parasite","Glacier","Coolheaded","Coolheaded+1"],"relics":["Cracked Core","NeowsBlessing","StrikeDummy","Matryoshka","Ancient Tea Set","Kunai","CaptainsWheel","Pear","Cursed Key","Happy Flower","Pen Nib","Boot","MawBank","Dream Catcher","SacredBark","DataDisk","Sundial"],"potions_floor_usage":[5,25,35,42,42],"damage_taken":[{"damage":0,"enemies":"2 Louse","floor":1,"turns":1},{"damage":0,"enemies":"Small Slimes","floor":4,"turns":1},{"damage":0,"enemies":"3 Sentries","floor":7,"turns":1},{"damage":13,"enemies":"Lagavulin","floor":10,"turns":5},{"damage":0,"enemies":"Cultist","floor":11,"turns":2},{"damage":14,"enemies":"Gremlin Nob","floor":12,"turns":3},{"damage":3,"enemies":"Blue Slaver","floor":13,"turns":3},{"damage":1,"enemies":"Red Slaver","floor":14,"turns":3},{"damage":24,"enemies":"Slime Boss","floor":16,"turns":9},{"damage":1,"enemies":"Spheric Guardian","floor":18,"turns":3},{"damage":4,"enemies":"2 Thieves","floor":19,"turns":4},{"damage":0,"enemies":"Cultist and Chosen","floor":22,"turns":6},{"damage":34,"enemies":"Slavers","floor":23,"turns":5},{"damage":1,"enemies":"Snake Plant","floor":24,"turns":4},{"damage":15,"enemies":"Book of Stabbing","floor":25,"turns":4},{"damage":0,"enemies":"3 Cultists","floor":28,"turns":5},{"damage":0,"enemies":"Centurion and Healer","floor":30,"turns":6},{"damage":0,"enemies":"Shelled Parasite and Fungi","floor":31,"turns":4},{"damage":59,"enemies":"Automaton","floor":33,"turns":12},{"damage":17,"enemies":"3 Darklings","floor":35,"turns":6},{"damage":3,"enemies":"3 Shapes","floor":36,"turns":6},{"damage":6,"enemies":"Writhing Mass","floor":38,"turns":7},{"damage":31,"enemies":"Nemesis","floor":40,"turns":7},{"damage":2,"enemies":"3 Darklings","floor":41,"turns":5},{"damage":13,"enemies":"Reptomancer","floor":42,"turns":6}],"seed_played":"6089211371550788521","potions_obtained":[{"floor":4,"key":"Dexterity Potion"},{"floor":5,"key":"Fruit Juice"},{"floor":5,"key":"Explosive Potion"},{"floor":10,"key":"LiquidBronze"},{"floor":19,"key":"FocusPotion"},{"floor":25,"key":"Ancient Potion"},{"floor":35,"key":"AttackPotion"},{"floor":41,"key":"Block Potion"}],"is_trial":false,"path_per_floor":["M","$","?","M","?","R","E","R","T","E","M","E","M","M","R","B",null,"M","M","$","?","M","E","M","E","T","R","M","R","M","M","R","B",null,"M","M","$","M","$","E","M","E"],"character_chosen":"DEFECT","items_purchased":["Glacier","Happy Flower","DataDisk","Defragment","Coolheaded"],"campfire_rested":2,"item_purchase_floors":[20,20,37,37,39],"current_hp_per_floor":[64,64,64,64,69,69,69,69,69,56,56,52,49,48,48,24,71,70,66,66,66,66,32,31,16,16,41,41,66,66,66,66,7,66,49,46,46,40,40,9,7,0],"gold":73,"neow_bonus":"THREE_ENEMY_KILL","is_prod":false,"is_daily":false,"chose_seed":false,"campfire_upgraded":4,"win_rate":0,"timestamp":1570643869,"path_taken":["M","$","?","M","?","R","E","R","T","E","?","E","M","M","R","BOSS","M","M","$","?","M","E","M","E","T","R","M","R","M","M","R","BOSS","M","M","?","M","$","E","M","E"],"build_version":"2019-10-08","purchased_purges":3,"victory":false,"max_hp_per_floor":[71,71,71,71,76,76,76,76,76,76,76,86,86,86,86,86,86,86,86,86,86,86,86,86,86,86,86,86,86,86,86,86,86,86,86,86,86,86,86,86,86,86],"card_choices":[{"not_picked":["Double Energy","Conserve Battery"],"picked":"Ball Lightning","floor":1},{"not_picked":["Stack","Chill"],"picked":"Cold Snap","floor":4},{"not_picked":["Barrage","Rip and Tear"],"picked":"Sunder","floor":7},{"not_picked":["Stack","Capacitor","Beam Cell"],"picked":"SKIP","floor":10},{"not_picked":["Rip and Tear","Capacitor","Reprogram"],"picked":"SKIP","floor":11},{"not_picked":["Melter","Hologram"],"picked":"Reinforced Body","floor":12},{"not_picked":["Chill","Steam"],"picked":"Undo","floor":13},{"not_picked":["Sweeping Beam","Coolheaded"],"picked":"Conserve Battery","floor":14},{"not_picked":["Stack","Rebound+1","Turbo+1"],"picked":"SKIP","floor":18},{"not_picked":["Heatsinks","Melter"],"picked":"Ball Lightning+1","floor":19},{"not_picked":["Redo","Capacitor"],"picked":"Sunder","floor":22},{"not_picked":["Turbo","Compile Driver"],"picked":"Undo","floor":23},{"not_picked":["Stack","Chill"],"picked":"Gash","floor":24},{"not_picked":["Steam","Turbo"],"picked":"Reinforced Body+1","floor":25},{"not_picked":["Redo","Coolheaded"],"picked":"All For One","floor":27},{"not_picked":["Genetic Algorithm","Chill"],"picked":"Gash","floor":28},{"not_picked":["White Noise","Stack+1"],"picked":"Gash","floor":30},{"not_picked":["Darkness","Barrage"],"picked":"Leap","floor":31},{"not_picked":["Meteor Strike","Reboot"],"picked":"Electrodynamics","floor":33},{"not_picked":["Steam Power+1","Genetic Algorithm","Sweeping Beam"],"picked":"SKIP","floor":35},{"not_picked":["Ball Lightning+1","Chill+1"],"picked":"Gash","floor":36},{"not_picked":["Thunder Strike","Fusion+1"],"picked":"Glacier","floor":38},{"not_picked":["Go for the Eyes","Rebound+1","Force Field"],"picked":"SKIP","floor":40},{"not_picked":["Melter+1","Lockon"],"picked":"Coolheaded+1","floor":41}],"player_experience":987532,"relics_obtained":[{"floor":7,"key":"Matryoshka"},{"floor":9,"key":"Ancient Tea Set"},{"floor":9,"key":"Kunai"},{"floor":10,"key":"CaptainsWheel"},{"floor":12,"key":"Pear"},{"floor":23,"key":"Pen Nib"},{"floor":25,"key":"Boot"},{"floor":26,"key":"MawBank"},{"floor":26,"key":"Dream Catcher"},{"floor":40,"key":"Sundial"}],"event_choices":[{"damage_healed":0,"gold_gain":0,"player_choice":"Box","damage_taken":0,"relics_obtained":["StrikeDummy"],"max_hp_gain":0,"max_hp_loss":0,"event_name":"Big Fish","floor":3,"gold_loss":0,"cards_obtained":["Regret"]},{"damage_healed":0,"gold_gain":0,"player_choice":"Got Potions","damage_taken":0,"max_hp_gain":0,"max_hp_loss":0,"event_name":"Lab","floor":5,"gold_loss":0},{"damage_healed":0,"gold_gain":0,"cards_transformed":["Strike_B"],"player_choice":"Transformed","damage_taken":0,"max_hp_gain":0,"max_hp_loss":0,"event_name":"Transmorgrifier","floor":21,"gold_loss":0,"cards_obtained":["FTL"]}],"is_beta":true,"boss_relics":[{"not_picked":["Runic Pyramid","Busted Crown"],"picked":"Cursed Key"},{"not_picked":["Fusion Hammer","Snecko Eye"],"picked":"SacredBark"}],"items_purged_floors":[2,20,37],"is_endless":false,"potions_floor_spawned":[4,7,10,14,19,22,25,30,31,35,41],"killed_by":"Reptomancer","ascension_level":15}