{"gold_per_floor":[10,21,35,53,70,70,98,108,132,163,173,229,5,17,17,115,115,125,140,140,140,84,84,119,119,167,197,211,227,227,227,227,227],"floor_reached":33,"playtime":2565,"items_purged":[],"score":299,"play_id":"e5d1d45c-dc3c-4040-a5fb-a838f49890bc","local_time":"20190306201419","is_ascension_mode":false,"campfire_choices":[{"data":"Die Die Die","floor":6,"key":"SMITH"},{"floor":15,"key":"REST"},{"data":"Burst","floor":23,"key":"SMITH"},{"data":"Neutralize","floor":25,"key":"SMITH"},{"floor":30,"key":"REST"},{"floor":32,"key":"REST"}],"neow_cost":"NO_GOLD","seed_source_timestamp":3801474848411514,"circlet_count":0,"master_deck":["Defend_G","Defend_G+1","Defend_G","Defend_G","Strike_G","Strike_G","Strike_G","Strike_G","Survivor","Neutralize+1","Die Die Die+1","Deflect","Poisoned Stab","Flying Knee","Distraction","Backflip","Finisher","Malaise","Well Laid Plans","Footwork","Unload+1","Dodge and Roll+1","Backflip+1","Writhe","Burst+1","Adrenaline","Predator+1","Cloak And Dagger+1","Leg Sweep+1"],"relics":["Ring of the Snake","Letter Opener","Boot","The Courier","Molten Egg 2","HoveringKite","War Paint","Bag of Marbles","Bottled Tornado"],"potions_floor_usage":[10,16,16,19,27,29],"damage_taken":[{"damage":0,"enemies":"2 Louse","floor":1,"turns":2},{"damage":0,"enemies":"Small Slimes","floor":2,"turns":2},{"damage":0,"enemies":"Jaw Worm","floor":3,"turns":4},{"damage":0,"enemies":"3 Louse","floor":4,"turns":1},{"damage":6,"enemies":"Exordium Thugs","floor":5,"turns":4},{"damage":51,"enemies":"Lagavulin","floor":7,"turns":9},{"damage":3,"enemies":"Large Slime","floor":8,"turns":5},{"damage":7,"enemies":"Gremlin Nob","floor":10,"turns":4},{"damage":0,"enemies":"2 Fungi Beasts","floor":11,"turns":2},{"damage":1,"enemies":"Exordium Wildlife","floor":14,"turns":2},{"damage":1,"enemies":"The Guardian","floor":16,"turns":12},{"damage":14,"enemies":"3 Byrds","floor":18,"turns":6},{"damage":16,"enemies":"2 Thieves","floor":19,"turns":4},{"damage":5,"enemies":"Book of Stabbing","floor":24,"turns":7},{"damage":18,"enemies":"Gremlin Leader","floor":27,"turns":5},{"damage":13,"enemies":"Shelled Parasite and Fungi","floor":28,"turns":8},{"damage":0,"enemies":"Snecko","floor":29,"turns":6},{"damage":13,"enemies":"Colosseum Slavers","floor":31,"turns":4},{"damage":41,"enemies":"Champ","floor":33,"turns":20}],"seed_played":"-8684413840567781604","potions_obtained":[{"floor":5,"key":"EssenceOfSteel"},{"floor":7,"key":"LiquidBronze"},{"floor":11,"key":"Poison Potion"},{"floor":14,"key":"Swift Potion"},{"floor":18,"key":"Explosive Potion"},{"floor":19,"key":"SpeedPotion"},{"floor":28,"key":"PowerPotion"},{"floor":29,"key":"Strength Potion"}],"is_trial":false,"path_per_floor":["M","M","M","M","M","R","E","M","T","E","M","?","$","M","R","B",null,"M","M","?","?","$","R","E","R","T","E","M","M","R","?","R","B"],"character_chosen":"THE_SILENT","items_purchased":["Molten Egg 2","Well Laid Plans","Predator+1"],"campfire_rested":3,"item_purchase_floors":[13,13,22],"current_hp_per_floor":[70,70,70,70,64,64,13,10,10,3,3,3,3,2,23,22,70,56,40,40,40,40,40,35,35,35,17,4,4,25,12,33,0],"gold":227,"neow_bonus":"THREE_RARE_CARDS","is_prod":false,"is_daily":false,"chose_seed":false,"campfire_upgraded":3,"win_rate":0,"timestamp":1551921259,"path_taken":["M","M","M","M","M","R","E","M","T","E","M","?","$","M","R","BOSS","M","M","?","?","$","R","E","R","T","E","M","M","R","?","R","BOSS"],"build_version":"2019-01-23","purchased_purges":0,"victory":false,"max_hp_per_floor":[70,70,70,70,70,70,70,70,70,70,70,70,70,70,70,70,70,70,70,70,70,70,70,70,70,70,70,70,70,70,70,70,70],"card_choices":[{"not_picked":["Adrenaline","Tools of the Trade"],"picked":"Die Die Die","floor":0},{"not_picked":["Acrobatics","Poisoned Stab"],"picked":"Deflect","floor":1},{"not_picked":["Slice","Masterful Stab"],"picked":"Poisoned Stab","floor":2},{"not_picked":["Choke","Acrobatics","Reflex"],"picked":"SKIP","floor":3},{"not_picked":["Dagger Spray","Expertise"],"picked":"Flying Knee","floor":4},{"not_picked":["Prepared","Dagger Throw"],"picked":"Distraction","floor":5},{"not_picked":["Expertise","Slice"],"picked":"Backflip","floor":7},{"not_picked":["Endless Agony","Prepared"],"picked":"Finisher","floor":8},{"not_picked":["Backflip","Distraction","Outmaneuver"],"picked":"SKIP","floor":10},{"not_picked":["Endless Agony","Underhanded Strike"],"picked":"Malaise","floor":11},{"not_picked":["Backflip","Tactician"],"picked":"Footwork","floor":14},{"not_picked":["Doppelganger","Glass Knife+1"],"picked":"Unload+1","floor":16},{"not_picked":["Dagger Throw+1","Riddle With Holes+1"],"picked":"Dodge and Roll+1","floor":18},{"not_picked":["Sucker Punch+1","Dodge and Roll"],"picked":"Backflip","floor":19},{"not_picked":["Sucker Punch+1","Escape Plan","PiercingWail"],"picked":"SKIP","floor":24},{"not_picked":["Escape Plan","Slice+1","Well Laid Plans+1"],"picked":"SKIP","floor":27},{"not_picked":["Catalyst+1","Acrobatics"],"picked":"Cloak And Dagger+1","floor":28},{"not_picked":["Concentrate+1","Bouncing Flask"],"picked":"Leg Sweep+1","floor":29}],"player_experience":710480,"relics_obtained":[{"floor":7,"key":"Letter Opener"},{"floor":9,"key":"Boot"},{"floor":10,"key":"The Courier"},{"floor":24,"key":"Bag of Marbles"},{"floor":27,"key":"Bottled Tornado"}],"event_choices":[{"damage_healed":0,"gold_gain":56,"player_choice":"Gained Gold","damage_taken":0,"max_hp_gain":0,"max_hp_loss":0,"event_name":"Golden Wing","floor":12,"gold_loss":0},{"damage_healed":0,"gold_gain":0,"player_choice":"Opened","damage_taken":0,"relics_obtained":["War Paint"],"max_hp_gain":0,"max_hp_loss":0,"event_name":"The Mausoleum","floor":20,"gold_loss":0,"cards_obtained":["Writhe"]},{"damage_healed":0,"gold_gain":0,"cards_transformed":["Defend_G","Strike_G"],"player_choice":"Became Test Subject","damage_taken":0,"max_hp_gain":0,"max_hp_loss":0,"event_name":"Drug Dealer","floor":21,"gold_loss":0,"cards_obtained":["Burst","Adrenaline"]},{"damage_healed":0,"gold_gain":0,"player_choice":"Fight","damage_taken":0,"max_hp_gain":0,"max_hp_loss":0,"event_name":"Colosseum","floor":31,"gold_loss":0},{"damage_healed":0,"gold_gain":0,"player_choice":"Fled From Nobs","damage_taken":0,"max_hp_gain":0,"max_hp_loss":0,"event_name":"Colosseum","floor":31,"gold_loss":0}],"is_beta":false,"boss_relics":[{"not_picked":["Tiny House","Philosopher\u0027s Stone"],"picked":"HoveringKite"}],"items_purged_floors":[],"is_endless":false,"potions_floor_spawned":[5,7,11,14,18,19,28,29],"killed_by":"Champ","ascension_level":0}