{"gold_per_floor":[216,216,229,239,251,281,301,301,324,11,31,86,104,118,118,220,220,231,131,150,166,177,202,202,202,202,233,233,247,247,257,257,354,354,368,368,387,402,413,445,445,545,617,652,652,672,672,691,691,691,691,691,5,34,34],"floor_reached":56,"playtime":4536,"items_purged":["Strike_R","Strike_R","Defend_R"],"score":1230,"play_id":"097dd797-3ec2-40dd-bd23-1083212a2766","local_time":"20190815202447","is_ascension_mode":false,"campfire_choices":[{"data":"Armaments","floor":8.0,"key":"SMITH"},{"data":"True Grit","floor":15.0,"key":"SMITH"},{"data":"True Grit","floor":24.0,"key":"SMITH"},{"floor":28.0,"key":"REST"},{"data":"Berserk","floor":32.0,"key":"SMITH"},{"floor":41.0,"key":"RECALL"},{"data":"Body Slam","floor":45,"key":"SMITH"},{"data":"Metallicize","floor":49,"key":"SMITH"},{"data":"Impervious","floor":52,"key":"SMITH"}],"neow_cost":"NONE","seed_source_timestamp":2076732727470492,"circlet_count":0,"master_deck":["Defend_R+1","Defend_R","Defend_R+1","Bash+1","Metallicize+1","Anger","Armaments+1","Sword Boomerang","Body Slam+1","Spot Weakness","Dropkick","True Grit+1","Impervious+1","True Grit+1","Dual Wield+1","Seeing Red","Reaper","Thunderclap","Berserk+1","Whirlwind+1","Brutality","Shrug It Off+1","Impervious","Clothesline+1"],"special_seed":0,"relics":["Burning Blood","Paper Frog","Bronze Scales","Kunai","Whetstone","Black Star","Meat on the Bone","War Paint","Ice Cream","Omamori","Nloth\u0027s Gift","Runic Cube","Strawberry","Red Skull","Mummified Hand","Blue Candle","Lantern","Anchor","Magic Flower","Incense Burner","Ginger"],"potions_floor_usage":[50,54,55],"damage_taken":[{"damage":1.0,"enemies":"2 Louse","floor":1.0,"turns":3.0},{"damage":3.0,"enemies":"Cultist","floor":3.0,"turns":3.0},{"damage":6.0,"enemies":"Jaw Worm","floor":4.0,"turns":4.0},{"damage":8.0,"enemies":"Blue Slaver","floor":5.0,"turns":4.0},{"damage":28.0,"enemies":"3 Sentries","floor":6.0,"turns":8.0},{"damage":21.0,"enemies":"Exordium Thugs","floor":7.0,"turns":6.0},{"damage":1.0,"enemies":"3 Louse","floor":11.0,"turns":3.0},{"damage":0.0,"enemies":"Gremlin Nob","floor":12.0,"turns":2.0},{"damage":10.0,"enemies":"Lots of Slimes","floor":13.0,"turns":4.0},{"damage":14.0,"enemies":"Gremlin Gang","floor":14.0,"turns":5.0},{"damage":4.0,"enemies":"The Guardian","floor":16.0,"turns":8.0},{"damage":4.0,"enemies":"Shell Parasite","floor":18.0,"turns":5.0},{"damage":1.0,"enemies":"3 Byrds","floor":20.0,"turns":3.0},{"damage":16.0,"enemies":"Snake Plant","floor":21.0,"turns":5.0},{"damage":16.0,"enemies":"Centurion and Healer","floor":22.0,"turns":9.0},{"damage":22.0,"enemies":"Book of Stabbing","floor":23.0,"turns":5.0},{"damage":49.0,"enemies":"Gremlin Leader","floor":27.0,"turns":10.0},{"damage":6.0,"enemies":"3 Cultists","floor":29.0,"turns":4.0},{"damage":30.0,"enemies":"Snake Plant","floor":31.0,"turns":6.0},{"damage":61.0,"enemies":"Collector","floor":33.0,"turns":11.0},{"damage":3.0,"enemies":"Orb Walker","floor":35.0,"turns":4.0},{"damage":20.0,"enemies":"3 Shapes","floor":37.0,"turns":3.0},{"damage":13.0,"enemies":"Sphere and 2 Shapes","floor":38.0,"turns":6.0},{"damage":16.0,"enemies":"Writhing Mass","floor":39.0,"turns":6.0},{"damage":43.0,"enemies":"Reptomancer","floor":40.0,"turns":8.0},{"damage":54,"enemies":"Nemesis","floor":44,"turns":7},{"damage":9,"enemies":"Spire Growth","floor":46,"turns":7},{"damage":20,"enemies":"Transient","floor":48,"turns":5},{"damage":43,"enemies":"Awakened One","floor":50,"turns":10},{"damage":18,"enemies":"Shield and Spear","floor":54,"turns":4},{"damage":70,"enemies":"The Heart","floor":55,"turns":8}],"seed_played":"-1967399531646977118","potions_obtained":[{"floor":1.0,"key":"Swift Potion"},{"floor":2.0,"key":"SteroidPotion"},{"floor":2.0,"key":"Ancient Potion"},{"floor":12.0,"key":"Weak Potion"},{"floor":20.0,"key":"Strength Potion"},{"floor":23.0,"key":"BloodPotion"},{"floor":31.0,"key":"Energy Potion"},{"floor":33.0,"key":"AttackPotion"},{"floor":38.0,"key":"Explosive Potion"},{"floor":44,"key":"Explosive Potion"},{"floor":46,"key":"AttackPotion"}],"is_trial":false,"path_per_floor":["M","?","M","M","M","E","M","R","T","$","M","?","M","M","R","B",null,"M","$","M","M","M","E","R","?","T","E","R","M","?","M","R","B",null,"M","?","M","M","M","E","R","?","T","E","R","M","?","M","R","B",null,"R","$","E","B",null],"character_chosen":"IRONCLAD","items_purchased":["Kunai","Anchor","SkillPotion","PowerPotion","Magic Flower"],"campfire_rested":1,"item_purchase_floors":[10,53,53,53,53],"current_hp_per_floor":[80,80,80,80,78,56,41,41,41,41,46,52,48,40,40,42,80,80,80,80,70,60,44,44,44,44,19,43,55,55,48,48,33,80,80,80,73,70,69,69,69,69,69,52,52,59,59,57,57,54,87,87,87,78,52],"gold":34,"neow_bonus":"HUNDRED_GOLD","is_prod":false,"is_daily":false,"chose_seed":false,"campfire_upgraded":7,"win_rate":0,"timestamp":1565915087,"path_taken":["M","?","M","M","?","E","?","R","T","$","M","?","M","M","R","BOSS","M","$","M","M","M","E","R","?","T","E","R","M","?","M","R","BOSS","M","?","M","M","M","E","R","?","T","E","R","?","?","M","R","BOSS","R","$","E","BOSS"],"build_version":"2019-07-17","purchased_purges":3,"victory":true,"max_hp_per_floor":[80,80,80,80,80,80,80,80,80,80,80,80,80,80,80,80,80,80,80,80,80,80,80,80,80,80,80,80,80,80,80,80,80,80,80,80,80,80,80,87,87,87,87,87,87,87,87,87,87,87,87,87,87,87,87],"card_choices":[{"not_picked":["Flex","Cleave"],"picked":"Metallicize","floor":1.0},{"not_picked":["Clash","Entrench"],"picked":"Anger","floor":3.0},{"not_picked":["Sentinel","Heavy Blade"],"picked":"Armaments","floor":4.0},{"not_picked":["Heavy Blade","Pummel"],"picked":"Sword Boomerang","floor":5.0},{"not_picked":["Juggernaut","Entrench"],"picked":"Body Slam","floor":6.0},{"not_picked":["Havoc","Cleave","Reckless Charge"],"picked":"SKIP","floor":7.0},{"not_picked":["Warcry","Iron Wave"],"picked":"Spot Weakness","floor":11.0},{"not_picked":["Exhume","Spot Weakness"],"picked":"Dropkick","floor":12.0},{"not_picked":["Pommel Strike","Sword Boomerang","Burning Pact"],"picked":"SKIP","floor":13.0},{"not_picked":["Spot Weakness","Bloodletting"],"picked":"True Grit","floor":14.0},{"not_picked":["Feed","Demon Form"],"picked":"Impervious","floor":16.0},{"not_picked":["Wild Strike","Flex","Searing Blow"],"picked":"SKIP","floor":18.0},{"not_picked":["Sword Boomerang","Havoc"],"picked":"True Grit","floor":20.0},{"not_picked":["Anger","Rage","Twin Strike"],"picked":"SKIP","floor":21.0},{"not_picked":["Shockwave","Clothesline"],"picked":"Dual Wield+1","floor":22.0},{"not_picked":["Clash+1","Rage","Inflame"],"picked":"SKIP","floor":23.0},{"not_picked":["Cleave","Burning Pact"],"picked":"Thunderclap","floor":27.0},{"not_picked":["Iron Wave","Sever Soul"],"picked":"Berserk","floor":29.0},{"not_picked":["Warcry","Wild Strike"],"picked":"Whirlwind+1","floor":31.0},{"not_picked":["Dark Embrace","Exhume"],"picked":"Brutality","floor":33.0},{"not_picked":["Clash+1","Carnage+1","Flex+1"],"picked":"SKIP","floor":35.0},{"not_picked":["Rampage+1","True Grit+1"],"picked":"Shrug It Off+1","floor":37.0},{"not_picked":["Spot Weakness","Havoc+1","Armaments"],"picked":"SKIP","floor":38.0},{"not_picked":["Twin Strike","Anger","Wild Strike+1"],"picked":"SKIP","floor":39.0},{"not_picked":["Rupture","Pommel Strike+1","Clash+1"],"picked":"SKIP","floor":40.0},{"not_picked":["Fire Breathing","Shrug It Off+1"],"picked":"Impervious","floor":44},{"not_picked":["Spot Weakness","Searing Blow+1"],"picked":"Clothesline+1","floor":46},{"not_picked":["Sword Boomerang+1","Thunderclap+1","Perfected Strike+1"],"picked":"SKIP","floor":48},{"not_picked":["Seeing Red+1","Intimidate","Headbutt"],"picked":"SKIP","floor":54}],"player_experience":1246737,"relics_obtained":[{"floor":6.0,"key":"Paper Frog"},{"floor":9.0,"key":"Bronze Scales"},{"floor":12.0,"key":"Whetstone"},{"floor":23.0,"key":"Meat on the Bone"},{"floor":23.0,"key":"War Paint"},{"floor":26.0,"key":"Ice Cream"},{"floor":27.0,"key":"Sundial"},{"floor":27.0,"key":"Omamori"},{"floor":40.0,"key":"Strawberry"},{"floor":40.0,"key":"Red Skull"},{"floor":44,"key":"Mummified Hand"},{"floor":44,"key":"Blue Candle"},{"floor":54,"key":"Incense Burner"},{"floor":54,"key":"Ginger"}],"event_choices":[{"damage_healed":0.0,"max_hp_gain":0.0,"max_hp_loss":0.0,"gold_gain":0.0,"event_name":"Lab","player_choice":"Got Potions","floor":2.0,"gold_loss":0.0,"damage_taken":0.0},{"damage_healed":0.0,"max_hp_gain":0.0,"max_hp_loss":0.0,"gold_gain":30.0,"event_name":"Dead Adventurer","player_choice":"Searched \u00273\u0027 times","floor":12.0,"gold_loss":0.0,"damage_taken":0.0},{"damage_healed":0.0,"max_hp_gain":0.0,"max_hp_loss":0.0,"gold_gain":0.0,"cards_transformed":["Strike_R","Strike_R"],"event_name":"Drug Dealer","player_choice":"Became Test Subject","floor":25.0,"gold_loss":0.0,"damage_taken":0.0,"cards_obtained":["Seeing Red","Reaper"]},{"damage_healed":0.0,"max_hp_gain":0.0,"max_hp_loss":0.0,"gold_gain":0.0,"event_name":"N\u0027loth","player_choice":"Traded Relic","floor":30.0,"relics_lost":["Sundial"],"gold_loss":0.0,"damage_taken":0.0,"relics_obtained":["Nloth\u0027s Gift"]},{"cards_removed":["Strike_R"],"damage_healed":0.0,"max_hp_gain":0.0,"max_hp_loss":0.0,"gold_gain":0.0,"event_name":"Falling","player_choice":"Removed Attack","floor":36.0,"gold_loss":0.0,"damage_taken":0.0},{"damage_healed":0.0,"max_hp_gain":0.0,"max_hp_loss":0.0,"gold_gain":100.0,"event_name":"Golden Shrine","player_choice":"Pray","floor":42.0,"gold_loss":0.0,"damage_taken":0.0},{"damage_healed":0,"gold_gain":0,"player_choice":"Gave Potion","damage_taken":0,"relics_obtained":["Lantern"],"max_hp_gain":0,"max_hp_loss":0,"event_name":"WeMeetAgain","floor":47,"gold_loss":0}],"is_beta":false,"boss_relics":[{"not_picked":["Astrolabe","Busted Crown"],"picked":"Black Star"},{"not_picked":["Runic Dome","Eternal Feather"],"picked":"Runic Cube"}],"items_purged_floors":[10,19,53],"is_endless":false,"potions_floor_spawned":[1,3,11,12,14,20,23,31,33,38,44,46],"ascension_level":0}