{"gold_per_floor":[16,35,35,50,67,67,85,116,142,142,152,163,191,366,366,465,465,479,479,180,180,191,255,255,288,288,288,298,298,309,321,321,321],"floor_reached":33,"playtime":1767,"items_purged":["Doubt"],"score":324,"play_id":"c66ca10c-bd40-4056-a0ea-94242fc89e78","local_time":"20190510221419","is_ascension_mode":false,"campfire_choices":[{"data":"Bash","floor":6.0,"key":"SMITH"},{"data":"Rampage","floor":10.0,"key":"SMITH"},{"data":"True Grit","floor":15.0,"key":"SMITH"},{"data":"Infernal Blade","floor":24,"key":"SMITH"},{"floor":29,"key":"REST"},{"floor":32,"key":"REST"}],"neow_cost":"NO_GOLD","seed_source_timestamp":3038739125190356,"circlet_count":0,"master_deck":["Strike_R","Strike_R","Defend_R","Defend_R","Defend_R","Bash+1","Rampage+1","True Grit+1","Dramatic Entrance","Pommel Strike","Infernal Blade+1","Thunderclap","Burning Pact","Headbutt","Shrug It Off","Offering","Spot Weakness","Metallicize","Necronomicurse","Rupture","Dual Wield","Battle Trance","True Grit"],"special_seed":0,"relics":["Burning Blood","Lantern","Blood Vial","Sozu","PreservedInsect","Necronomicon","Tiny Chest","Bag of Preparation","Blue Candle"],"potions_floor_usage":[33,33],"damage_taken":[{"damage":3.0,"enemies":"Cultist","floor":1.0,"turns":5.0},{"damage":5.0,"enemies":"Jaw Worm","floor":2.0,"turns":4.0},{"damage":1.0,"enemies":"2 Louse","floor":4.0,"turns":2.0},{"damage":5.0,"enemies":"Large Slime","floor":5.0,"turns":5.0},{"damage":5.0,"enemies":"Looter","floor":7.0,"turns":3.0},{"damage":11.0,"enemies":"3 Sentries","floor":8.0,"turns":4.0},{"damage":0.0,"enemies":"2 Fungi Beasts","floor":11.0,"turns":2.0},{"damage":2.0,"enemies":"Blue Slaver","floor":12.0,"turns":3.0},{"damage":21.0,"enemies":"Lagavulin","floor":13.0,"turns":3.0},{"damage":39,"enemies":"Slime Boss","floor":16,"turns":11},{"damage":6,"enemies":"3 Byrds","floor":18,"turns":4},{"damage":6,"enemies":"Spheric Guardian","floor":22,"turns":2},{"damage":28,"enemies":"Book of Stabbing","floor":23,"turns":3},{"damage":6,"enemies":"Gremlin Leader","floor":25,"turns":3},{"damage":32,"enemies":"Shelled Parasite and Fungi","floor":28,"turns":4},{"damage":25,"enemies":"Centurion and Healer","floor":30,"turns":3},{"damage":16,"enemies":"Snecko","floor":31,"turns":4},{"damage":61,"enemies":"Collector","floor":33,"turns":6}],"seed_played":"8772674558910970015","potions_obtained":[{"floor":5.0,"key":"AttackPotion"},{"floor":7.0,"key":"Poison Potion"},{"floor":8.0,"key":"FearPotion"},{"floor":16,"key":"SmokeBomb"}],"is_trial":false,"path_per_floor":["M","M","?","M","M","R","M","E","T","R","M","M","E","?","R","B",null,"M","?","$","?","M","E","R","E","T","?","M","R","M","M","R","B"],"character_chosen":"IRONCLAD","items_purchased":["Metallicize","PreservedInsect"],"campfire_rested":2,"item_purchase_floors":[20,20],"current_hp_per_floor":[80,80,80,80,80,80,80,75,75,75,80,80,65,65,65,34,80,80,80,80,64,66,46,46,48,48,48,24,48,31,23,47,0],"gold":321,"neow_bonus":"REMOVE_TWO","is_prod":false,"is_daily":false,"chose_seed":false,"campfire_upgraded":4,"win_rate":0,"timestamp":1557540859,"path_taken":["M","?","?","M","?","R","M","E","T","R","M","M","E","?","R","BOSS","M","?","$","?","M","E","R","E","T","?","M","R","?","M","R","BOSS"],"build_version":"2019-01-23","purchased_purges":1,"victory":false,"max_hp_per_floor":[80,80,80,80,80,80,80,80,80,80,80,80,80,80,80,80,80,80,80,80,80,80,80,80,80,80,80,80,80,80,80,80,80],"card_choices":[{"not_picked":["Flex","Anger"],"picked":"Rampage","floor":1.0},{"not_picked":["Dual Wield","Heavy Blade"],"picked":"True Grit","floor":2.0},{"not_picked":["Second Wind","Armaments"],"picked":"Pommel Strike","floor":4.0},{"not_picked":["Perfected Strike","Bludgeon"],"picked":"Infernal Blade","floor":5.0},{"not_picked":["Warcry","Infernal Blade"],"picked":"Thunderclap","floor":7.0},{"not_picked":["Wild Strike","Berserk"],"picked":"Burning Pact","floor":8.0},{"not_picked":["Rupture","Thunderclap"],"picked":"Headbutt","floor":11.0},{"not_picked":["Twin Strike","Wild Strike","Clash"],"picked":"SKIP","floor":12.0},{"not_picked":["Iron Wave","Searing Blow"],"picked":"Shrug It Off","floor":13.0},{"not_picked":["Limit Break","Juggernaut"],"picked":"Offering","floor":16},{"not_picked":["Fire Breathing","Wild Strike"],"picked":"Spot Weakness","floor":18},{"not_picked":["Thunderclap","Cleave+1","Clash"],"picked":"SKIP","floor":22},{"not_picked":["Wild Strike","Warcry","Reckless Charge"],"picked":"SKIP","floor":23},{"not_picked":["Fire Breathing","Hemokinesis+1","Rupture"],"picked":"SKIP","floor":25},{"not_picked":["Evolve+1","Havoc+1"],"picked":"Battle Trance","floor":28},{"not_picked":["Perfected Strike","Sword Boomerang+1"],"picked":"True Grit","floor":30},{"not_picked":["Infernal Blade","Sever Soul","Pommel Strike"],"picked":"SKIP","floor":31}],"player_experience":875943,"relics_obtained":[{"floor":8.0,"key":"Lantern"},{"floor":13.0,"key":"Blood Vial"},{"floor":21,"key":"Necronomicon"},{"floor":23,"key":"Tiny Chest"},{"floor":25,"key":"Bag of Preparation"},{"floor":26,"key":"Blue Candle"}],"event_choices":[{"damage_healed":0.0,"max_hp_gain":0.0,"max_hp_loss":0.0,"gold_gain":0.0,"event_name":"Match and Keep!","player_choice":"1 cards matched","floor":3.0,"gold_loss":0.0,"damage_taken":0.0,"cards_obtained":["Dramatic Entrance"]},{"damage_healed":0.0,"max_hp_gain":0.0,"max_hp_loss":0.0,"gold_gain":175.0,"event_name":"Liars Game","player_choice":"AGREE","floor":14.0,"gold_loss":0.0,"damage_taken":0.0,"cards_obtained":["Doubt"]},{"damage_healed":0,"gold_gain":0,"player_choice":"Ignored","damage_taken":0,"max_hp_gain":0,"max_hp_loss":0,"event_name":"Ghosts","floor":19,"gold_loss":0},{"damage_healed":0,"gold_gain":0,"player_choice":"Obtained Book","damage_taken":16,"max_hp_gain":0,"max_hp_loss":0,"event_name":"Cursed Tome","floor":21,"gold_loss":0},{"damage_healed":0,"gold_gain":0,"cards_transformed":["Strike_R","Strike_R"],"player_choice":"Became Test Subject","damage_taken":0,"max_hp_gain":0,"max_hp_loss":0,"event_name":"Drug Dealer","floor":27,"gold_loss":0,"cards_obtained":["Rupture","Dual Wield"]}],"is_beta":false,"boss_relics":[{"not_picked":["Lizard Tail","Velvet Choker"],"picked":"Sozu"}],"items_purged_floors":[20],"is_endless":false,"potions_floor_spawned":[5,7,8,11,16,18,28,31],"killed_by":"Collector","ascension_level":0}