{"gold_per_floor":[112,92,103,28,28,28,58,58,84,111,111,121,148,298,298,298],"floor_reached":16,"playtime":545,"items_purged":[],"score":203,"play_id":"df9205b1-d68f-4dcd-910b-9f7541af99c5","local_time":"20191006193830","is_ascension_mode":true,"campfire_choices":[{"data":"Anger","floor":6.0,"key":"SMITH"},{"floor":8.0,"key":"REST"},{"floor":11.0,"key":"DIG"},{"data":"Uppercut","floor":15.0,"key":"SMITH"}],"neow_cost":"PERCENT_DAMAGE","seed_source_timestamp":1142680759569100,"circlet_count":0,"master_deck":["AscendersBane","Strike_R","Strike_R","Strike_R","Strike_R","Defend_R","Defend_R+1","Defend_R+1","Defend_R+1","Bash+1","Burning Pact","Anger+1","Spot Weakness","Uppercut+1","Limit Break","Doubt"],"special_seed":0,"relics":["Burning Blood","WingedGreaves","War Paint","Smiling Mask","Shovel","Pear","Sundial"],"potions_floor_usage":[16,16],"damage_taken":[{"damage":0.0,"enemies":"Small Slimes","floor":1.0,"turns":4.0},{"damage":6.0,"enemies":"Cultist","floor":3.0,"turns":4.0},{"damage":24.0,"enemies":"Gremlin Nob","floor":7.0,"turns":4.0},{"damage":13.0,"enemies":"3 Sentries","floor":10.0,"turns":9.0},{"damage":1.0,"enemies":"2 Louse","floor":12.0,"turns":3.0},{"damage":28.0,"enemies":"Gremlin Nob","floor":13.0,"turns":4.0},{"damage":17,"enemies":"Slime Boss","floor":16,"turns":5}],"seed_played":"3149600224671154810","potions_obtained":[{"floor":2.0,"key":"Weak Potion"},{"floor":3.0,"key":"PowerPotion"},{"floor":7.0,"key":"DuplicationPotion"},{"floor":12.0,"key":"SkillPotion"}],"is_trial":false,"path_per_floor":["M","?","M","?","?","R","E","R","T","E","R","M","E","?","R","B"],"character_chosen":"IRONCLAD","items_purchased":[],"campfire_rested":1,"item_purchase_floors":[],"current_hp_per_floor":[56,56,56,56,33,33,15,37,37,30,40,45,23,23,23,6],"gold":298,"neow_bonus":"ONE_RARE_RELIC","is_prod":false,"is_daily":false,"chose_seed":false,"campfire_upgraded":2,"win_rate":0,"timestamp":1570383510,"path_taken":["M","?","?","?","?","R","E","R","T","E","R","M","E","?","R","BOSS"],"build_version":"2019-10-04","purchased_purges":0,"victory":false,"max_hp_per_floor":[75,75,75,75,75,75,75,75,75,75,85,85,85,85,85,85],"card_choices":[{"not_picked":["Warcry","Sentinel"],"picked":"Burning Pact","floor":1.0},{"not_picked":["Warcry","Heavy Blade"],"picked":"Anger","floor":3.0},{"not_picked":["Limit Break","Havoc","Clothesline"],"picked":"SKIP","floor":7.0},{"not_picked":["Body Slam","Brutality"],"picked":"Spot Weakness","floor":10.0},{"not_picked":["Anger","Wild Strike"],"picked":"Uppercut","floor":12.0},{"not_picked":["Searing Blow","Clothesline"],"picked":"Limit Break","floor":13.0}],"player_experience":936142,"relics_obtained":[{"floor":7.0,"key":"War Paint"},{"floor":9.0,"key":"Smiling Mask"},{"floor":10.0,"key":"Shovel"},{"floor":11.0,"key":"Pear"},{"floor":13.0,"key":"Sundial"}],"event_choices":[{"damage_healed":0.0,"max_hp_gain":0.0,"max_hp_loss":0.0,"gold_gain":0.0,"event_name":"The Woman in Blue","player_choice":"Bought 1 Potion","floor":2.0,"gold_loss":0.0,"damage_taken":0.0},{"cards_removed":["Strike_R"],"damage_healed":0.0,"max_hp_gain":0.0,"max_hp_loss":0.0,"gold_gain":0.0,"event_name":"The Cleric","player_choice":"Card Removal","floor":4.0,"gold_loss":75.0,"damage_taken":0.0},{"damage_healed":0.0,"max_hp_gain":0.0,"max_hp_loss":0.0,"gold_gain":0.0,"event_name":"Shining Light","player_choice":"Entered Light","floor":5.0,"gold_loss":0.0,"damage_taken":23.0,"cards_upgraded":["Bash","Defend_R"]},{"damage_healed":0.0,"max_hp_gain":0.0,"max_hp_loss":0.0,"gold_gain":150.0,"event_name":"Liars Game","player_choice":"AGREE","floor":14.0,"gold_loss":0.0,"damage_taken":0.0,"cards_obtained":["Doubt"]}],"is_beta":true,"boss_relics":[],"items_purged_floors":[],"is_endless":false,"potions_floor_spawned":[3,7,12],"killed_by":"Slime Boss","ascension_level":15}