{"gold_per_floor":[360,360,72,72,87,114,125,125,125,139,165,185,185,213,213,289,289,304,70,86,11,11,39,39,68,92,92,112,112,132,158,158,229,229,248,263,163,163,163,163,191,191,259,259,559,578,607,620,620,620],"floor_reached":51,"playtime":3013,"items_purged":["Regret","Writhe"],"score":1475,"play_id":"e6142dab-42e4-4ad1-a7b6-fcb044fba92f","local_time":"20190603001425","is_ascension_mode":true,"campfire_choices":[{"floor":8.0,"key":"REST"},{"floor":13.0,"key":"REST"},{"data":"Noxious Fumes","floor":15.0,"key":"SMITH"},{"floor":24.0,"key":"REST"},{"floor":29.0,"key":"REST"},{"floor":32.0,"key":"REST"},{"floor":40,"key":"REST"},{"floor":42,"key":"REST"},{"floor":44,"key":"REST"},{"floor":49,"key":"REST"}],"neow_cost":"TEN_PERCENT_HP_LOSS","seed_source_timestamp":177307480386407,"circlet_count":0,"master_deck":["AscendersBane","Defend_G+1","Defend_G+1","Defend_G+1","Defend_G+1","Defend_G+1","Strike_G+1","Strike_G+1","Strike_G+1","Strike_G+1","Survivor","Neutralize+1","Backstab","Adrenaline","Deadly Poison","Backflip","Deflect","Noxious Fumes+1","After Image","Skewer+1","Blur","Crippling Poison","Deadly Poison+1","Caltrops+1","Catalyst","Footwork","Dash+1","Noxious Fumes","Malaise","Leg Sweep","PiercingWail","Leg Sweep+1","Endless Agony+1"],"special_seed":0,"relics":["Ring of the Serpent","Paper Crane","TwistedFunnel","Incense Burner","Bag of Marbles","Dream Catcher","Boot","Centennial Puzzle","Bronze Scales","Molten Egg 2","Dead Branch","Potion Belt","Calipers","Black Star","Vajra","Art of War","Bottled Flame","Old Coin","Ancient Tea Set","Nunchaku"],"potions_floor_usage":[50,50,50,50],"damage_taken":[{"damage":3.0,"enemies":"Small Slimes","floor":1.0,"turns":5.0},{"damage":1.0,"enemies":"2 Louse","floor":5.0,"turns":3.0},{"damage":36.0,"enemies":"Gremlin Nob","floor":6.0,"turns":6.0},{"damage":0.0,"enemies":"Cultist","floor":7.0,"turns":3.0},{"damage":10.0,"enemies":"Large Slime","floor":10.0,"turns":5.0},{"damage":9.0,"enemies":"Lagavulin","floor":11.0,"turns":5.0},{"damage":1.0,"enemies":"Looter","floor":12.0,"turns":2.0},{"damage":3.0,"enemies":"Gremlin Nob","floor":14.0,"turns":4.0},{"damage":7.0,"enemies":"The Guardian","floor":16.0,"turns":9.0},{"damage":13.0,"enemies":"Shell Parasite","floor":18.0,"turns":5.0},{"damage":0.0,"enemies":"3 Byrds","floor":20.0,"turns":4.0},{"damage":31.0,"enemies":"Gremlin Leader","floor":23.0,"turns":8.0},{"damage":19.0,"enemies":"Slavers","floor":25.0,"turns":4.0},{"damage":11.0,"enemies":"Snake Plant","floor":28.0,"turns":2.0},{"damage":0.0,"enemies":"Shelled Parasite and Fungi","floor":30.0,"turns":5.0},{"damage":7.0,"enemies":"Gremlin Leader","floor":31.0,"turns":5.0},{"damage":33,"enemies":"Collector","floor":33,"turns":8},{"damage":7,"enemies":"3 Darklings","floor":35,"turns":5},{"damage":8,"enemies":"Orb Walker","floor":36,"turns":3},{"damage":34,"enemies":"Nemesis","floor":41,"turns":9},{"damage":5,"enemies":"3 Darklings","floor":46,"turns":3},{"damage":37,"enemies":"Giant Head","floor":47,"turns":9},{"damage":3,"enemies":"Writhing Mass","floor":48,"turns":6},{"damage":5,"enemies":"Awakened One","floor":50,"turns":18}],"seed_played":"-4920853956288020314","potions_obtained":[{"floor":5.0,"key":"PowerPotion"},{"floor":6.0,"key":"LiquidBronze"},{"floor":20.0,"key":"Regen Potion"},{"floor":28.0,"key":"SkillPotion"},{"floor":33,"key":"FearPotion"},{"floor":35,"key":"Weak Potion"},{"floor":47,"key":"LiquidBronze"}],"is_trial":false,"path_per_floor":["M","?","$","?","M","E","M","R","T","M","E","M","R","E","R","B",null,"M","$","M","?","?","E","R","E","T","?","M","R","M","E","R","B",null,"M","M","$","?","?","R","E","R","T","R","T","M","E","M","R","B",null],"character_chosen":"THE_SILENT","items_purchased":["TwistedFunnel","Centennial Puzzle","Blur"],"campfire_rested":9,"item_purchase_floors":[3,19,19],"current_hp_per_floor":[56,56,56,56,55,19,19,37,37,27,18,17,35,32,32,25,51,38,38,38,38,38,7,25,20,20,20,9,27,27,20,38,5,46,39,31,31,31,31,48,14,31,31,48,48,43,6,3,20,15],"gold":620,"neow_bonus":"TWO_FIFTY_GOLD","is_prod":false,"is_daily":false,"chose_seed":false,"campfire_upgraded":1,"win_rate":0,"timestamp":1559513665,"path_taken":["M","?","$","?","?","E","M","R","T","M","E","M","R","E","R","BOSS","M","$","M","?","?","E","R","E","T","?","?","R","M","E","R","BOSS","M","M","$","?","?","R","E","R","T","R","?","M","E","M","R","BOSS"],"build_version":"2019-01-23","purchased_purges":2,"victory":true,"max_hp_per_floor":[60,60,60,60,60,60,60,60,60,60,60,60,60,60,60,60,60,60,60,60,60,60,60,60,60,60,60,60,60,60,60,60,60,60,60,60,60,57,57,57,57,57,57,57,57,57,57,57,57,57],"card_choices":[{"not_picked":["Prepared","Blade Dance","Sucker Punch"],"picked":"SKIP","floor":1.0},{"not_picked":["Blade Dance","Deflect"],"picked":"Backstab","floor":5.0},{"not_picked":["Predator","Tactician"],"picked":"Adrenaline","floor":6.0},{"not_picked":["Expertise","Deflect"],"picked":"Deadly Poison","floor":7.0},{"not_picked":["Deflect","Tactician"],"picked":"Backflip","floor":10.0},{"not_picked":["Storm of Steel","Eviscerate"],"picked":"Deflect","floor":11.0},{"not_picked":["Bane","Reflex"],"picked":"Crippling Poison","floor":12.0},{"not_picked":["Riddle With Holes","Dagger Throw"],"picked":"Noxious Fumes","floor":13.0},{"not_picked":["Reflex","Slice","Concentrate"],"picked":"SKIP","floor":14.0},{"not_picked":["Malaise","A Thousand Cuts"],"picked":"After Image","floor":16.0},{"not_picked":["Masterful Stab","PiercingWail"],"picked":"Skewer+1","floor":18.0},{"not_picked":["Dodge and Roll","Prepared"],"picked":"Crippling Poison","floor":20.0},{"not_picked":["Poisoned Stab","Masterful Stab"],"picked":"Deadly Poison+1","floor":23.0},{"not_picked":["Dagger Throw+1","Deadly Poison"],"picked":"Caltrops+1","floor":25.0},{"not_picked":["Expertise","Predator+1"],"picked":"Catalyst","floor":28.0},{"not_picked":["PiercingWail","Underhanded Strike+1"],"picked":"Footwork","floor":29.0},{"not_picked":["Leg Sweep","Dagger Spray+1"],"picked":"Dash+1","floor":30.0},{"not_picked":["Prepared","Choke+1","Bane+1"],"picked":"SKIP","floor":31.0},{"not_picked":["Tools of the Trade","Backstab+1"],"picked":"Noxious Fumes","floor":32.0},{"not_picked":["Burst","Storm of Steel"],"picked":"Malaise","floor":33},{"not_picked":["Caltrops","Poisoned Stab+1"],"picked":"Leg Sweep","floor":35},{"not_picked":["Outmaneuver","Finisher+1","Acrobatics"],"picked":"SKIP","floor":36},{"not_picked":["Tactician","Masterful Stab+1"],"picked":"PiercingWail","floor":41},{"not_picked":["Slice+1","Escape Plan+1"],"picked":"Leg Sweep+1","floor":42},{"not_picked":["Infinite Blades","Venomology","Blade Dance"],"picked":"SKIP","floor":46},{"not_picked":["Dagger Throw+1","Skewer+1","Noxious Fumes"],"picked":"SKIP","floor":47},{"not_picked":["Deflect","Sucker Punch+1","Dagger Throw+1"],"picked":"SKIP","floor":48},{"not_picked":["Flying Knee+1","Deadly Poison"],"picked":"Endless Agony+1","floor":49}],"player_experience":441244,"relics_obtained":[{"floor":6.0,"key":"Incense Burner"},{"floor":9.0,"key":"Bag of Marbles"},{"floor":11.0,"key":"Dream Catcher"},{"floor":14.0,"key":"Boot"},{"floor":23.0,"key":"Molten Egg 2"},{"floor":25.0,"key":"Dead Branch"},{"floor":26.0,"key":"Potion Belt"},{"floor":31.0,"key":"Calipers"},{"floor":41,"key":"Vajra"},{"floor":41,"key":"Art of War"},{"floor":43,"key":"Bottled Flame"},{"floor":45,"key":"Old Coin"},{"floor":47,"key":"Ancient Tea Set"},{"floor":47,"key":"Nunchaku"}],"event_choices":[{"damage_healed":0.0,"max_hp_gain":0.0,"max_hp_loss":0.0,"gold_gain":0.0,"event_name":"Big Fish","player_choice":"Box","floor":2.0,"gold_loss":0.0,"damage_taken":0.0,"relics_obtained":["Paper Crane"],"cards_obtained":["Regret"]},{"damage_healed":0.0,"max_hp_gain":0.0,"max_hp_loss":0.0,"gold_gain":0.0,"event_name":"Upgrade Shrine","player_choice":"Upgraded","floor":4.0,"gold_loss":0.0,"damage_taken":0.0,"cards_upgraded":["Neutralize"]},{"cards_removed":["Strike_G"],"damage_healed":0.0,"max_hp_gain":0.0,"max_hp_loss":0.0,"gold_gain":0.0,"event_name":"Beggar","player_choice":"Gave Gold","floor":21.0,"gold_loss":75.0,"damage_taken":0.0},{"damage_healed":0.0,"max_hp_gain":0.0,"max_hp_loss":0.0,"gold_gain":0.0,"event_name":"The Mausoleum","player_choice":"Opened","floor":22.0,"gold_loss":0.0,"damage_taken":0.0,"relics_obtained":["Bronze Scales"],"cards_obtained":["Writhe"]},{"damage_healed":0.0,"max_hp_gain":0.0,"max_hp_loss":0.0,"gold_gain":0.0,"event_name":"Back to Basics","player_choice":"Simplicity","floor":27.0,"gold_loss":0.0,"damage_taken":0.0,"cards_upgraded":["Defend_G","Defend_G","Defend_G","Defend_G","Defend_G","Strike_G","Strike_G","Strike_G","Strike_G"]},{"damage_healed":0,"gold_gain":0,"player_choice":"Max HP","damage_taken":0,"max_hp_gain":0,"max_hp_loss":3,"event_name":"Winding Halls","floor":38,"gold_loss":0},{"cards_removed":["Crippling Poison"],"damage_healed":0,"gold_gain":0,"player_choice":"Removed Skill","damage_taken":0,"max_hp_gain":0,"max_hp_loss":0,"event_name":"Falling","floor":39,"gold_loss":0}],"is_beta":false,"boss_relics":[{"not_picked":["Astrolabe","Velvet Choker"],"picked":"Ring of the Serpent"},{"not_picked":["Lizard Tail","Runic Pyramid"],"picked":"Black Star"}],"items_purged_floors":[3,37],"is_endless":false,"potions_floor_spawned":[5,6,11,14,18,20,28,33,35,47],"ascension_level":19}