{"gold_per_floor":[110,35,11,11,25,25,60,60,60,60,60,72,72,101,113,201,213,242,254,266,259,281,293,339,378,390,402],"floor_reached":27,"playtime":1131,"items_purged":[],"score":459,"play_id":"37bdec46-8c52-4e7c-ba7f-cd8abea116c6","local_time":"20190723183351","is_ascension_mode":true,"campfire_choices":[{"data":"Deadly Poison","floor":6,"key":"SMITH"},{"data":"Malaise","floor":10,"key":"SMITH"},{"data":"Leg Sweep","floor":15,"key":"SMITH"},{"data":"Bouncing Flask","floor":23,"key":"SMITH"}],"neow_cost":"NONE","seed_source_timestamp":1070120791631917,"circlet_count":0,"master_deck":["AscendersBane","Strike_G","Strike_G+1","Strike_G","Strike_G+1","Defend_G","Defend_G","Defend_G","Defend_G","Defend_G","Survivor","Neutralize","Deadly Poison+1","Quick Slash","Malaise+1","Caltrops","Backflip","Leg Sweep+1","Die Die Die","Calculated Gamble","PiercingWail","Bouncing Flask+1","Backflip","Venomology"],"relics":["Ring of the Serpent","NeowsBlessing","Prayer Wheel","Blood Vial","MawBank","Strawberry","Red Mask","Ninja Scroll","Question Card"],"potions_floor_usage":[24,25,25,27,27],"damage_taken":[{"damage":0,"enemies":"Jaw Worm","floor":1,"turns":1},{"damage":0,"enemies":"Small Slimes","floor":5,"turns":1},{"damage":0,"enemies":"Lagavulin","floor":7,"turns":1},{"damage":0,"enemies":"2 Louse","floor":12,"turns":4},{"damage":22,"enemies":"3 Sentries","floor":14,"turns":9},{"damage":14,"enemies":"The Guardian","floor":16,"turns":12},{"damage":8,"enemies":"Chosen","floor":18,"turns":7},{"damage":12,"enemies":"2 Thieves","floor":21,"turns":4},{"damage":9,"enemies":"Snake Plant","floor":22,"turns":6},{"damage":31,"enemies":"Masked Bandits","floor":24,"turns":6},{"damage":12,"enemies":"Book of Stabbing","floor":25,"turns":6},{"damage":19,"enemies":"Sentry and Sphere","floor":27,"turns":5}],"seed_played":"-6934376983136374782","potions_obtained":[{"floor":14,"key":"Poison Potion"},{"floor":16,"key":"Fire Potion"},{"floor":24,"key":"Energy Potion"},{"floor":25,"key":"Regen Potion"}],"is_trial":false,"path_per_floor":["M","?","$","?","M","R","E","?","T","R","?","M","T","E","R","B",null,"M","T","?","M","M","R","?","E","T","M"],"character_chosen":"THE_SILENT","items_purchased":["Quick Slash"],"campfire_rested":0,"item_purchase_floors":[3],"current_hp_per_floor":[59,59,59,39,39,39,39,39,39,39,44,44,44,24,24,12,56,50,57,57,47,40,40,11,1,1,0],"gold":402,"neow_bonus":"THREE_ENEMY_KILL","is_prod":false,"is_daily":false,"chose_seed":false,"campfire_upgraded":4,"win_rate":0,"timestamp":1563899631,"path_taken":["M","?","$","?","M","R","E","?","T","R","?","M","?","E","R","BOSS","M","?","?","M","M","R","?","E","T","?"],"build_version":"2019-07-17","purchased_purges":0,"victory":false,"max_hp_per_floor":[66,66,66,66,66,66,66,66,66,66,71,71,71,71,71,71,71,71,78,78,78,78,78,78,78,78,78],"card_choices":[{"not_picked":["Predator","Slice"],"picked":"Deadly Poison","floor":1},{"not_picked":["Flechettes","Blade Dance","Sucker Punch"],"picked":"SKIP","floor":5},{"not_picked":["Eviscerate","Dagger Throw"],"picked":"Malaise","floor":7},{"not_picked":["Outmaneuver","Flechettes"],"picked":"Caltrops","floor":12},{"not_picked":["Escape Plan","Quick Slash"],"picked":"Backflip","floor":12},{"not_picked":["Quick Slash","Tactician"],"picked":"Leg Sweep","floor":14},{"not_picked":["Venomology","Grand Finale"],"picked":"Die Die Die","floor":16},{"not_picked":["Blade Dance","Flying Knee"],"picked":"Calculated Gamble","floor":18},{"not_picked":["Terror","Escape Plan"],"picked":"PiercingWail","floor":18},{"not_picked":["Quick Slash","Endless Agony"],"picked":"Bouncing Flask","floor":21},{"not_picked":["Outmaneuver","Bane","Prepared+1"],"picked":"SKIP","floor":21},{"not_picked":["Deadly Poison","Bouncing Flask"],"picked":"Backflip","floor":22},{"not_picked":["Blade Dance","Bane","Deadly Poison"],"picked":"SKIP","floor":22},{"not_picked":["Flying Knee","Deadly Poison"],"picked":"Venomology","floor":25}],"player_experience":685921,"relics_obtained":[{"floor":7,"key":"Prayer Wheel"},{"floor":13,"key":"Blood Vial"},{"floor":14,"key":"MawBank"},{"floor":19,"key":"Strawberry"},{"floor":24,"key":"Red Mask"},{"floor":25,"key":"Ninja Scroll"},{"floor":26,"key":"Question Card"}],"event_choices":[{"cards_removed":["Strike_G"],"damage_healed":0,"gold_gain":0,"player_choice":"Card Removal","damage_taken":0,"max_hp_gain":0,"max_hp_loss":0,"event_name":"The Cleric","floor":2,"gold_loss":75},{"damage_healed":0,"gold_gain":0,"player_choice":"Entered Light","damage_taken":20,"max_hp_gain":0,"max_hp_loss":0,"event_name":"Shining Light","floor":4,"gold_loss":0,"cards_upgraded":["Strike_G","Strike_G"]},{"damage_healed":0,"gold_gain":0,"player_choice":"Ignored","damage_taken":0,"max_hp_gain":0,"max_hp_loss":0,"event_name":"Liars Game","floor":8,"gold_loss":0},{"damage_healed":0,"gold_gain":0,"player_choice":"Donut","damage_taken":0,"max_hp_gain":5,"max_hp_loss":0,"event_name":"Big Fish","floor":11,"gold_loss":0},{"damage_healed":0,"gold_gain":0,"player_choice":"Ignored","damage_taken":0,"max_hp_gain":0,"max_hp_loss":0,"event_name":"The Mausoleum","floor":20,"gold_loss":0},{"damage_healed":0,"gold_gain":0,"player_choice":"Fought Bandits","damage_taken":0,"max_hp_gain":0,"max_hp_loss":0,"event_name":"Masked Bandits","floor":24,"gold_loss":0}],"is_beta":false,"boss_relics":[{"not_picked":["Calling Bell","Ectoplasm"],"picked":"Ring of the Serpent"}],"items_purged_floors":[],"is_endless":false,"potions_floor_spawned":[14,16,18,21,24,25],"killed_by":"Sentry and Sphere","ascension_level":15}