{"gold_per_floor":[116,116,116,140,15,58,58,98,124,124,124,145,168,189,189,287,287,309,316,336,352,371,419,419,464,491,534,25,61,61,99,99,195,195,232,255,255,320,320],"floor_reached":39,"playtime":3091,"items_purged":["Strike_R"],"score":849,"play_id":"28094909-4809-4183-88b7-06a389875cf5","local_time":"20191007125016","is_ascension_mode":true,"campfire_choices":[{"data":"Uppercut","floor":7.0,"key":"SMITH"},{"data":"True Grit","floor":10.0,"key":"SMITH"},{"data":"Inflame","floor":15.0,"key":"SMITH"},{"data":"J.A.X.","floor":24.0,"key":"SMITH"},{"data":"Evolve","floor":30.0,"key":"SMITH"},{"data":"Battle Trance","floor":32.0,"key":"SMITH"}],"neow_cost":"TEN_PERCENT_HP_LOSS","seed_source_timestamp":1201948062588600,"circlet_count":0,"master_deck":["AscendersBane","Strike_R","Strike_R","Strike_R","Strike_R","Defend_R","Defend_R","Defend_R","Defend_R","Bash","Inflame+1","True Grit+1","Uppercut+1","Shrug It Off","Flame Barrier+1","Reaper","Power Through","Disarm","Reaper","Sword Boomerang","J.A.X.+1","Shrug It Off","Evolve+1","Shrug It Off","Offering","Twin Strike+1","Battle Trance+1","Exhume","Shrug It Off","Sword Boomerang","Power Through","Shrug It Off"],"special_seed":0,"relics":["Burning Blood","Calipers","Golden Idol","Oddly Smooth Stone","Blood Vial","CeramicFish","Coffee Dripper","Prayer Wheel","WingedGreaves","Omamori","Pen Nib","Pear","Bronze Scales","SlaversCollar","Girya"],"potions_floor_usage":[37,39],"damage_taken":[{"damage":6.0,"enemies":"2 Louse","floor":1.0,"turns":3.0},{"damage":4.0,"enemies":"Small Slimes","floor":4.0,"turns":4.0},{"damage":34.0,"enemies":"3 Sentries","floor":6.0,"turns":10.0},{"damage":19.0,"enemies":"Gremlin Nob","floor":8.0,"turns":5.0},{"damage":1.0,"enemies":"Cultist","floor":12.0,"turns":4.0},{"damage":14.0,"enemies":"Exordium Thugs","floor":13.0,"turns":6.0},{"damage":12.0,"enemies":"Large Slime","floor":14.0,"turns":6.0},{"damage":35.0,"enemies":"Hexaghost","floor":16.0,"turns":16.0},{"damage":6.0,"enemies":"3 Byrds","floor":18.0,"turns":8.0},{"damage":12.0,"enemies":"Chosen","floor":20.0,"turns":6.0},{"damage":32.0,"enemies":"3 Cultists","floor":21.0,"turns":7.0},{"damage":19.0,"enemies":"Snecko","floor":22.0,"turns":5.0},{"damage":39.0,"enemies":"Book of Stabbing","floor":23.0,"turns":6.0},{"damage":56.0,"enemies":"Gremlin Leader","floor":25.0,"turns":7.0},{"damage":42.0,"enemies":"Book of Stabbing","floor":27.0,"turns":8.0},{"damage":29.0,"enemies":"Slavers","floor":29.0,"turns":6.0},{"damage":9.0,"enemies":"Cultist and Chosen","floor":31.0,"turns":6.0},{"damage":107.0,"enemies":"Collector","floor":33.0,"turns":11.0},{"damage":35.0,"enemies":"Orb Walker","floor":35.0,"turns":4.0},{"damage":20.0,"enemies":"3 Shapes","floor":36.0,"turns":7.0},{"damage":0,"enemies":"Sphere and 2 Shapes","floor":37,"turns":1},{"damage":88,"enemies":"2 Orb Walkers","floor":38,"turns":7},{"damage":35,"enemies":"Transient","floor":39,"turns":3}],"seed_played":"4370225145750332060","potions_obtained":[{"floor":8.0,"key":"SpeedPotion"},{"floor":12.0,"key":"Fire Potion"},{"floor":14.0,"key":"Fire Potion"},{"floor":16.0,"key":"SneckoOil"},{"floor":21.0,"key":"Energy Potion"},{"floor":25.0,"key":"Explosive Potion"},{"floor":27.0,"key":"Fire Potion"},{"floor":33.0,"key":"SmokeBomb"},{"floor":35.0,"key":"Dexterity Potion"}],"is_trial":false,"path_per_floor":["M","?","?","M","$","E","R","E","T","R","?","M","M","M","R","B",null,"M","?","M","M","M","E","R","E","T","E","$","E","R","M","R","B",null,"M","M","M","?","M"],"character_chosen":"IRONCLAD","items_purchased":["Uppercut","Shrug It Off","Pear","Shrug It Off","Offering"],"campfire_rested":0,"item_purchase_floors":[5,5,28,28,28],"current_hp_per_floor":[68,68,61,63,63,35,35,22,22,22,22,29,35,31,31,14,55,64,64,68,63,52,45,45,29,29,16,26,41,41,54,54,8,61,64,73,78,18,0],"gold":320,"neow_bonus":"ONE_RARE_RELIC","is_prod":false,"is_daily":false,"chose_seed":false,"campfire_upgraded":6,"win_rate":0,"timestamp":1570445416,"path_taken":["M","?","?","M","$","E","R","E","T","R","?","M","?","M","R","BOSS","M","?","M","M","M","E","R","E","T","E","$","E","R","M","R","BOSS","M","M","M","?","M"],"build_version":"2019-10-04","purchased_purges":1,"victory":false,"max_hp_per_floor":[68,68,68,68,68,68,68,68,68,68,68,68,68,68,68,68,68,68,68,68,68,68,68,68,68,68,68,78,78,78,78,78,78,78,78,78,78,78,78],"card_choices":[{"not_picked":["Havoc","Searing Blow"],"picked":"Inflame","floor":1.0},{"not_picked":["Corruption","Heavy Blade"],"picked":"True Grit","floor":4.0},{"not_picked":["True Grit","Wild Strike"],"picked":"Flame Barrier","floor":6.0},{"not_picked":["Rage","Body Slam","Pommel Strike"],"picked":"SKIP","floor":8.0},{"not_picked":["Heavy Blade","Carnage"],"picked":"Reaper","floor":12.0},{"not_picked":["Clash","Rampage"],"picked":"Power Through","floor":13.0},{"not_picked":["Anger","Shrug It Off"],"picked":"Disarm","floor":14.0},{"not_picked":["Fiend Fire","Brutality"],"picked":"Reaper","floor":16.0},{"not_picked":["Flex","Heavy Blade"],"picked":"Sword Boomerang","floor":18.0},{"not_picked":["Thunderclap+1","Ghostly Armor","Dropkick"],"picked":"SKIP","floor":20.0},{"not_picked":["Heavy Blade","Rampage","Carnage"],"picked":"SKIP","floor":21.0},{"not_picked":["True Grit","Clothesline","Body Slam"],"picked":"SKIP","floor":22.0},{"not_picked":["Pummel","Fire Breathing"],"picked":"Shrug It Off","floor":23.0},{"not_picked":["Pummel","Cleave"],"picked":"Evolve","floor":25.0},{"not_picked":["Flex","Bloodletting","Rage"],"picked":"SKIP","floor":27.0},{"not_picked":["Havoc","Warcry","Sentinel"],"picked":"SKIP","floor":29.0},{"not_picked":["Havoc","Warcry","Sentinel"],"picked":"SKIP","floor":29.0},{"not_picked":["Iron Wave","Shrug It Off"],"picked":"Twin Strike+1","floor":31.0},{"not_picked":["Clash","Rampage"],"picked":"Battle Trance","floor":31.0},{"not_picked":["Barricade","Feed"],"picked":"Exhume","floor":33.0},{"not_picked":["Pommel Strike","Flex"],"picked":"Shrug It Off","floor":35.0},{"not_picked":["Anger","Metallicize"],"picked":"Sword Boomerang","floor":35.0},{"not_picked":["Heavy Blade","Pummel"],"picked":"Power Through","floor":36.0},{"not_picked":["Seeing Red","Cleave+1","Anger"],"picked":"SKIP","floor":36.0},{"not_picked":["Thunderclap","Ghostly Armor"],"picked":"Shrug It Off","floor":38}],"player_experience":948519,"relics_obtained":[{"floor":6.0,"key":"Oddly Smooth Stone"},{"floor":8.0,"key":"Blood Vial"},{"floor":9.0,"key":"CeramicFish"},{"floor":23.0,"key":"Prayer Wheel"},{"floor":25.0,"key":"WingedGreaves"},{"floor":26.0,"key":"Omamori"},{"floor":27.0,"key":"Pen Nib"},{"floor":29.0,"key":"Bronze Scales"},{"floor":38,"key":"Girya"}],"event_choices":[{"damage_healed":0.0,"max_hp_gain":0.0,"max_hp_loss":0.0,"gold_gain":0.0,"event_name":"Golden Idol","player_choice":"Take Wound","floor":2.0,"gold_loss":0.0,"damage_taken":0.0,"relics_obtained":["Golden Idol"],"cards_obtained":["Injury"]},{"cards_removed":["Injury"],"damage_healed":0.0,"max_hp_gain":0.0,"max_hp_loss":0.0,"gold_gain":0.0,"event_name":"Golden Wing","player_choice":"Card Removal","floor":3.0,"gold_loss":0.0,"damage_taken":7.0},{"damage_healed":0.0,"max_hp_gain":0.0,"max_hp_loss":0.0,"gold_gain":0.0,"event_name":"Upgrade Shrine","player_choice":"Upgraded","floor":11.0,"gold_loss":0.0,"damage_taken":0.0,"cards_upgraded":["Flame Barrier"]},{"damage_healed":0.0,"max_hp_gain":0.0,"max_hp_loss":0.0,"gold_gain":0.0,"event_name":"Drug Dealer","player_choice":"Obtain J.A.X.","floor":19.0,"gold_loss":0.0,"damage_taken":0.0,"cards_obtained":["J.A.X."]},{"damage_healed":0,"gold_gain":0,"player_choice":"Fight","damage_taken":0,"max_hp_gain":0,"max_hp_loss":0,"event_name":"Mysterious Sphere","floor":38,"gold_loss":0}],"is_beta":true,"boss_relics":[{"not_picked":["Black Star","Ectoplasm"],"picked":"Coffee Dripper"},{"not_picked":["Snecko Eye","Pandora\u0027s Box"],"picked":"SlaversCollar"}],"items_purged_floors":[28],"is_endless":false,"potions_floor_spawned":[8,12,13,14,16,21,25,27,33,35,37],"killed_by":"Transient","ascension_level":15}