{"gold_per_floor":[118,137,137,56,69,69,79,79,129,129,187,223,252,276,288,300],"floor_reached":16,"playtime":961,"items_purged":[],"score":124,"play_id":"583bb843-b307-47e1-88f5-ac9583681b32","local_time":"20180827160848","is_ascension_mode":true,"campfire_choices":[{"data":"Conserve Battery","floor":6,"key":"SMITH"},{"floor":10,"key":"REST"},{"floor":15,"key":"REST"}],"neow_cost":"NONE","seed_source_timestamp":1003031352324486,"circlet_count":0,"master_deck":["Strike_B+1","Strike_B","Strike_B","Strike_B","Defend_B","Defend_B","Defend_B","Defend_B","Zap","Dualcast","Cold Snap+1","Chill","Glacier","Conserve Battery+1","Melter","Rip and Tear","Machine Learning","Beam Cell","Chill"],"relics":["Cracked Core","Strawberry","Vajra","MawBank","Odd Mushroom"],"potions_floor_usage":[16],"damage_taken":[{"damage":2,"enemies":"Jaw Worm","floor":1,"turns":3},{"damage":0,"enemies":"Small Slimes","floor":2,"turns":3},{"damage":0,"enemies":"Cultist","floor":5,"turns":3},{"damage":5,"enemies":"Large Slime","floor":7,"turns":8},{"damage":28,"enemies":"Lagavulin Event","floor":11,"turns":5},{"damage":8,"enemies":"The Mushroom Lair","floor":12,"turns":5},{"damage":3,"enemies":"Blue Slaver","floor":13,"turns":2},{"damage":9,"enemies":"Looter","floor":14,"turns":2},{"damage":52,"enemies":"Slime Boss","floor":16,"turns":11}],"seed_played":"-4620624670565161820","potions_obtained":[{"floor":2,"key":"Ancient Potion"},{"floor":7,"key":"Poison Potion"},{"floor":11,"key":"SpeedPotion"}],"is_trial":false,"path_per_floor":["M","M","?","$","M","R","M","$","T","R","?","?","M","M","R"],"character_chosen":"DEFECT","items_purchased":["Glacier"],"campfire_rested":2,"item_purchase_floors":[4],"current_hp_per_floor":[73,73,57,57,57,57,52,52,52,76,48,40,37,28,52,0],"gold":300,"neow_bonus":"RANDOM_COMMON_RELIC","is_prod":false,"is_daily":false,"chose_seed":false,"campfire_upgraded":1,"win_rate":0,"timestamp":1535400528,"path_taken":["M","M","?","$","?","R","M","$","T","R","?","?","M","M","R","BOSS"],"build_version":"2018-08-23v2","purchased_purges":0,"victory":false,"max_hp_per_floor":[82,82,82,82,82,82,82,82,82,82,82,82,82,82,82,82],"card_choices":[{"not_picked":["Hologram","Coolheaded"],"picked":"Cold Snap","floor":1},{"not_picked":["White Noise","Gash"],"picked":"Chill","floor":2},{"not_picked":["Ball Lightning","Leap"],"picked":"Conserve Battery","floor":5},{"not_picked":["Compile Driver","Self Repair"],"picked":"Melter","floor":7},{"not_picked":["Hello World","Cold Snap"],"picked":"Rip and Tear","floor":11},{"not_picked":["Cold Snap","Fusion"],"picked":"Machine Learning","floor":12},{"not_picked":["Coolheaded","Cold Snap"],"picked":"Beam Cell","floor":13},{"not_picked":["Turbo","Hologram"],"picked":"Chill","floor":14}],"player_experience":313199,"relics_obtained":[{"floor":9,"key":"Vajra"},{"floor":11,"key":"MawBank"},{"floor":12,"key":"Odd Mushroom"}],"event_choices":[{"event_name":"Shining Light","player_choice":"Entered Light","floor":3,"damage_taken":0},{"event_name":"Dead Adventurer","player_choice":"Searched \u00272\u0027 times","floor":11,"damage_taken":0},{"event_name":"Mushrooms","player_choice":"Fought Mushrooms","floor":12,"damage_taken":0}],"is_beta":false,"boss_relics":[],"items_purged_floors":[],"is_endless":false,"potions_floor_spawned":[2,7,11],"killed_by":"Slime Boss","ascension_level":7}