{"gold_per_floor":[115,115,126,140,140,140,31,0,0,40,40,40,58,83,83,83],"floor_reached":16,"playtime":1026,"items_purged":["Strike_B"],"score":100,"play_id":"c21d6ee8-5509-42dd-b1dd-5d5804a949cc","local_time":"20191005205707","is_ascension_mode":false,"campfire_choices":[{"data":"Fission","floor":6,"key":"SMITH"},{"floor":11,"key":"REST"},{"floor":15,"key":"REST"}],"neow_cost":"NONE","seed_source_timestamp":107583608880700,"circlet_count":0,"master_deck":["Strike_B","Strike_B","Defend_B","Defend_B","Defend_B","Defend_B","Zap","Dualcast","Fission+1","Fusion","Capacitor","Compile Driver","Defragment","Tempest","Stack","White Noise"],"relics":["Cracked Core","Golden Idol","Bottled Flame","Potion Belt"],"potions_floor_usage":[10,16,16],"damage_taken":[{"damage":0,"enemies":"Small Slimes","floor":1,"turns":3},{"damage":7,"enemies":"2 Louse","floor":3,"turns":3},{"damage":11,"enemies":"Cultist","floor":4,"turns":5},{"damage":39,"enemies":"3 Sentries","floor":10,"turns":7},{"damage":11,"enemies":"2 Fungi Beasts","floor":13,"turns":3},{"damage":9,"enemies":"3 Louse","floor":14,"turns":4},{"damage":42,"enemies":"Hexaghost","floor":16,"turns":10}],"seed_played":"6430378653399949017","potions_obtained":[{"floor":3,"key":"Explosive Potion"},{"floor":10,"key":"FearPotion"},{"floor":13,"key":"Fire Potion"}],"is_trial":false,"path_per_floor":["M","?","M","M","?","R","$","?","T","E","R","?","M","M","R","B"],"character_chosen":"DEFECT","items_purchased":["Defragment"],"campfire_rested":2,"item_purchase_floors":[7],"current_hp_per_floor":[75,75,68,57,57,57,57,57,57,18,38,38,27,18,38,0],"gold":83,"neow_bonus":"ONE_RANDOM_RARE_CARD","is_prod":false,"is_daily":false,"chose_seed":false,"campfire_upgraded":1,"win_rate":0.0,"timestamp":1570323427,"path_taken":["M","?","M","M","?","R","$","?","T","E","R","?","?","M","R","BOSS"],"build_version":"2019-07-17","purchased_purges":1,"victory":false,"max_hp_per_floor":[75,75,75,75,69,69,69,69,69,69,69,69,69,69,69,69],"card_choices":[{"not_picked":["Leap","Steam"],"picked":"Fusion","floor":1},{"not_picked":["Coolheaded","Leap"],"picked":"Capacitor","floor":3},{"not_picked":["Beam Cell","Force Field"],"picked":"Compile Driver","floor":4},{"not_picked":["Rip and Tear","Go for the Eyes"],"picked":"Tempest","floor":10},{"not_picked":["Aggregate","Fusion"],"picked":"Stack","floor":13},{"not_picked":["Stack","Consume"],"picked":"White Noise","floor":14}],"player_experience":36624,"relics_obtained":[{"floor":9,"key":"Bottled Flame"},{"floor":10,"key":"Potion Belt"}],"event_choices":[{"damage_healed":0,"gold_gain":0,"player_choice":"Ignored","damage_taken":0,"max_hp_gain":0,"max_hp_loss":0,"event_name":"Liars Game","floor":2,"gold_loss":0},{"damage_healed":0,"gold_gain":0,"player_choice":"Lose Max HP","damage_taken":0,"relics_obtained":["Golden Idol"],"max_hp_gain":0,"max_hp_loss":6,"event_name":"Golden Idol","floor":5,"gold_loss":0},{"damage_healed":0,"gold_gain":0,"player_choice":"Left Gold","damage_taken":0,"max_hp_gain":0,"max_hp_loss":0,"event_name":"World of Goop","floor":8,"gold_loss":31},{"cards_removed":["Strike_B"],"damage_healed":0,"gold_gain":0,"player_choice":"Purged","damage_taken":0,"max_hp_gain":0,"max_hp_loss":0,"event_name":"Purifier","floor":12,"gold_loss":0}],"is_beta":false,"boss_relics":[],"items_purged_floors":[7],"is_endless":false,"potions_floor_spawned":[3,10,13],"killed_by":"Hexaghost","ascension_level":0}