{"gold_per_floor":[109,127,50,63,15,48,48,69,143,143,164,197,137,152,152,281,281,294,157,175,175,175],"floor_reached":22,"playtime":1565,"items_purged":["Doubt","Decay"],"score":196,"play_id":"6239c341-b652-4130-aa06-4417bedc9f8d","local_time":"20191010012032","is_ascension_mode":false,"campfire_choices":[{"floor":15,"key":"REST"}],"neow_cost":"CURSE","seed_source_timestamp":2744973349100,"circlet_count":0,"master_deck":["Strike_G","Strike_G","Strike_G","Defend_G","Defend_G","Defend_G","Defend_G","Survivor","Neutralize","Storm of Steel","Deflect","Dash","Accuracy","Expertise","Blade Dance","Accuracy","Cloak And Dagger","A Thousand Cuts","Noxious Fumes","Backflip","Escape Plan+1","Slice+1","A Thousand Cuts+1","Cloak And Dagger","Infinite Blades","Necronomicurse"],"relics":["Ring of the Snake","Mango","Golden Idol","The Courier","Snake Skull","Astrolabe","Necronomicon"],"potions_floor_usage":[6,16,16],"damage_taken":[{"damage":0,"enemies":"2 Louse","floor":1,"turns":5},{"damage":3,"enemies":"Jaw Worm","floor":2,"turns":5},{"damage":1,"enemies":"Cultist","floor":4,"turns":5},{"damage":30,"enemies":"Gremlin Nob","floor":6,"turns":6},{"damage":4,"enemies":"Red Slaver","floor":8,"turns":4},{"damage":3,"enemies":"Large Slime","floor":11,"turns":4},{"damage":23,"enemies":"3 Sentries","floor":12,"turns":9},{"damage":2,"enemies":"Looter","floor":14,"turns":5},{"damage":10,"enemies":"Hexaghost","floor":16,"turns":9},{"damage":5,"enemies":"3 Byrds","floor":18,"turns":3},{"damage":29,"enemies":"Spheric Guardian","floor":20,"turns":6},{"damage":34,"enemies":"Chosen and Byrds","floor":22,"turns":6}],"seed_played":"3446267438450140868","potions_obtained":[{"floor":1,"key":"Poison Potion"},{"floor":4,"key":"PowerPotion"},{"floor":8,"key":"Dexterity Potion"}],"is_trial":false,"path_per_floor":["M","M","$","M","$","E","?","M","T","?","M","E","$","M","R","B",null,"M","$","M","?","M"],"character_chosen":"THE_SILENT","items_purchased":["Accuracy","Blade Dance","Infinite Blades"],"campfire_rested":1,"item_purchase_floors":[3,5,19],"current_hp_per_floor":[70,67,67,66,66,50,50,46,46,46,43,20,20,18,41,31,78,73,73,44,28,0],"gold":175,"neow_bonus":"THREE_RARE_CARDS","is_prod":false,"is_daily":false,"chose_seed":false,"campfire_upgraded":0,"win_rate":0,"timestamp":1570684832,"path_taken":["M","M","$","M","$","E","?","M","T","?","M","E","$","M","R","BOSS","M","?","?","?","M"],"build_version":"2019-07-17","purchased_purges":2,"victory":false,"max_hp_per_floor":[70,70,70,70,70,84,78,78,78,78,78,78,78,78,78,78,78,78,78,78,78,78],"card_choices":[{"not_picked":["Glass Knife","Night Terror"],"picked":"Storm of Steel","floor":0},{"not_picked":["Concentrate","Deadly Poison"],"picked":"Deflect","floor":1},{"not_picked":["Outmaneuver","PiercingWail"],"picked":"Dash","floor":2},{"not_picked":["Flechettes","Outmaneuver"],"picked":"Expertise","floor":4},{"not_picked":["Deflect","Flying Knee"],"picked":"Accuracy","floor":6},{"not_picked":["Prepared","Blur"],"picked":"Cloak And Dagger","floor":8},{"not_picked":["Poisoned Stab","Underhanded Strike"],"picked":"A Thousand Cuts","floor":11},{"not_picked":["Concentrate","Prepared"],"picked":"Noxious Fumes","floor":12},{"not_picked":["Sucker Punch","Dagger Throw"],"picked":"Backflip","floor":14},{"not_picked":["Noxious Fumes+1","Footwork"],"picked":"Cloak And Dagger","floor":18},{"not_picked":["Cloak And Dagger","Backflip","Setup"],"picked":"SKIP","floor":20}],"player_experience":365581,"relics_obtained":[{"floor":6,"key":"Mango"},{"floor":9,"key":"The Courier"},{"floor":12,"key":"Snake Skull"},{"floor":21,"key":"Necronomicon"}],"event_choices":[{"damage_healed":0,"gold_gain":0,"player_choice":"Lose Max HP","damage_taken":0,"relics_obtained":["Golden Idol"],"max_hp_gain":0,"max_hp_loss":6,"event_name":"Golden Idol","floor":7,"gold_loss":0},{"damage_healed":0,"gold_gain":0,"player_choice":"Cursed","damage_taken":0,"max_hp_gain":0,"max_hp_loss":0,"event_name":"Wheel of Change","floor":10,"gold_loss":0,"cards_obtained":["Decay"]},{"damage_healed":0,"gold_gain":0,"player_choice":"Obtained Book","damage_taken":16,"max_hp_gain":0,"max_hp_loss":0,"event_name":"Cursed Tome","floor":21,"gold_loss":0}],"is_beta":false,"boss_relics":[{"not_picked":["Cursed Key","Velvet Choker"],"picked":"Astrolabe"}],"items_purged_floors":[13,19],"is_endless":false,"potions_floor_spawned":[1,4,8],"killed_by":"Chosen and Byrds","ascension_level":0}