{"gold_per_floor":[112,131,141,154,229,261,261,274,349,349,366,400,400,425,425,425],"floor_reached":16,"playtime":632,"items_purged":[],"score":345,"play_id":"b93a5f0c-ecef-4223-84a3-33e4950dc78e","local_time":"20190625160450","is_ascension_mode":true,"campfire_choices":[{"floor":7,"key":"REST"},{"floor":10,"key":"REST"},{"floor":13,"key":"REST"},{"data":"Sunder","floor":15,"key":"SMITH"}],"neow_cost":"NONE","seed_source_timestamp":141600221456491,"circlet_count":0,"master_deck":["AscendersBane","Strike_B","Strike_B","Strike_B","Strike_B","Defend_B","Defend_B","Defend_B","Defend_B","Zap","Dualcast","Sunder+1","Hologram","Conserve Battery","Steam","Writhe","Leap","Gash"],"special_seed":0,"relics":["Cursed Key","Bottled Lightning","Meat on the Bone","Dead Branch","Potion Belt"],"potions_floor_usage":[12],"damage_taken":[{"damage":1,"enemies":"Cultist","floor":1,"turns":3},{"damage":0,"enemies":"2 Louse","floor":2,"turns":2},{"damage":12,"enemies":"Small Slimes","floor":3,"turns":2},{"damage":0,"enemies":"Exordium Wildlife","floor":4,"turns":2},{"damage":17,"enemies":"Lagavulin","floor":6,"turns":6},{"damage":4,"enemies":"Looter","floor":8,"turns":2},{"damage":2,"enemies":"Red Slaver","floor":11,"turns":5},{"damage":46,"enemies":"Gremlin Nob","floor":12,"turns":5},{"damage":0,"enemies":"3 Sentries","floor":14,"turns":6},{"damage":56,"enemies":"The Guardian","floor":16,"turns":10}],"seed_played":"-7814207521983598701","potions_obtained":[{"floor":1,"key":"Explosive Potion"},{"floor":8,"key":"GamblersBrew"},{"floor":12,"key":"Explosive Potion"},{"floor":14,"key":"Ancient Potion"}],"is_trial":false,"path_per_floor":["M","M","M","M","?","E","R","M","T","R","M","E","R","E","R","B"],"character_chosen":"DEFECT","items_purchased":[],"campfire_rested":3,"item_purchase_floors":[],"current_hp_per_floor":[63,63,51,51,40,23,44,40,40,61,59,25,46,46,46,0],"gold":425,"neow_bonus":"BOSS_RELIC","is_prod":false,"is_daily":false,"chose_seed":false,"campfire_upgraded":1,"win_rate":0,"timestamp":1561471490,"path_taken":["M","M","?","M","?","E","R","M","T","R","M","E","R","E","R","BOSS"],"build_version":"2019-01-23","purchased_purges":0,"victory":false,"max_hp_per_floor":[71,71,71,71,71,71,71,71,71,71,71,71,71,71,71,71],"card_choices":[{"not_picked":["Reprogram","Cold Snap"],"picked":"Sunder","floor":1},{"not_picked":["Steam Power","BootSequence"],"picked":"Hologram","floor":2},{"not_picked":["Double Energy","Beam Cell"],"picked":"Conserve Battery","floor":3},{"not_picked":["Streamline","Rebound"],"picked":"Steam","floor":4},{"not_picked":["Chaos","Steam Power","Streamline"],"picked":"SKIP","floor":6},{"not_picked":["Steam Power","Beam Cell","Streamline"],"picked":"SKIP","floor":8},{"not_picked":["Steam","Barrage"],"picked":"Leap","floor":11},{"not_picked":["Hello World","Skim","Thunder Strike"],"picked":"SKIP","floor":12},{"not_picked":["Turbo","Steam"],"picked":"Gash","floor":14}],"player_experience":595306,"relics_obtained":[{"floor":6,"key":"Bottled Lightning"},{"floor":9,"key":"Meat on the Bone"},{"floor":12,"key":"Dead Branch"},{"floor":14,"key":"Potion Belt"}],"event_choices":[{"damage_healed":0,"gold_gain":75,"player_choice":"Gather Gold","damage_taken":11,"max_hp_gain":0,"max_hp_loss":0,"event_name":"World of Goop","floor":5,"gold_loss":0}],"is_beta":false,"boss_relics":[],"items_purged_floors":[],"is_endless":false,"potions_floor_spawned":[1,8,11,12,14],"killed_by":"The Guardian","ascension_level":15}