{"gold_per_floor":[115,67,67,32,48,48,74,74,148,167,167,180,180,212,212,212],"floor_reached":16,"playtime":1784,"items_purged":[],"score":108,"play_id":"6799e3d3-eec6-4796-8156-afc216e04aab","local_time":"20190305210832","is_ascension_mode":false,"campfire_choices":[{"data":"Bash","floor":6,"key":"SMITH"},{"data":"Rampage","floor":11,"key":"SMITH"},{"data":"Inflame","floor":15,"key":"SMITH"}],"neow_cost":"PERCENT_DAMAGE","seed_source_timestamp":3719108994033389,"circlet_count":0,"master_deck":["Strike_R","Strike_R","Strike_R","Strike_R","Defend_R","Defend_R","Defend_R","Bash+1","Sword Boomerang","Cleave","Regret","Inflame+1","Offering","Rampage+1","Shrug It Off","Flame Barrier"],"relics":["Burning Blood","Happy Flower","WingedGreaves","PreservedInsect","Boot","Unceasing Top"],"potions_floor_usage":[7],"damage_taken":[{"damage":1,"enemies":"Cultist","floor":1,"turns":3},{"damage":8,"enemies":"Jaw Worm","floor":5,"turns":3},{"damage":27,"enemies":"Gremlin Nob","floor":7,"turns":4},{"damage":9,"enemies":"Small Slimes","floor":10,"turns":3},{"damage":8,"enemies":"Red Slaver","floor":12,"turns":3},{"damage":12,"enemies":"Lagavulin","floor":14,"turns":3},{"damage":24,"enemies":"Hexaghost","floor":16,"turns":6}],"seed_played":"-7379970587733336744","potions_obtained":[{"floor":5,"key":"SkillPotion"},{"floor":10,"key":"SteroidPotion"}],"is_trial":false,"path_per_floor":["M","$","?","$","M","R","E","?","T","M","R","M","?","E","R","B"],"character_chosen":"IRONCLAD","items_purchased":["Cleave","Inflame"],"campfire_rested":0,"item_purchase_floors":[2,4],"current_hp_per_floor":[61,61,61,61,59,59,38,38,38,35,35,33,30,24,24,0],"gold":212,"neow_bonus":"REMOVE_TWO","is_prod":false,"is_daily":false,"chose_seed":false,"campfire_upgraded":3,"win_rate":0,"timestamp":1551838112,"path_taken":["M","?","?","$","M","R","E","?","T","M","R","?","?","E","R","BOSS"],"build_version":"2019-01-23","purchased_purges":0,"victory":false,"max_hp_per_floor":[80,80,80,80,80,80,80,80,80,80,80,80,80,80,80,80],"card_choices":[{"not_picked":["Anger","Pommel Strike"],"picked":"Sword Boomerang","floor":1},{"not_picked":["Perfected Strike","Reckless Charge","Fire Breathing"],"picked":"SKIP","floor":5},{"not_picked":["Havoc","Clothesline"],"picked":"Offering","floor":7},{"not_picked":["Blood for Blood","Perfected Strike"],"picked":"Rampage","floor":10},{"not_picked":["Havoc","Heavy Blade"],"picked":"Shrug It Off","floor":12},{"not_picked":["Corruption","Bloodletting"],"picked":"Flame Barrier","floor":14}],"player_experience":702618,"relics_obtained":[{"floor":7,"key":"WingedGreaves"},{"floor":8,"key":"PreservedInsect"},{"floor":14,"key":"Unceasing Top"}],"event_choices":[{"damage_healed":0,"gold_gain":0,"player_choice":"Box","damage_taken":0,"relics_obtained":["Happy Flower"],"max_hp_gain":0,"max_hp_loss":0,"event_name":"Big Fish","floor":3,"gold_loss":0,"cards_obtained":["Regret"]},{"damage_healed":0,"gold_gain":0,"player_choice":"Relic","damage_taken":0,"max_hp_gain":0,"max_hp_loss":0,"event_name":"Wheel of Change","floor":8,"gold_loss":0},{"damage_healed":0,"gold_gain":0,"player_choice":"Success","damage_taken":3,"relics_obtained":["Boot"],"max_hp_gain":0,"max_hp_loss":0,"event_name":"Scrap Ooze","floor":13,"gold_loss":0}],"is_beta":false,"boss_relics":[],"items_purged_floors":[],"is_endless":false,"potions_floor_spawned":[5,10],"killed_by":"Hexaghost","ascension_level":0}