{"gold_per_floor":[214,214,228,244,244,113,146,146,173,173,173,173,191,222,222,293,293,304,304,324,338,338,338],"floor_reached":23,"playtime":836,"items_purged":["Regret"],"score":388,"play_id":"a189bf25-80c3-462b-9d22-68cd3130e24c","local_time":"20190722214223","is_ascension_mode":true,"campfire_choices":[{"data":"Ball Lightning","floor":8,"key":"SMITH"},{"data":"Leap","floor":10,"key":"SMITH"},{"floor":12,"key":"REST"},{"floor":15,"key":"REST"}],"neow_cost":"NONE","seed_source_timestamp":11598686590905,"circlet_count":0,"master_deck":["AscendersBane","Strike_B","Strike_B","Strike_B","Defend_B","Defend_B","Defend_B","Defend_B","Zap","Dualcast","Leap+1","Rebound","FTL","Ball Lightning+1","Rainbow","Coolheaded","Electrodynamics","Thunder Strike","Steam+1","Decay"],"special_seed":0,"relics":["Cracked Core","Centennial Puzzle","Juzu Bracelet","Oddly Smooth Stone","Dodecahedron","Bag of Preparation","Velvet Choker"],"potions_floor_usage":[7,14,16,20],"damage_taken":[{"damage":5.0,"enemies":"2 Louse","floor":1.0,"turns":3.0},{"damage":7.0,"enemies":"Jaw Worm","floor":3.0,"turns":5.0},{"damage":0.0,"enemies":"Small Slimes","floor":4.0,"turns":3.0},{"damage":5,"enemies":"Lagavulin","floor":7,"turns":5},{"damage":5,"enemies":"Looter","floor":13,"turns":2},{"damage":26,"enemies":"Gremlin Nob","floor":14,"turns":4},{"damage":11,"enemies":"The Guardian","floor":16,"turns":11},{"damage":20,"enemies":"2 Thieves","floor":18,"turns":4},{"damage":15,"enemies":"3 Byrds","floor":20,"turns":4},{"damage":19,"enemies":"Snecko","floor":21,"turns":5},{"damage":8,"enemies":"Book of Stabbing","floor":23,"turns":2}],"seed_played":"2191109430425628863","potions_obtained":[{"floor":3.0,"key":"SteroidPotion"},{"floor":4.0,"key":"Block Potion"},{"floor":7,"key":"Weak Potion"},{"floor":14,"key":"LiquidBronze"}],"is_trial":false,"path_per_floor":["M","?","M","M","?","$","E","R","T","R","?","R","M","E","R","B",null,"M","?","M","M","?","E"],"character_chosen":"DEFECT","items_purchased":["Ball Lightning"],"campfire_rested":2,"item_purchase_floors":[6],"current_hp_per_floor":[59,59,52,52,52,52,47,47,47,47,29,50,45,19,40,29,61,41,41,26,7,7,0],"gold":338,"neow_bonus":"HUNDRED_GOLD","is_prod":false,"is_daily":false,"chose_seed":false,"campfire_upgraded":2,"win_rate":0,"timestamp":1563846143,"path_taken":["M","?","M","M","?","$","E","R","T","R","?","R","M","E","R","BOSS","M","?","M","M","?","E"],"build_version":"2019-07-17","purchased_purges":1,"victory":false,"max_hp_per_floor":[71,71,71,71,71,71,71,71,71,71,71,71,71,71,71,71,71,71,71,71,71,71,71],"card_choices":[{"not_picked":["Lockon","Heatsinks"],"picked":"Leap","floor":1.0},{"not_picked":["Steam","Go for the Eyes"],"picked":"Rebound","floor":3.0},{"not_picked":["Turbo","Compile Driver"],"picked":"FTL","floor":4.0},{"not_picked":["Ball Lightning","Self Repair"],"picked":"Rainbow","floor":7},{"not_picked":["Gash","Compile Driver"],"picked":"Coolheaded","floor":13},{"not_picked":["Heatsinks","Chaos"],"picked":"Electrodynamics","floor":14},{"not_picked":["Multi-Cast","Machine Learning"],"picked":"Thunder Strike","floor":16},{"not_picked":["BootSequence","Streamline"],"picked":"Steam+1","floor":18},{"not_picked":["Sweeping Beam","Lockon","Self Repair"],"picked":"SKIP","floor":20},{"not_picked":["Barrage","Go for the Eyes","Gash"],"picked":"SKIP","floor":21}],"player_experience":1150811,"relics_obtained":[{"floor":7,"key":"Juzu Bracelet"},{"floor":9,"key":"Oddly Smooth Stone"},{"floor":14,"key":"Bag of Preparation"}],"event_choices":[{"cards_removed":["Strike_B"],"damage_healed":0.0,"max_hp_gain":0.0,"max_hp_loss":0.0,"gold_gain":0.0,"event_name":"Living Wall","player_choice":"Forget","floor":2.0,"gold_loss":0.0,"damage_taken":0.0},{"damage_healed":0,"gold_gain":0,"player_choice":"Box","damage_taken":0,"relics_obtained":["Centennial Puzzle"],"max_hp_gain":0,"max_hp_loss":0,"event_name":"Big Fish","floor":5,"gold_loss":0,"cards_obtained":["Regret"]},{"damage_healed":0,"gold_gain":0,"player_choice":"Success","damage_taken":18,"relics_obtained":["Dodecahedron"],"max_hp_gain":0,"max_hp_loss":0,"event_name":"Scrap Ooze","floor":11,"gold_loss":0},{"damage_healed":0,"gold_gain":0,"player_choice":"Smashed Altar","damage_taken":0,"max_hp_gain":0,"max_hp_loss":0,"event_name":"Forgotten Altar","floor":19,"gold_loss":0,"cards_obtained":["Decay"]},{"damage_healed":0,"gold_gain":0,"player_choice":"0 cards matched","damage_taken":0,"max_hp_gain":0,"max_hp_loss":0,"event_name":"Match and Keep!","floor":22,"gold_loss":0,"cards_obtained":[]}],"is_beta":false,"boss_relics":[{"not_picked":["Inserter","Black Star"],"picked":"Velvet Choker"}],"items_purged_floors":[6],"is_endless":false,"potions_floor_spawned":[3,4,7,14],"killed_by":"Book of Stabbing","ascension_level":19}