{"gold_per_floor":[15,31,49,224,6,6,40,57,134,205,218,238,87,115,115,210,210,221,235,334,334,350,350,376,376,403,423,433,453,469,503,503,598,598,618,214,227,146,157,191,210,210,234,244,244,244,244,276,276,276,276,276,39,66,66],"floor_reached":56,"playtime":3406,"items_purged":["Doubt","Strike_R","Strike_R","Strike_R"],"score":1336,"play_id":"a53f19a1-33e3-4f62-8194-b5ff7e6cc661","local_time":"20190411201236","is_ascension_mode":false,"campfire_choices":[{"data":"Bash","floor":6.0,"key":"SMITH"},{"data":"Demon Form","floor":15.0,"key":"SMITH"},{"data":"Seeing Red","floor":23.0,"key":"SMITH"},{"data":"Sword Boomerang","floor":25.0,"key":"SMITH"},{"data":"Pommel Strike","floor":32.0,"key":"SMITH"},{"data":"Double Tap","floor":42.0,"key":"SMITH"},{"data":"Battle Trance","floor":45.0,"key":"SMITH"},{"floor":49.0,"key":"RECALL"},{"data":"Evolve","floor":52.0,"key":"SMITH"}],"neow_cost":"NO_GOLD","seed_source_timestamp":524138592017772,"circlet_count":0,"master_deck":["Strike_R","Strike_R","Defend_R","Defend_R","Defend_R","Defend_R","Bash+1","Twin Strike","Pummel","Sword Boomerang+1","Demon Form+1","Seeing Red+1","Headbutt","Cleave","Feed","Uppercut","Ghostly Armor","Pommel Strike+1","Impervious","Thunderclap","Double Tap+1","Battle Trance+1","Disarm","Evolve+1","Disarm+1","Master of Strategy","Apotheosis"],"special_seed":0,"relics":["Burning Blood","Vajra","Champion Belt","Gremlin Horn","Pear","Bag of Preparation","Ancient Tea Set","Mark of Pain","Question Card","Omamori","Torii","Cursed Key","Membership Card","Paper Frog","Strawberry","The Courier","HandDrill","Bronze Scales"],"potions_floor_usage":[55,55,55],"damage_taken":[{"damage":1.0,"enemies":"Cultist","floor":1.0,"turns":3.0},{"damage":3.0,"enemies":"2 Louse","floor":2.0,"turns":3.0},{"damage":1.0,"enemies":"Jaw Worm","floor":3.0,"turns":3.0},{"damage":36.0,"enemies":"3 Sentries","floor":7.0,"turns":9.0},{"damage":8.0,"enemies":"Lots of Slimes","floor":8.0,"turns":4.0},{"damage":9.0,"enemies":"Blue Slaver","floor":11.0,"turns":3.0},{"damage":0.0,"enemies":"Large Slime","floor":12.0,"turns":3.0},{"damage":0.0,"enemies":"Gremlin Nob","floor":14.0,"turns":2.0},{"damage":35.0,"enemies":"Slime Boss","floor":16.0,"turns":7.0},{"damage":30.0,"enemies":"Shell Parasite","floor":18.0,"turns":5.0},{"damage":0.0,"enemies":"3 Byrds","floor":19.0,"turns":3.0},{"damage":27.0,"enemies":"Centurion and Healer","floor":22.0,"turns":4.0},{"damage":0.0,"enemies":"Gremlin Leader","floor":24.0,"turns":3.0},{"damage":1.0,"enemies":"Chosen and Byrds","floor":27.0,"turns":3.0},{"damage":1.0,"enemies":"Snecko","floor":28.0,"turns":3.0},{"damage":37.0,"enemies":"Snake Plant","floor":29.0,"turns":4.0},{"damage":17.0,"enemies":"Sentry and Sphere","floor":30.0,"turns":4.0},{"damage":33.0,"enemies":"Book of Stabbing","floor":31.0,"turns":6.0},{"damage":60.0,"enemies":"Automaton","floor":33.0,"turns":8.0},{"damage":6.0,"enemies":"Orb Walker","floor":35.0,"turns":3.0},{"damage":20.0,"enemies":"3 Shapes","floor":37.0,"turns":8.0},{"damage":7.0,"enemies":"Jaw Worm Horde","floor":39.0,"turns":2.0},{"damage":2.0,"enemies":"Nemesis","floor":40.0,"turns":5.0},{"damage":8.0,"enemies":"3 Darklings","floor":41.0,"turns":6.0},{"damage":11.0,"enemies":"Maw","floor":44.0,"turns":6.0},{"damage":24.0,"enemies":"Reptomancer","floor":48.0,"turns":6.0},{"damage":75.0,"enemies":"Donu and Deca","floor":50.0,"turns":7.0},{"damage":2,"enemies":"Shield and Spear","floor":54,"turns":5},{"damage":86,"enemies":"The Heart","floor":55,"turns":6}],"seed_played":"6634121107945786385","potions_obtained":[{"floor":1.0,"key":"EntropicBrew"},{"floor":18.0,"key":"Fire Potion"},{"floor":22.0,"key":"Regen Potion"},{"floor":30.0,"key":"Ancient Potion"},{"floor":31.0,"key":"Regen Potion"},{"floor":33.0,"key":"Poison Potion"},{"floor":37.0,"key":"Block Potion"},{"floor":40.0,"key":"PowerPotion"},{"floor":44.0,"key":"SteroidPotion"}],"is_trial":false,"path_per_floor":["M","M","M","?","$","R","E","M","T","T","M","M","$","E","R","B",null,"M","M","?","?","M","R","E","R","T","M","M","M","M","E","R","B",null,"M","$","M","$","M","E","M","R","T","M","R","?","?","E","R","B",null,"R","$","E","B",null],"character_chosen":"IRONCLAD","items_purchased":["Vajra","Bag of Preparation","Membership Card","Paper Frog","Battle Trance","Evolve","HandDrill","Apotheosis"],"campfire_rested":0,"item_purchase_floors":[5,13,36,36,36,38,53,53],"current_hp_per_floor":[96,96,96,96,96,96,66,64,64,74,71,77,77,83,83,54,106,85,94,94,94,73,73,82,82,82,90,95,64,56,29,29,24,121,121,121,110,110,112,123,121,121,121,119,119,119,137,119,119,50,137,137,137,140,60],"gold":66,"neow_bonus":"TWENTY_PERCENT_HP_BONUS","is_prod":false,"is_daily":false,"chose_seed":false,"campfire_upgraded":8,"win_rate":0,"timestamp":1555027956,"path_taken":["M","?","?","?","$","R","E","M","T","?","M","?","$","E","R","BOSS","M","M","?","?","M","R","E","R","T","M","M","M","M","E","R","BOSS","M","$","M","$","M","E","M","R","T","M","R","?","?","E","R","BOSS","R","$","E","BOSS"],"build_version":"2019-01-23","purchased_purges":4,"victory":true,"max_hp_per_floor":[96,96,96,96,96,96,96,96,96,106,106,106,106,106,106,106,106,109,112,112,112,112,112,115,115,115,118,118,118,121,121,121,121,121,121,121,124,124,127,134,134,134,134,137,137,137,137,137,137,137,137,137,137,140,140],"card_choices":[{"not_picked":["Evolve","Armaments"],"picked":"Twin Strike","floor":1.0},{"not_picked":["Havoc","Reckless Charge"],"picked":"Pummel","floor":2.0},{"not_picked":["Rampage","Bludgeon"],"picked":"Sword Boomerang","floor":3.0},{"not_picked":["Perfected Strike","Shrug It Off"],"picked":"Demon Form","floor":7.0},{"not_picked":["Anger","Clash"],"picked":"Seeing Red","floor":8.0},{"not_picked":["Pommel Strike","Twin Strike"],"picked":"Headbutt","floor":11.0},{"not_picked":["Headbutt","Flex","Juggernaut"],"picked":"SKIP","floor":12.0},{"not_picked":["Heavy Blade","Shrug It Off"],"picked":"Cleave","floor":14.0},{"not_picked":["Fiend Fire","Bludgeon"],"picked":"Feed","floor":16.0},{"not_picked":["Anger","Sentinel","Clash"],"picked":"SKIP","floor":18.0},{"not_picked":["Havoc","Perfected Strike"],"picked":"Uppercut","floor":19.0},{"not_picked":["Inflame","Warcry","Armaments+1"],"picked":"SKIP","floor":22.0},{"not_picked":["Anger+1","Immolate"],"picked":"Ghostly Armor","floor":24.0},{"not_picked":["Dropkick+1","True Grit","Spot Weakness","Armaments"],"picked":"SKIP","floor":27.0},{"not_picked":["Corruption","Searing Blow+1","Reckless Charge+1","Wild Strike+1"],"picked":"SKIP","floor":28.0},{"not_picked":["Twin Strike","Havoc","Inflame+1"],"picked":"Pommel Strike","floor":29.0},{"not_picked":["Body Slam","Cleave","Havoc"],"picked":"Impervious","floor":30.0},{"not_picked":["Hemokinesis","Rampage+1","Armaments+1"],"picked":"Thunderclap","floor":31.0},{"not_picked":["Demon Form","Brutality","Bludgeon"],"picked":"Double Tap","floor":33.0},{"not_picked":["Feel No Pain","Infernal Blade","Spot Weakness","Cleave+1"],"picked":"SKIP","floor":35.0},{"not_picked":["Heavy Blade","Warcry+1","Rampage"],"picked":"Disarm","floor":37.0},{"not_picked":["Wild Strike","Havoc","Headbutt+1","Clash+1"],"picked":"SKIP","floor":39.0},{"not_picked":["Iron Wave+1","Spot Weakness","Dual Wield+1"],"picked":"Disarm+1","floor":40.0},{"not_picked":["Double Tap","Heavy Blade","Hemokinesis+1","Iron Wave"],"picked":"SKIP","floor":41.0},{"not_picked":["Entrench+1","Body Slam","Fire Breathing+1","Rampage"],"picked":"SKIP","floor":44.0},{"not_picked":["Entrench+1","Body Slam","Fire Breathing+1","Rampage"],"picked":"SKIP","floor":44.0},{"not_picked":["Bandage Up","Mind Blast","Deep Breath"],"picked":"Master of Strategy","floor":46.0},{"not_picked":["Heavy Blade+1","Flex+1","Dropkick+1","True Grit"],"picked":"SKIP","floor":48.0},{"not_picked":["Inflame","True Grit","Sever Soul","Pummel"],"picked":"SKIP","floor":54}],"player_experience":791569,"relics_obtained":[{"floor":7.0,"key":"Champion Belt"},{"floor":9.0,"key":"Gremlin Horn"},{"floor":10.0,"key":"Pear"},{"floor":14.0,"key":"Ancient Tea Set"},{"floor":24.0,"key":"Question Card"},{"floor":26.0,"key":"Omamori"},{"floor":31.0,"key":"Torii"},{"floor":40.0,"key":"Strawberry"},{"floor":48.0,"key":"The Courier"},{"floor":54,"key":"Bronze Scales"}],"event_choices":[{"damage_healed":0.0,"max_hp_gain":0.0,"max_hp_loss":0.0,"gold_gain":175.0,"event_name":"Liars Game","player_choice":"AGREE","floor":4.0,"gold_loss":0.0,"damage_taken":0.0,"cards_obtained":["Doubt"]},{"damage_healed":0.0,"max_hp_gain":0.0,"max_hp_loss":0.0,"gold_gain":99.0,"event_name":"Nest","player_choice":"Stole From Cult","floor":20.0,"gold_loss":0.0,"damage_taken":0.0},{"damage_healed":0.0,"max_hp_gain":0.0,"max_hp_loss":0.0,"gold_gain":0.0,"event_name":"Ghosts","player_choice":"Ignored","floor":21.0,"gold_loss":0.0,"damage_taken":0.0},{"damage_healed":0.0,"max_hp_gain":0.0,"max_hp_loss":0.0,"gold_gain":0.0,"event_name":"SensoryStone","player_choice":"Memory 1","floor":46.0,"gold_loss":0.0,"damage_taken":0.0},{"damage_healed":34.0,"max_hp_gain":0.0,"max_hp_loss":0.0,"gold_gain":0.0,"event_name":"Winding Halls","player_choice":"Writhe","floor":47.0,"gold_loss":0.0,"damage_taken":0.0,"cards_obtained":["Writhe"]}],"is_beta":false,"boss_relics":[{"not_picked":["Black Star","Orrery"],"picked":"Mark of Pain"},{"not_picked":["Astrolabe","Lizard Tail"],"picked":"Cursed Key"}],"items_purged_floors":[5,36,38,53],"is_endless":false,"potions_floor_spawned":[1,7,8,18,22,30,31,33,37,40,44],"ascension_level":0}