{"gold_per_floor":[114,39,55,55,55,55,73,73,73,100,100,100,120,149,149,226,226,245,245,225,238,251,251,251,75,75,132,132,142,142,142,142,215,215,226,226,236,254,273,273,308,325,325,150,161,161,181,20,20,20],"floor_reached":50,"playtime":2773,"items_purged":["Consume","Injury","Parasite"],"score":1098,"play_id":"b1bbc712-51a0-4931-91b0-7c16a99d099c","local_time":"20190723224410","is_ascension_mode":true,"campfire_choices":[{"data":"Zap","floor":6.0,"key":"SMITH"},{"data":"Beam Cell","floor":8.0,"key":"SMITH"},{"data":"Leap","floor":11.0,"key":"SMITH"},{"floor":15,"key":"REST"},{"floor":23,"key":"REST"},{"data":"Buffer","floor":28,"key":"SMITH"},{"data":"Loop","floor":30,"key":"SMITH"},{"floor":32,"key":"REST"},{"floor":40,"key":"REST"},{"floor":46,"key":"REST"},{"floor":49,"key":"REST"}],"neow_cost":"NONE","seed_source_timestamp":99770361262335,"circlet_count":0,"master_deck":["AscendersBane","Strike_B+1","Strike_B+1","Defend_B+1","Defend_B+1","Defend_B+1","Zap+1","Beam Cell+1","Streamline+1","Leap+1","Machine Learning","Cold Snap","Chill","Buffer+1","Coolheaded+1","Sweeping Beam","Sweeping Beam","Conserve Battery","Swift Strike","Loop+1","Steam","Biased Cognition+1","Barrage","Coolheaded+1","FTL","Darkness+1","Skim"],"special_seed":0,"relics":["Cracked Core","Shuriken","Cables","Blue Candle","Sozu","Symbiotic Virus","Tiny Chest","Cursed Key","Darkstone Periapt","Pear"],"potions_floor_usage":[16,50],"damage_taken":[{"damage":6.0,"enemies":"Cultist","floor":1.0,"turns":3.0},{"damage":4.0,"enemies":"Jaw Worm","floor":3.0,"turns":3.0},{"damage":0.0,"enemies":"2 Louse","floor":7.0,"turns":1.0},{"damage":8.0,"enemies":"Gremlin Nob","floor":10.0,"turns":3.0},{"damage":13.0,"enemies":"Exordium Thugs","floor":13.0,"turns":4.0},{"damage":21,"enemies":"Lagavulin","floor":14,"turns":5},{"damage":20,"enemies":"Slime Boss","floor":16,"turns":10},{"damage":5,"enemies":"Shell Parasite","floor":18,"turns":4},{"damage":2,"enemies":"3 Byrds","floor":21,"turns":5},{"damage":16,"enemies":"Snake Plant","floor":22,"turns":5},{"damage":16,"enemies":"Gremlin Leader","floor":27,"turns":5},{"damage":0,"enemies":"Sentry and Sphere","floor":29,"turns":6},{"damage":32,"enemies":"Automaton","floor":33,"turns":11},{"damage":2,"enemies":"Orb Walker","floor":35,"turns":3},{"damage":12,"enemies":"3 Darklings","floor":37,"turns":5},{"damage":8,"enemies":"Writhing Mass","floor":38,"turns":5},{"damage":3,"enemies":"Spire Growth","floor":39,"turns":5},{"damage":0,"enemies":"Nemesis","floor":41,"turns":5},{"damage":40,"enemies":"3 Darklings","floor":42,"turns":5},{"damage":0,"enemies":"Jaw Worm Horde","floor":45,"turns":5},{"damage":21,"enemies":"Writhing Mass","floor":47,"turns":6},{"damage":87,"enemies":"Awakened One","floor":50,"turns":7}],"seed_played":"8670257922762922224","potions_obtained":[{"floor":1.0,"key":"Explosive Potion"},{"floor":10.0,"key":"EntropicBrew"},{"floor":13.0,"key":"Explosive Potion"}],"is_trial":false,"path_per_floor":["M","?","M","$","?","R","M","R","T","E","R","?","M","E","R","B",null,"M","?","?","M","M","R","?","$","T","E","R","M","R","$","R","B",null,"M","?","M","M","M","R","E","M","T","$","M","R","M","$","R","B"],"character_chosen":"DEFECT","items_purchased":["Swift Strike","FTL","Skim"],"campfire_rested":6,"item_purchase_floors":[25,44,48],"current_hp_per_floor":[65,65,61,61,61,61,61,61,61,53,53,46,33,12,35,15,62,57,57,57,55,39,62,62,62,62,46,46,46,46,46,69,37,68,66,66,54,46,43,66,66,26,42,42,42,70,49,49,76,0],"gold":20,"neow_bonus":"TEN_PERCENT_HP_BONUS","is_prod":false,"is_daily":false,"chose_seed":false,"campfire_upgraded":5,"win_rate":0,"timestamp":1563936250,"path_taken":["M","?","M","$","?","R","?","R","T","E","R","?","M","E","R","BOSS","M","?","?","M","?","R","?","$","T","E","R","M","R","$","R","BOSS","M","?","M","M","M","R","E","M","T","$","?","R","M","$","R","BOSS"],"build_version":"2019-07-17","purchased_purges":3,"victory":false,"max_hp_per_floor":[78,78,78,78,78,78,78,78,78,78,78,78,78,78,78,78,78,78,78,78,78,78,78,78,78,78,78,78,78,78,78,78,78,78,78,78,78,78,78,78,78,78,94,94,94,94,94,91,91,91],"card_choices":[{"not_picked":["Turbo","Barrage"],"picked":"Beam Cell","floor":1.0},{"not_picked":["Double Energy","Capacitor"],"picked":"Streamline","floor":3.0},{"not_picked":["Force Field","Capacitor"],"picked":"Leap","floor":7.0},{"not_picked":["Doom and Gloom","Barrage"],"picked":"Machine Learning","floor":10.0},{"not_picked":["Lockon","Glacier"],"picked":"Cold Snap","floor":13.0},{"not_picked":["Gash","Barrage"],"picked":"Chill","floor":14},{"not_picked":["Creative AI","Fission"],"picked":"Buffer","floor":16},{"not_picked":["Rebound","Gash+1"],"picked":"Coolheaded+1","floor":18},{"not_picked":["Coolheaded","Turbo+1"],"picked":"Sweeping Beam","floor":21},{"not_picked":["Barrage","Ball Lightning"],"picked":"Sweeping Beam","floor":22},{"not_picked":["Redo","Hologram"],"picked":"Loop","floor":27},{"not_picked":["Barrage","Reboot"],"picked":"Steam","floor":29},{"not_picked":["Fission","Amplify"],"picked":"Biased Cognition","floor":33},{"not_picked":["Gash","Beam Cell"],"picked":"Barrage","floor":35},{"not_picked":["Turbo","Chill","White Noise"],"picked":"SKIP","floor":37},{"not_picked":["Turbo+1","Fusion"],"picked":"Coolheaded+1","floor":38},{"not_picked":["Gash","Cold Snap","Coolheaded+1"],"picked":"SKIP","floor":39},{"not_picked":["Thunder Strike","Hologram","Barrage"],"picked":"SKIP","floor":41},{"not_picked":["Chill","Aggregate","Fusion"],"picked":"SKIP","floor":42},{"not_picked":["Loop","Conserve Battery"],"picked":"Darkness+1","floor":45},{"not_picked":["Auto Shields","Rebound","Loop"],"picked":"SKIP","floor":47}],"player_experience":1154637,"relics_obtained":[{"floor":9.0,"key":"Shuriken"},{"floor":10.0,"key":"Cables"},{"floor":14,"key":"Blue Candle"},{"floor":26,"key":"Symbiotic Virus"},{"floor":27,"key":"Tiny Chest"},{"floor":41,"key":"Darkstone Periapt"},{"floor":43,"key":"Pear"}],"event_choices":[{"cards_removed":["Strike_B"],"damage_healed":0.0,"max_hp_gain":0.0,"max_hp_loss":0.0,"gold_gain":0.0,"event_name":"The Cleric","player_choice":"Card Removal","floor":2.0,"gold_loss":75.0,"damage_taken":0.0},{"damage_healed":0.0,"max_hp_gain":0.0,"max_hp_loss":0.0,"gold_gain":0.0,"event_name":"Upgrade Shrine","player_choice":"Upgraded","floor":5.0,"gold_loss":0.0,"damage_taken":0.0,"cards_upgraded":["Streamline"]},{"cards_removed":["Strike_B"],"damage_healed":0.0,"max_hp_gain":0.0,"max_hp_loss":0.0,"gold_gain":0.0,"event_name":"Golden Wing","player_choice":"Card Removal","floor":12.0,"gold_loss":0.0,"damage_taken":7.0},{"damage_healed":0,"gold_gain":0,"player_choice":"Simplicity","damage_taken":0,"max_hp_gain":0,"max_hp_loss":0,"event_name":"Back to Basics","floor":19,"gold_loss":0,"cards_upgraded":["Strike_B","Strike_B","Defend_B","Defend_B","Defend_B","Defend_B"]},{"damage_healed":0,"gold_gain":0,"player_choice":"Bought 1 Potion","damage_taken":0,"max_hp_gain":0,"max_hp_loss":0,"event_name":"The Woman in Blue","floor":20,"gold_loss":0},{"damage_healed":0,"gold_gain":0,"cards_transformed":["Dualcast","Defend_B"],"player_choice":"Became Test Subject","damage_taken":0,"max_hp_gain":0,"max_hp_loss":0,"event_name":"Drug Dealer","floor":24,"gold_loss":0,"cards_obtained":["Conserve Battery","Consume"]},{"damage_healed":0,"gold_gain":0,"player_choice":"Forge","damage_taken":0,"max_hp_gain":0,"max_hp_loss":0,"event_name":"Accursed Blacksmith","floor":36,"gold_loss":0,"cards_upgraded":["Biased Cognition"]}],"is_beta":false,"boss_relics":[{"not_picked":["Eternal Feather","Empty Cage"],"picked":"Sozu"},{"not_picked":["Velvet Choker","Snecko Eye"],"picked":"Cursed Key"}],"items_purged_floors":[25,44,48],"is_endless":false,"potions_floor_spawned":[1,10,13,21,22,33,35,41,47],"killed_by":"Awakened One","ascension_level":19}