{"gold_per_floor":[114,114,125,125,0,0,18,18,64,81,81,91,101,116,116,217,217,237,250,250,7,24,56,56,56,81,95,105,136,136,148,148,245,245,264,277,9,0,47,47,60,60,106,124,124,124,144,144,144,144],"floor_reached":50,"playtime":3717,"items_purged":["Regret"],"score":551,"play_id":"5192b89c-cb04-4455-8a5e-ccaabdd86aa7","local_time":"20191003025014","is_ascension_mode":false,"campfire_choices":[{"data":"Thunderclap","floor":6,"key":"SMITH"},{"data":"Shrug It Off","floor":8,"key":"SMITH"},{"data":"Perfected Strike","floor":11,"key":"SMITH"},{"data":"Combust","floor":15,"key":"SMITH"},{"floor":24,"key":"REST"},{"floor":32,"key":"REST"},{"data":"Secret Weapon","floor":40,"key":"SMITH"},{"data":"Pommel Strike","floor":42,"key":"SMITH"},{"data":"Reaper","floor":46,"key":"SMITH"},{"floor":49,"key":"REST"}],"neow_cost":"NONE","seed_source_timestamp":1776487191104900,"circlet_count":0,"master_deck":["Strike_R","Strike_R","Strike_R","Strike_R","Strike_R","Defend_R","Defend_R","Defend_R","Defend_R","Bash","Finesse","Anger","Blood for Blood+1","Thunderclap+1","Shrug It Off+1","Perfected Strike+1","Cleave","Pommel Strike+1","Combust+1","Juggernaut","Shrug It Off","Fire Breathing+1","Iron Wave","Rampage","Inflame","Perfected Strike","Iron Wave","Reaper+1","Rage","Shrug It Off","Secret Weapon+1","Enlightenment","Shrug It Off+1","Pommel Strike+1","Chrysalis","Secret Weapon","Madness","Headbutt+1","Warcry+1"],"relics":["Burning Blood","Self Forming Clay","Oddly Smooth Stone","Philosopher\u0027s Stone","Enchiridion","Ornamental Fan","Champion Belt","GremlinMask","Juzu Bracelet","Shuriken","Sozu","Red Mask","Mango","Dream Catcher"],"potions_floor_usage":[],"damage_taken":[{"damage":5,"enemies":"Small Slimes","floor":1,"turns":4},{"damage":8,"enemies":"2 Louse","floor":3,"turns":3},{"damage":0,"enemies":"Cultist","floor":7,"turns":3},{"damage":7,"enemies":"2 Fungi Beasts","floor":10,"turns":4},{"damage":8,"enemies":"Large Slime","floor":12,"turns":5},{"damage":12,"enemies":"Red Slaver","floor":13,"turns":3},{"damage":15,"enemies":"Exordium Wildlife","floor":14,"turns":2},{"damage":30,"enemies":"Hexaghost","floor":16,"turns":9},{"damage":2,"enemies":"Chosen","floor":18,"turns":4},{"damage":14,"enemies":"Shell Parasite","floor":19,"turns":5},{"damage":5,"enemies":"Centurion and Healer","floor":22,"turns":4},{"damage":36,"enemies":"Slavers","floor":23,"turns":3},{"damage":6,"enemies":"3 Cultists","floor":27,"turns":3},{"damage":6,"enemies":"Snecko","floor":28,"turns":3},{"damage":17,"enemies":"Book of Stabbing","floor":29,"turns":4},{"damage":2,"enemies":"Centurion and Healer","floor":31,"turns":6},{"damage":36,"enemies":"Champ","floor":33,"turns":8},{"damage":3,"enemies":"Orb Walker","floor":35,"turns":2},{"damage":7,"enemies":"3 Shapes","floor":36,"turns":3},{"damage":39,"enemies":"2 Orb Walkers","floor":39,"turns":5},{"damage":14,"enemies":"Transient","floor":41,"turns":5},{"damage":12,"enemies":"Spire Growth","floor":44,"turns":4},{"damage":10,"enemies":"4 Shapes","floor":47,"turns":3},{"damage":95,"enemies":"Awakened One","floor":50,"turns":13}],"seed_played":"6038816783307533411","potions_obtained":[{"floor":7,"key":"EssenceOfSteel"},{"floor":13,"key":"Dexterity Potion"},{"floor":14,"key":"SkillPotion"},{"floor":16,"key":"GamblersBrew"},{"floor":22,"key":"SteroidPotion"},{"floor":29,"key":"FearPotion"}],"is_trial":false,"path_per_floor":["M","?","M","?","$","R","M","R","T","M","R","M","M","M","R","B",null,"M","M","?","$","M","E","R","?","T","M","M","E","?","M","R","B",null,"M","M","$","?","?","R","M","R","T","M","?","R","M","?","R","B"],"character_chosen":"IRONCLAD","items_purchased":["Thunderclap","Ornamental Fan","Secret Weapon","Enlightenment"],"campfire_rested":3,"item_purchase_floors":[5,21,37,37],"current_hp_per_floor":[80,80,78,78,78,78,80,80,80,79,79,77,71,62,62,38,80,80,72,56,56,57,27,51,51,51,51,51,40,25,29,54,24,85,85,84,84,84,65,65,57,57,57,51,41,41,49,40,69,0],"gold":144,"neow_bonus":"RANDOM_COLORLESS","is_prod":false,"is_daily":false,"chose_seed":false,"campfire_upgraded":7,"win_rate":0.0,"timestamp":1570085414,"path_taken":["M","?","M","?","$","R","M","R","T","M","R","M","M","?","R","BOSS","M","M","?","$","M","E","R","?","T","M","M","E","?","M","R","BOSS","M","M","$","?","?","R","M","R","T","M","?","R","M","?","R","BOSS"],"build_version":"2019-07-17","purchased_purges":1,"victory":false,"max_hp_per_floor":[80,80,80,80,80,80,80,80,80,80,80,80,80,80,80,80,80,80,80,80,80,80,80,80,80,80,80,80,80,85,85,85,85,85,85,85,85,85,99,99,99,99,99,99,99,99,99,99,99,99],"card_choices":[{"not_picked":["Sword Boomerang","Clothesline"],"picked":"Anger","floor":1},{"not_picked":["Second Wind","Clothesline"],"picked":"Blood for Blood","floor":3},{"not_picked":["Anger","Feel No Pain"],"picked":"Shrug It Off","floor":7},{"not_picked":["Power Through","Rampage"],"picked":"Perfected Strike","floor":10},{"not_picked":["Warcry","Offering"],"picked":"Cleave","floor":12},{"not_picked":["Shrug It Off","Thunderclap"],"picked":"Pommel Strike","floor":13},{"not_picked":["Burning Pact","Whirlwind"],"picked":"Combust","floor":14},{"not_picked":["Dark Embrace","Double Tap"],"picked":"Juggernaut","floor":16},{"not_picked":["Intimidate","Pummel"],"picked":"Shrug It Off","floor":18},{"not_picked":["Clothesline","Dual Wield"],"picked":"Fire Breathing+1","floor":19},{"not_picked":["Feel No Pain","Twin Strike","True Grit"],"picked":"SKIP","floor":22},{"not_picked":["Clothesline+1","Uppercut"],"picked":"Iron Wave","floor":23},{"not_picked":["Sword Boomerang","Clash+1"],"picked":"Rampage","floor":27},{"not_picked":["Feed","Clothesline"],"picked":"Inflame","floor":28},{"not_picked":["Fire Breathing+1","Feel No Pain"],"picked":"Perfected Strike","floor":29},{"not_picked":["Body Slam","Cleave+1"],"picked":"Iron Wave","floor":31},{"not_picked":["Bludgeon","Impervious"],"picked":"Reaper","floor":33},{"not_picked":["Thunderclap+1","Searing Blow+1"],"picked":"Rage","floor":35},{"not_picked":["Second Wind","Searing Blow+1"],"picked":"Shrug It Off","floor":36},{"not_picked":["Warcry+1","Twin Strike"],"picked":"Shrug It Off+1","floor":39},{"not_picked":["True Grit+1","Ghostly Armor","Twin Strike+1"],"picked":"SKIP","floor":41},{"not_picked":["Shrug It Off+1","Offering"],"picked":"Pommel Strike+1","floor":44},{"not_picked":["Madness","Magnetism"],"picked":"Chrysalis","floor":45},{"not_picked":["PanicButton","Impatience"],"picked":"Secret Weapon","floor":45},{"not_picked":["Discovery","Swift Strike"],"picked":"Madness","floor":45},{"not_picked":["Clash+1","Clothesline"],"picked":"Headbutt+1","floor":47},{"not_picked":["Thunderclap+1","Body Slam"],"picked":"Warcry+1","floor":49}],"player_experience":3580,"relics_obtained":[{"floor":9,"key":"Oddly Smooth Stone"},{"floor":20,"key":"Enchiridion"},{"floor":23,"key":"Champion Belt"},{"floor":26,"key":"Juzu Bracelet"},{"floor":29,"key":"Shuriken"},{"floor":39,"key":"Mango"},{"floor":43,"key":"Dream Catcher"}],"event_choices":[{"damage_healed":0,"gold_gain":0,"player_choice":"Box","damage_taken":0,"relics_obtained":["Self Forming Clay"],"max_hp_gain":0,"max_hp_loss":0,"event_name":"Big Fish","floor":2,"gold_loss":0,"cards_obtained":["Regret"]},{"damage_healed":0,"gold_gain":0,"player_choice":"Forge","damage_taken":0,"max_hp_gain":0,"max_hp_loss":0,"event_name":"Accursed Blacksmith","floor":4,"gold_loss":0,"cards_upgraded":["Blood for Blood"]},{"damage_healed":0,"gold_gain":0,"player_choice":"Obtained Book","damage_taken":16,"max_hp_gain":0,"max_hp_loss":0,"event_name":"Cursed Tome","floor":20,"gold_loss":0},{"damage_healed":0,"gold_gain":0,"player_choice":"Trade","damage_taken":0,"relics_obtained":["GremlinMask"],"max_hp_gain":0,"max_hp_loss":0,"event_name":"FaceTrader","floor":25,"gold_loss":0},{"damage_healed":0,"gold_gain":0,"player_choice":"Shed Blood","damage_taken":20,"max_hp_gain":5,"max_hp_loss":0,"event_name":"Forgotten Altar","floor":30,"gold_loss":0},{"damage_healed":0,"gold_gain":0,"player_choice":"Paid","damage_taken":0,"relics_obtained":["Red Mask"],"max_hp_gain":0,"max_hp_loss":0,"event_name":"Tomb of Lord Red Mask","floor":38,"gold_loss":9},{"damage_healed":0,"gold_gain":0,"player_choice":"Fight","damage_taken":0,"max_hp_gain":0,"max_hp_loss":0,"event_name":"Mysterious Sphere","floor":39,"gold_loss":0},{"damage_healed":0,"gold_gain":0,"player_choice":"Memory 3","damage_taken":10,"max_hp_gain":0,"max_hp_loss":0,"event_name":"SensoryStone","floor":45,"gold_loss":0},{"damage_healed":0,"gold_gain":0,"player_choice":"Damaged","damage_taken":9,"max_hp_gain":0,"max_hp_loss":0,"event_name":"Wheel of Change","floor":48,"gold_loss":0}],"is_beta":false,"boss_relics":[{"not_picked":["Runic Pyramid","White Beast Statue"],"picked":"Philosopher\u0027s Stone"},{"not_picked":["Busted Crown","Cursed Key"],"picked":"Sozu"}],"items_purged_floors":[5],"is_endless":false,"potions_floor_spawned":[7,13,14,16,18,22,29,33,35,41,47],"killed_by":"Awakened One","ascension_level":0}