{"gold_per_floor":[214,65,82,99,116,145,157,169,181,193,205,217,288,326,338,450,462,493,521,547,559,286,318,318,351,374,400,400,400,410,426,426,531,531,548,548,564,576,625,625,656,408,479,81,81,110,127,77,77,77,77,77,4,39,39],"floor_reached":56,"playtime":3371,"items_purged":["Strike_G","Strike_G","Defend_G","Caltrops","Glass Knife"],"score":1371,"play_id":"9f2310cd-725a-4dc6-8285-8c6a69c24e22","local_time":"20191003194143","is_ascension_mode":false,"campfire_choices":[{"data":"Noxious Fumes","floor":7,"key":"SMITH"},{"data":"Neutralize","floor":11,"key":"SMITH"},{"data":"Bouncing Flask","floor":15,"key":"SMITH"},{"data":"Acrobatics","floor":24,"key":"SMITH"},{"floor":28,"key":"DIG"},{"data":"Footwork","floor":32,"key":"SMITH"},{"floor":40,"key":"RECALL"},{"floor":45,"key":"DIG"},{"data":"Footwork","floor":49,"key":"SMITH"},{"floor":52,"key":"DIG"}],"neow_cost":"NONE","seed_source_timestamp":1701715163153343,"circlet_count":0,"master_deck":["Defend_G+1","Defend_G+1","Survivor","Neutralize+1","Noxious Fumes+1","Bouncing Flask+1","PiercingWail","Acrobatics+1","Catalyst+1","Corpse Explosion+1","Tactician+1","Acrobatics+1","Distraction+1","Deadly Poison+1","Deadly Poison+1","Dodge and Roll+1","Malaise+1","Tactician+1","Blur+1","Prepared+1","Footwork+1","Malaise+1","Die Die Die+1","Crippling Poison+1","Catalyst+1","Dodge and Roll+1","Blur+1","Dodge and Roll+1","Reflex+1","Well Laid Plans+1","Footwork+1","Deflect+1"],"relics":["Ring of the Snake","MawBank","Lantern","Meat on the Bone","Toxic Egg 2","Omamori","Orrery","War Paint","Girya","Boot","Potion Belt","Shovel","Smiling Mask","Astrolabe","Pocketwatch","Shuriken","ClockworkSouvenir","OrangePellets","Art of War","Snake Skull","Bottled Tornado","Blue Candle","Strawberry"],"potions_floor_usage":[13,55,55,55,55],"damage_taken":[{"damage":0,"enemies":"2 Louse","floor":1,"turns":4},{"damage":0,"enemies":"Jaw Worm","floor":3,"turns":4},{"damage":0,"enemies":"Cultist","floor":4,"turns":3},{"damage":2,"enemies":"Blue Slaver","floor":5,"turns":7},{"damage":11,"enemies":"Lagavulin","floor":6,"turns":7},{"damage":8,"enemies":"Gremlin Nob","floor":13,"turns":5},{"damage":4,"enemies":"3 Sentries","floor":14,"turns":6},{"damage":4,"enemies":"Slime Boss","floor":16,"turns":8},{"damage":0,"enemies":"Spheric Guardian","floor":18,"turns":3},{"damage":5,"enemies":"3 Byrds","floor":19,"turns":2},{"damage":0,"enemies":"Cultist and Chosen","floor":20,"turns":4},{"damage":9,"enemies":"Book of Stabbing","floor":23,"turns":4},{"damage":0,"enemies":"Gremlin Leader","floor":25,"turns":4},{"damage":14,"enemies":"Book of Stabbing","floor":27,"turns":4},{"damage":9,"enemies":"Shelled Parasite and Fungi","floor":30,"turns":5},{"damage":0,"enemies":"Snake Plant","floor":31,"turns":4},{"damage":16,"enemies":"Champ","floor":33,"turns":4},{"damage":0,"enemies":"3 Shapes","floor":35,"turns":2},{"damage":2,"enemies":"3 Darklings","floor":37,"turns":3},{"damage":0,"enemies":"Transient","floor":38,"turns":5},{"damage":5,"enemies":"2 Orb Walkers","floor":39,"turns":3},{"damage":5,"enemies":"Nemesis","floor":41,"turns":7},{"damage":4,"enemies":"Giant Head","floor":46,"turns":6},{"damage":2,"enemies":"4 Shapes","floor":47,"turns":3},{"damage":8,"enemies":"Time Eater","floor":50,"turns":5},{"damage":0,"enemies":"Shield and Spear","floor":54,"turns":5},{"damage":0,"enemies":"The Heart","floor":55,"turns":5}],"seed_played":"2750242443725536015","potions_obtained":[{"floor":3,"key":"Regen Potion"},{"floor":4,"key":"GhostInAJar"},{"floor":6,"key":"Block Potion"},{"floor":16,"key":"Dexterity Potion"},{"floor":19,"key":"GhostInAJar"},{"floor":27,"key":"SkillPotion"},{"floor":30,"key":"Fire Potion"},{"floor":37,"key":"LiquidBronze"},{"floor":38,"key":"Dexterity Potion"}],"is_trial":false,"path_per_floor":["M","$","M","M","M","E","R","?","T","T","R","?","?","E","R","B",null,"M","M","M","?","$","E","R","E","T","E","R","?","M","M","R","B",null,"M","?","M","M","?","R","E","$","T","$","R","E","M","$","R","B",null,"R","$","E","B",null],"character_chosen":"THE_SILENT","items_purchased":["Bouncing Flask","Tactician+1","War Paint","ClockworkSouvenir","OrangePellets","Art of War","Ancient Potion"],"campfire_rested":0,"item_purchase_floors":[2,22,22,42,44,44,53],"current_hp_per_floor":[70,70,70,70,68,57,57,57,57,57,57,50,42,38,38,46,70,70,65,65,65,65,56,56,56,56,42,42,42,45,45,45,41,70,70,70,68,68,63,63,58,58,58,58,58,54,52,52,52,44,70,70,70,77,77],"gold":39,"neow_bonus":"HUNDRED_GOLD","is_prod":false,"is_daily":false,"chose_seed":false,"campfire_upgraded":6,"win_rate":0,"timestamp":1570146103,"path_taken":["M","$","M","M","M","E","R","?","T","?","R","?","?","E","R","BOSS","M","M","M","?","$","E","R","E","T","E","R","?","M","M","R","BOSS","M","?","?","M","?","R","E","$","T","$","R","E","M","$","R","BOSS","R","$","E","BOSS"],"build_version":"2019-07-17","purchased_purges":5,"victory":true,"max_hp_per_floor":[70,70,70,70,70,70,70,70,70,70,70,70,70,70,70,70,70,70,70,70,70,70,70,70,70,70,70,70,70,70,70,70,70,70,70,70,70,70,70,70,70,70,70,70,70,70,70,70,70,70,70,70,70,77,77],"card_choices":[{"not_picked":["PiercingWail","Catalyst"],"picked":"Noxious Fumes","floor":1},{"not_picked":["Blade Dance","Bane"],"picked":"Quick Slash","floor":3},{"not_picked":["Bane","Slice"],"picked":"PiercingWail","floor":4},{"not_picked":["Outmaneuver","Quick Slash"],"picked":"Caltrops","floor":5},{"not_picked":["Prepared","Poisoned Stab"],"picked":"Acrobatics","floor":6},{"not_picked":["Noxious Fumes","Quick Slash"],"picked":"Glass Knife","floor":13},{"not_picked":["Skewer","Underhanded Strike"],"picked":"Catalyst+1","floor":14},{"not_picked":["Tools of the Trade","Adrenaline+1"],"picked":"Corpse Explosion+1","floor":16},{"not_picked":["Dodge and Roll+1","Bane"],"picked":"Tactician+1","floor":17},{"not_picked":["Blade Dance+1","Dodge and Roll+1"],"picked":"Acrobatics+1","floor":17},{"not_picked":["All Out Attack","Sucker Punch"],"picked":"Distraction+1","floor":17},{"not_picked":["Concentrate+1","Quick Slash"],"picked":"Deadly Poison+1","floor":17},{"not_picked":["Dagger Spray+1","Quick Slash"],"picked":"Deadly Poison+1","floor":18},{"not_picked":["Slice","Predator"],"picked":"Dodge and Roll+1","floor":19},{"not_picked":["Eviscerate","Well Laid Plans"],"picked":"Malaise+1","floor":20},{"not_picked":["Endless Agony","Prepared+1"],"picked":"Blur+1","floor":23},{"not_picked":["Poisoned Stab","Slice","Phantasmal Killer+1"],"picked":"SKIP","floor":25},{"not_picked":["Eviscerate","Accuracy"],"picked":"Prepared+1","floor":27},{"not_picked":["Bane","Endless Agony+1","Accuracy"],"picked":"SKIP","floor":30},{"not_picked":["Deflect+1","Eviscerate"],"picked":"Footwork","floor":31},{"not_picked":["Doppelganger+1","Bullet Time+1"],"picked":"Malaise+1","floor":33},{"not_picked":["Blur+1","PiercingWail+1"],"picked":"Dodge and Roll+1","floor":35},{"not_picked":["Deadly Poison+1","Eviscerate"],"picked":"Dodge and Roll+1","floor":37},{"not_picked":["PiercingWail+1","Masterful Stab"],"picked":"Reflex+1","floor":38},{"not_picked":["Flying Knee+1","Backflip+1"],"picked":"Well Laid Plans+1","floor":41},{"not_picked":["Footwork","PiercingWail+1","Calculated Gamble+1"],"picked":"SKIP","floor":46},{"not_picked":["PiercingWail+1","Calculated Gamble+1"],"picked":"Footwork","floor":46},{"not_picked":["Doppelganger+1","Riddle With Holes"],"picked":"Deflect+1","floor":47},{"not_picked":["Masterful Stab+1","Infinite Blades+1","All Out Attack"],"picked":"SKIP","floor":54}],"player_experience":1330969,"relics_obtained":[{"floor":6,"key":"MawBank"},{"floor":9,"key":"Lantern"},{"floor":10,"key":"Meat on the Bone"},{"floor":14,"key":"Omamori"},{"floor":23,"key":"Girya"},{"floor":25,"key":"Boot"},{"floor":26,"key":"Potion Belt"},{"floor":27,"key":"Shovel"},{"floor":28,"key":"Smiling Mask"},{"floor":39,"key":"Pocketwatch"},{"floor":41,"key":"Shuriken"},{"floor":45,"key":"Snake Skull"},{"floor":46,"key":"Bottled Tornado"},{"floor":52,"key":"Blue Candle"},{"floor":54,"key":"Strawberry"}],"event_choices":[{"cards_removed":["Strike_G"],"damage_healed":0,"gold_gain":0,"player_choice":"Forget","damage_taken":0,"max_hp_gain":0,"max_hp_loss":0,"event_name":"Living Wall","floor":8,"gold_loss":0},{"cards_removed":["Strike_G"],"damage_healed":0,"gold_gain":0,"player_choice":"Card Removal","damage_taken":7,"max_hp_gain":0,"max_hp_loss":0,"event_name":"Golden Wing","floor":12,"gold_loss":0},{"damage_healed":0,"gold_gain":0,"player_choice":"Searched \u00272\u0027 times","damage_taken":0,"relics_obtained":["Toxic Egg 2"],"max_hp_gain":0,"max_hp_loss":0,"event_name":"Dead Adventurer","floor":13,"gold_loss":0},{"damage_healed":0,"gold_gain":0,"player_choice":"Ignored","damage_taken":0,"max_hp_gain":0,"max_hp_loss":0,"event_name":"Ghosts","floor":21,"gold_loss":0},{"damage_healed":0,"gold_gain":0,"player_choice":"Ignored","damage_taken":0,"max_hp_gain":0,"max_hp_loss":0,"event_name":"Vampires","floor":29,"gold_loss":0},{"damage_healed":0,"gold_gain":0,"cards_transformed":["Defend_G"],"player_choice":"Transformed","damage_taken":0,"max_hp_gain":0,"max_hp_loss":0,"event_name":"Transmorgrifier","floor":36,"gold_loss":0,"cards_obtained":["Blur"]},{"damage_healed":0,"gold_gain":0,"player_choice":"Fight","damage_taken":0,"max_hp_gain":0,"max_hp_loss":0,"event_name":"Mysterious Sphere","floor":39,"gold_loss":0}],"is_beta":false,"boss_relics":[{"not_picked":["Eternal Feather","WristBlade"],"picked":"Orrery"},{"not_picked":["HoveringKite","White Beast Statue"],"picked":"Astrolabe"}],"items_purged_floors":[2,22,42,44,48],"is_endless":false,"potions_floor_spawned":[3,4,6,16,19,23,25,27,30,37,38,47,54],"ascension_level":0}