{"gold_per_floor":[112,112,124,124,141,141,153,184,234,253,270,97,97,107,107,208,208,223,148,148,167,181,181,198,198,223,255,266,266,284,297,297,401,401,417,472,488,488,588,619,619],"floor_reached":41,"playtime":2180,"items_purged":["Regret"],"score":472,"play_id":"d3ac1546-ec3d-4144-b447-eff6f9be8a22","local_time":"20190317222630","is_ascension_mode":false,"campfire_choices":[{"data":"Corruption","floor":6,"key":"SMITH"},{"data":"Madness","floor":13,"key":"SMITH"},{"data":"Dropkick","floor":15,"key":"SMITH"},{"data":"Offering","floor":23,"key":"SMITH"},{"floor":25,"key":"REST"},{"floor":29,"key":"REST"},{"floor":32,"key":"REST"}],"neow_cost":"NONE","seed_source_timestamp":101049886301097,"circlet_count":0,"master_deck":["Strike_R","Strike_R","Strike_R","Defend_R","Defend_R","Defend_R","Defend_R","Bash+1","Dropkick+1","Corruption+1","Dropkick+1","Madness+1","Offering+1","True Grit","Thunderclap","Feel No Pain","Fiend Fire","Battle Trance+1"],"relics":["Burning Blood","Paper Frog","Bronze Scales","Lantern","Runic Cube","Bag of Marbles","Cursed Key","Bird Faced Urn","Incense Burner","The Courier"],"potions_floor_usage":[8,33],"damage_taken":[{"damage":2,"enemies":"2 Louse","floor":1,"turns":4},{"damage":1,"enemies":"Cultist","floor":3,"turns":3},{"damage":5,"enemies":"Small Slimes","floor":5,"turns":3},{"damage":7,"enemies":"Looter","floor":7,"turns":3},{"damage":19,"enemies":"Gremlin Nob","floor":8,"turns":4},{"damage":2,"enemies":"2 Fungi Beasts","floor":10,"turns":3},{"damage":42,"enemies":"Large Slime","floor":11,"turns":7},{"damage":10,"enemies":"Looter","floor":14,"turns":3},{"damage":21,"enemies":"Slime Boss","floor":16,"turns":10},{"damage":22,"enemies":"Spheric Guardian","floor":18,"turns":4},{"damage":13,"enemies":"Shell Parasite","floor":21,"turns":4},{"damage":23,"enemies":"Centurion and Healer","floor":22,"turns":4},{"damage":17,"enemies":"Chosen and Byrds","floor":24,"turns":5},{"damage":31,"enemies":"Slavers","floor":27,"turns":4},{"damage":15,"enemies":"3 Cultists","floor":28,"turns":3},{"damage":24,"enemies":"Shelled Parasite and Fungi","floor":30,"turns":3},{"damage":16,"enemies":"Snake Plant","floor":31,"turns":2},{"damage":26,"enemies":"Champ","floor":33,"turns":4},{"damage":15,"enemies":"Orb Walker","floor":35,"turns":4},{"damage":56,"enemies":"2 Orb Walkers","floor":36,"turns":4},{"damage":6,"enemies":"3 Darklings","floor":37,"turns":3},{"damage":6,"enemies":"Mind Bloom Boss Battle","floor":39,"turns":5},{"damage":6,"enemies":"Giant Head","floor":40,"turns":4}],"seed_played":"470872694000562099","potions_obtained":[{"floor":1,"key":"Strength Potion"},{"floor":5,"key":"LiquidBronze"},{"floor":8,"key":"Fruit Juice"},{"floor":11,"key":"Strength Potion"},{"floor":18,"key":"Regen Potion"},{"floor":36,"key":"SpeedPotion"},{"floor":37,"key":"Weak Potion"}],"is_trial":false,"path_per_floor":["M","?","M","?","M","R","M","E","T","M","M","$","R","M","R","B",null,"M","?","?","M","M","R","M","R","T","E","M","R","M","M","R","B",null,"M","?","M","?","?","E","M"],"character_chosen":"IRONCLAD","items_purchased":["Madness"],"campfire_rested":3,"item_purchase_floors":[12],"current_hp_per_floor":[80,80,80,80,80,80,79,71,71,75,39,39,39,35,35,20,85,69,69,69,62,45,45,34,59,59,34,25,50,32,22,47,39,85,76,26,30,30,34,38,0],"gold":619,"neow_bonus":"UPGRADE_CARD","is_prod":false,"is_daily":false,"chose_seed":false,"campfire_upgraded":4,"win_rate":0,"timestamp":1552875990,"path_taken":["M","?","?","?","M","R","M","E","T","M","M","$","R","M","R","BOSS","M","?","?","M","M","R","M","R","T","E","M","R","M","M","R","BOSS","M","?","M","?","?","E","M"],"build_version":"2019-01-23","purchased_purges":1,"victory":false,"max_hp_per_floor":[80,80,80,80,80,80,80,85,85,85,85,85,85,85,85,85,85,85,85,85,85,85,85,85,85,85,85,85,85,85,85,85,85,85,85,85,85,85,85,85,85],"card_choices":[{"not_picked":["Pummel","Blood for Blood"],"picked":"Dropkick","floor":1},{"not_picked":["Sword Boomerang","Flex","Feel No Pain"],"picked":"SKIP","floor":3},{"not_picked":["Carnage","True Grit"],"picked":"Corruption","floor":5},{"not_picked":["Anger","Headbutt"],"picked":"Dropkick","floor":7},{"not_picked":["Twin Strike","Heavy Blade","Wild Strike"],"picked":"SKIP","floor":8},{"not_picked":["Metallicize","Barricade","Heavy Blade"],"picked":"SKIP","floor":10},{"not_picked":["Clothesline","Wild Strike","Clash"],"picked":"SKIP","floor":11},{"not_picked":["Anger","Cleave","Heavy Blade"],"picked":"SKIP","floor":14},{"not_picked":["Bludgeon","Double Tap"],"picked":"Offering","floor":16},{"not_picked":["Body Slam","Shrug It Off"],"picked":"True Grit","floor":18},{"not_picked":["Iron Wave","Infernal Blade","Clash"],"picked":"SKIP","floor":21},{"not_picked":["Body Slam","Hemokinesis+1","Heavy Blade"],"picked":"SKIP","floor":22},{"not_picked":["Sword Boomerang","Iron Wave"],"picked":"Feel No Pain","floor":24},{"not_picked":["Pommel Strike","Whirlwind+1","Bludgeon"],"picked":"SKIP","floor":27},{"not_picked":["Whirlwind","Wild Strike+1","Twin Strike"],"picked":"SKIP","floor":28},{"not_picked":["Body Slam","Rampage","Clothesline"],"picked":"SKIP","floor":30},{"not_picked":["Hemokinesis","Iron Wave","Metallicize"],"picked":"SKIP","floor":31},{"not_picked":["Exhume","Demon Form"],"picked":"Fiend Fire","floor":33},{"not_picked":["Sword Boomerang+1","Havoc+1","Clash+1"],"picked":"SKIP","floor":35},{"not_picked":["Bloodletting+1","Inflame","Pommel Strike+1"],"picked":"SKIP","floor":37},{"not_picked":["Feel No Pain+1","Searing Blow"],"picked":"Battle Trance+1","floor":40}],"player_experience":728107,"relics_obtained":[{"floor":8,"key":"Bronze Scales"},{"floor":9,"key":"Lantern"},{"floor":27,"key":"Bag of Marbles"},{"floor":36,"key":"Bird Faced Urn"},{"floor":39,"key":"Incense Burner"},{"floor":40,"key":"The Courier"}],"event_choices":[{"damage_healed":0,"gold_gain":0,"player_choice":"Forge","damage_taken":0,"max_hp_gain":0,"max_hp_loss":0,"event_name":"Accursed Blacksmith","floor":2,"gold_loss":0,"cards_upgraded":["Dropkick"]},{"damage_healed":0,"gold_gain":0,"player_choice":"Box","damage_taken":0,"relics_obtained":["Paper Frog"],"max_hp_gain":0,"max_hp_loss":0,"event_name":"Big Fish","floor":4,"gold_loss":0,"cards_obtained":["Regret"]},{"cards_removed":["Strike_R"],"damage_healed":0,"gold_gain":0,"player_choice":"Gave Gold","damage_taken":0,"max_hp_gain":0,"max_hp_loss":0,"event_name":"Beggar","floor":19,"gold_loss":75},{"damage_healed":0,"gold_gain":0,"player_choice":"Read","damage_taken":0,"max_hp_gain":0,"max_hp_loss":0,"event_name":"The Library","floor":20,"gold_loss":0,"cards_obtained":["Thunderclap"]},{"damage_healed":0,"gold_gain":0,"player_choice":"Fight","damage_taken":0,"max_hp_gain":0,"max_hp_loss":0,"event_name":"Mysterious Sphere","floor":36,"gold_loss":0},{"cards_removed":["Strike_R"],"damage_healed":0,"gold_gain":0,"player_choice":"Removed Attack","damage_taken":0,"max_hp_gain":0,"max_hp_loss":0,"event_name":"Falling","floor":38,"gold_loss":0},{"damage_healed":0,"gold_gain":0,"player_choice":"Fight","damage_taken":0,"max_hp_gain":0,"max_hp_loss":0,"event_name":"MindBloom","floor":39,"gold_loss":0}],"is_beta":false,"boss_relics":[{"not_picked":["Coffee Dripper","Astrolabe"],"picked":"Runic Cube"},{"not_picked":["Calling Bell","Black Blood"],"picked":"Cursed Key"}],"items_purged_floors":[12],"is_endless":false,"potions_floor_spawned":[1,5,8,11,18,21,22,31,36,37],"killed_by":"4 Shapes","ascension_level":0}