{"gold_per_floor":[119,131,131,142,142,173,185,217,252,339,383,79,110,123,123,198,198,215,229,229,229,246,246],"floor_reached":23,"playtime":1004,"items_purged":["Strike_B"],"score":369,"play_id":"fe2b7a68-f818-442b-bda5-7bc0ad9c3a5b","local_time":"20191011231127","is_ascension_mode":true,"campfire_choices":[{"floor":7.0,"key":"REST"},{"data":"Defragment","floor":15.0,"key":"SMITH"}],"neow_cost":"NONE","seed_source_timestamp":197942098959600,"circlet_count":0,"master_deck":["AscendersBane","Strike_B","Strike_B","Defend_B","Defend_B","Defend_B","Defend_B","Zap","Dualcast","Compile Driver+1","Sweeping Beam","Rip and Tear+1","Cold Snap","FTL","Defragment+1","Coolheaded","Ball Lightning","Coolheaded","Echo Form","RitualDagger"],"special_seed":0,"relics":["Cracked Core","NeowsBlessing","DataDisk","MawBank","Whetstone","Shovel","Medical Kit","The Courier","Snecko Eye"],"potions_floor_usage":[],"damage_taken":[{"damage":0.0,"enemies":"Cultist","floor":1.0,"turns":1.0},{"damage":0.0,"enemies":"2 Louse","floor":2.0,"turns":1.0},{"damage":0.0,"enemies":"Small Slimes","floor":4.0,"turns":1.0},{"damage":20.0,"enemies":"Lagavulin","floor":6.0,"turns":7.0},{"damage":1.0,"enemies":"2 Fungi Beasts","floor":8.0,"turns":3.0},{"damage":18.0,"enemies":"3 Sentries","floor":11.0,"turns":5.0},{"damage":14.0,"enemies":"Lagavulin","floor":13.0,"turns":6.0},{"damage":2.0,"enemies":"Large Slime","floor":14.0,"turns":3.0},{"damage":3.0,"enemies":"Slime Boss","floor":16.0,"turns":7.0},{"damage":20,"enemies":"3 Byrds","floor":18,"turns":5},{"damage":1,"enemies":"Chosen","floor":19,"turns":5},{"damage":11,"enemies":"Centurion and Healer","floor":22,"turns":6},{"damage":32,"enemies":"Book of Stabbing","floor":23,"turns":3}],"seed_played":"234689168793579831","potions_obtained":[{"floor":4.0,"key":"SteroidPotion"},{"floor":6.0,"key":"Fruit Juice"},{"floor":11.0,"key":"SpeedPotion"},{"floor":22,"key":"DuplicationPotion"}],"is_trial":false,"path_per_floor":["M","M","?","M","?","E","R","M","T","?","E","$","E","M","R","B",null,"M","M","?","?","M","E"],"character_chosen":"DEFECT","items_purchased":["Defragment","Medical Kit","Coolheaded"],"campfire_rested":1,"item_purchase_floors":[12,12,12],"current_hp_per_floor":[64,64,59,59,52,32,59,58,58,47,29,29,15,13,13,10,60,40,39,39,33,22,0],"gold":246,"neow_bonus":"THREE_ENEMY_KILL","is_prod":false,"is_daily":false,"chose_seed":false,"campfire_upgraded":1,"win_rate":0,"timestamp":1570828287,"path_taken":["M","M","?","M","?","E","R","M","T","?","E","$","E","M","R","BOSS","M","M","?","?","M","E"],"build_version":"2019-10-11","purchased_purges":1,"victory":false,"max_hp_per_floor":[71,71,71,71,71,71,76,76,76,76,76,76,76,76,76,76,76,76,76,76,76,76,76],"card_choices":[{"not_picked":["Skim","Barrage"],"picked":"Compile Driver","floor":1.0},{"not_picked":["Cold Snap","Beam Cell"],"picked":"Sweeping Beam","floor":2.0},{"not_picked":["Barrage","Chaos"],"picked":"Rip and Tear","floor":4.0},{"not_picked":["Compile Driver","Hologram"],"picked":"Cold Snap","floor":6.0},{"not_picked":["Rip and Tear","Rebound","Redo"],"picked":"SKIP","floor":8.0},{"not_picked":["Reinforced Body","Turbo"],"picked":"FTL","floor":11.0},{"not_picked":["Rebound","Lockon"],"picked":"Ball Lightning","floor":13.0},{"not_picked":["Barrage","Go for the Eyes"],"picked":"Coolheaded","floor":14.0},{"not_picked":["Meteor Strike","Rainbow"],"picked":"Echo Form","floor":16.0},{"not_picked":["Blizzard","Double Energy","BootSequence+1"],"picked":"SKIP","floor":18},{"not_picked":["Steam","Stack","Melter"],"picked":"SKIP","floor":19},{"not_picked":["Cold Snap","Double Energy","Blizzard"],"picked":"SKIP","floor":22}],"player_experience":1006521,"relics_obtained":[{"floor":6.0,"key":"MawBank"},{"floor":9.0,"key":"Whetstone"},{"floor":11.0,"key":"Shovel"},{"floor":13.0,"key":"The Courier"}],"event_choices":[{"damage_healed":0.0,"max_hp_gain":0.0,"max_hp_loss":0.0,"gold_gain":0.0,"event_name":"Scrap Ooze","player_choice":"Success","floor":3.0,"gold_loss":0.0,"damage_taken":5.0,"relics_obtained":["DataDisk"]},{"cards_removed":["Strike_B"],"damage_healed":0.0,"max_hp_gain":0.0,"max_hp_loss":0.0,"gold_gain":0.0,"event_name":"Golden Wing","player_choice":"Card Removal","floor":5.0,"gold_loss":0.0,"damage_taken":7.0},{"damage_healed":0.0,"max_hp_gain":0.0,"max_hp_loss":0.0,"gold_gain":75.0,"event_name":"World of Goop","player_choice":"Gather Gold","floor":10.0,"gold_loss":0.0,"damage_taken":11.0},{"damage_healed":0,"gold_gain":0,"player_choice":"Ignored","damage_taken":0,"max_hp_gain":0,"max_hp_loss":0,"event_name":"Vampires","floor":20,"gold_loss":0},{"damage_healed":0,"gold_gain":0,"player_choice":"Joined the Cult","damage_taken":6,"max_hp_gain":0,"max_hp_loss":0,"event_name":"Nest","floor":21,"gold_loss":0,"cards_obtained":["RitualDagger"]}],"is_beta":true,"boss_relics":[{"not_picked":["Philosopher\u0027s Stone","Calling Bell"],"picked":"Snecko Eye"}],"items_purged_floors":[12],"is_endless":false,"potions_floor_spawned":[4,6,11,19,22],"killed_by":"Book of Stabbing","ascension_level":15}