{"gold_per_floor":[117,133,133,143,161,161,196,121,121,121,150,200,200,217,217,295,295,295,220,220,220,220,220,220,220,220,220,12,12,12,12,12,12,12,12,12,12,12,12,12,12,12,12,12,12,12,12,12,12,12],"floor_reached":51,"playtime":3354,"items_purged":["Defend_B","Dualcast"],"score":1298,"play_id":"911d2c23-97c9-4a35-ae43-ebbaae90f070","local_time":"20190626204539","is_ascension_mode":true,"campfire_choices":[{"floor":6.0,"key":"REST"},{"floor":10.0,"key":"REST"},{"data":"Zap","floor":13.0,"key":"SMITH"},{"data":"Streamline","floor":15.0,"key":"SMITH"},{"data":"Hologram","floor":23.0,"key":"SMITH"},{"floor":27.0,"key":"REST"},{"data":"Auto Shields","floor":32.0,"key":"SMITH"},{"floor":41,"key":"REST"},{"data":"Coolheaded","floor":44,"key":"SMITH"},{"floor":49,"key":"REST"}],"neow_cost":"NONE","seed_source_timestamp":559177143494469,"circlet_count":0,"master_deck":["AscendersBane","Defend_B+1","Defend_B+1","Defend_B+1","Zap+1","Auto Shields+1","Melter","Genetic Algorithm+1","Self Repair","Streamline+1","Reprogram+1","Loop+1","Machine Learning+1","Defragment+1","Hologram+1","Coolheaded+1","Cold Snap","Defragment+1","Capacitor+1","Electrodynamics+1","Sweeping Beam+1","BootSequence+1","Coolheaded+1","Seek"],"special_seed":0,"relics":["Cracked Core","Whetstone","Oddly Smooth Stone","Pear","Frozen Egg 2","Ectoplasm","Bottled Flame","Blood Vial","MutagenicStrength","Pantograph","DataDisk","Empty Cage","War Paint","Bottled Tornado","Bag of Preparation"],"potions_floor_usage":[37,40,50],"damage_taken":[{"damage":7.0,"enemies":"Small Slimes","floor":1.0,"turns":4.0},{"damage":0.0,"enemies":"2 Louse","floor":2.0,"turns":3.0},{"damage":0.0,"enemies":"Cultist","floor":4.0,"turns":3.0},{"damage":14.0,"enemies":"Lots of Slimes","floor":5.0,"turns":5.0},{"damage":26.0,"enemies":"Lagavulin","floor":7.0,"turns":5.0},{"damage":18.0,"enemies":"Gremlin Nob","floor":11.0,"turns":4.0},{"damage":0.0,"enemies":"Large Slime","floor":14.0,"turns":6.0},{"damage":44.0,"enemies":"Hexaghost","floor":16.0,"turns":11.0},{"damage":8.0,"enemies":"Shell Parasite","floor":18.0,"turns":5.0},{"damage":0.0,"enemies":"Spheric Guardian","floor":22.0,"turns":3.0},{"damage":24.0,"enemies":"Book of Stabbing","floor":24.0,"turns":4.0},{"damage":9.0,"enemies":"Shelled Parasite and Fungi","floor":29.0,"turns":6.0},{"damage":6.0,"enemies":"Gremlin Leader","floor":30.0,"turns":9.0},{"damage":6.0,"enemies":"Chosen and Byrds","floor":31.0,"turns":5.0},{"damage":6.0,"enemies":"Automaton","floor":33.0,"turns":12.0},{"damage":9.0,"enemies":"3 Shapes","floor":35.0,"turns":3.0},{"damage":0.0,"enemies":"Orb Walker","floor":36.0,"turns":3.0},{"damage":42,"enemies":"Writhing Mass","floor":37,"turns":6},{"damage":16,"enemies":"Jaw Worm Horde","floor":38,"turns":2},{"damage":6,"enemies":"Reptomancer","floor":40,"turns":6},{"damage":2,"enemies":"Transient","floor":42,"turns":5},{"damage":4,"enemies":"Spire Growth","floor":46,"turns":6},{"damage":18,"enemies":"Jaw Worm Horde","floor":47,"turns":3},{"damage":2,"enemies":"Nemesis","floor":48,"turns":8},{"damage":26,"enemies":"Time Eater","floor":50,"turns":20}],"seed_played":"-8693511926749515614","potions_obtained":[{"floor":1.0,"key":"SteroidPotion"},{"floor":2.0,"key":"Block Potion"},{"floor":5.0,"key":"FearPotion"},{"floor":22.0,"key":"Strength Potion"},{"floor":24.0,"key":"Dexterity Potion"},{"floor":36.0,"key":"Block Potion"},{"floor":39,"key":"Regen Potion"},{"floor":42,"key":"FearPotion"}],"is_trial":false,"path_per_floor":["M","M","?","M","M","R","E","?","T","R","E","?","R","M","R","B",null,"M","$","T","?","M","R","E","?","T","R","$","M","E","M","R","B",null,"M","M","M","M","?","E","R","M","T","R","$","M","M","E","R","B",null],"character_chosen":"DEFECT","items_purchased":["Cold Snap","Defragment+1"],"campfire_rested":5,"item_purchase_floors":[28,28],"current_hp_per_floor":[57,57,50,50,36,57,38,38,48,72,61,61,61,68,68,31,69,68,68,68,68,68,68,44,44,44,68,68,68,71,74,74,81,81,79,81,46,39,39,57,81,81,81,81,81,81,63,70,81,62],"gold":12,"neow_bonus":"RANDOM_COMMON_RELIC","is_prod":false,"is_daily":false,"chose_seed":false,"campfire_upgraded":5,"win_rate":0,"timestamp":1561596339,"path_taken":["M","M","?","M","M","R","E","?","T","R","E","?","R","?","R","BOSS","M","$","?","?","M","R","E","?","T","R","$","M","E","?","R","BOSS","M","M","M","M","?","E","R","M","T","R","$","M","?","E","R","BOSS"],"build_version":"2019-01-23","purchased_purges":2,"victory":true,"max_hp_per_floor":[71,71,71,71,71,71,71,71,81,81,81,81,81,81,81,81,81,81,81,81,81,81,81,81,81,81,81,81,81,81,81,81,81,81,81,81,81,81,81,81,81,81,81,81,81,81,81,81,81,81],"card_choices":[{"not_picked":["Redo","Beam Cell"],"picked":"Auto Shields","floor":1.0},{"not_picked":["Streamline","Cold Snap"],"picked":"Melter","floor":2.0},{"not_picked":["Gash","Stack"],"picked":"Genetic Algorithm","floor":4.0},{"not_picked":["Hello World","Storm"],"picked":"Self Repair","floor":5.0},{"not_picked":["Barrage","Storm"],"picked":"Streamline","floor":7.0},{"not_picked":["FTL","Compile Driver"],"picked":"Reprogram","floor":11.0},{"not_picked":["Amplify","Turbo"],"picked":"Loop+1","floor":14.0},{"not_picked":["Hyperbeam","Thunder Strike"],"picked":"Machine Learning+1","floor":16.0},{"not_picked":["Redo","Glacier"],"picked":"Defragment+1","floor":18.0},{"not_picked":["Recycle","Streamline"],"picked":"Hologram","floor":22.0},{"not_picked":["Compile Driver","BootSequence"],"picked":"Coolheaded+1","floor":24.0},{"not_picked":["Hologram","Self Repair+1","Meteor Strike"],"picked":"SKIP","floor":29.0},{"not_picked":["Tempest+1","Chaos"],"picked":"Capacitor+1","floor":30.0},{"not_picked":["Reprogram","Redo","Hologram"],"picked":"SKIP","floor":31.0},{"not_picked":["Amplify","Biased Cognition+1"],"picked":"Electrodynamics+1","floor":33.0},{"not_picked":["Steam","Redo","Turbo"],"picked":"SKIP","floor":35.0},{"not_picked":["Beam Cell","Rebound"],"picked":"Sweeping Beam+1","floor":36.0},{"not_picked":["Go for the Eyes","Beam Cell","Turbo"],"picked":"SKIP","floor":37},{"not_picked":["Barrage+1","Rebound"],"picked":"BootSequence+1","floor":38},{"not_picked":["White Noise","Conserve Battery+1","Multi-Cast"],"picked":"SKIP","floor":40},{"not_picked":["Auto Shields","Coolheaded","Barrage"],"picked":"SKIP","floor":42},{"not_picked":["Auto Shields","Barrage"],"picked":"Coolheaded","floor":42},{"not_picked":["Sweeping Beam","Stack","Conserve Battery+1"],"picked":"SKIP","floor":46},{"not_picked":["Lockon+1","Beam Cell","Redo+1"],"picked":"SKIP","floor":47},{"not_picked":["Glacier","Chaos+1"],"picked":"Seek","floor":48}],"player_experience":1060662,"relics_obtained":[{"floor":7.0,"key":"Oddly Smooth Stone"},{"floor":9.0,"key":"Pear"},{"floor":11.0,"key":"Frozen Egg 2"},{"floor":20.0,"key":"Bottled Flame"},{"floor":24.0,"key":"Blood Vial"},{"floor":26.0,"key":"Pantograph"},{"floor":30.0,"key":"DataDisk"},{"floor":40,"key":"War Paint"},{"floor":43,"key":"Bottled Tornado"},{"floor":48,"key":"Bag of Preparation"}],"event_choices":[{"cards_removed":["Strike_B"],"damage_healed":0.0,"max_hp_gain":0.0,"max_hp_loss":0.0,"gold_gain":0.0,"event_name":"Golden Wing","player_choice":"Card Removal","floor":3.0,"gold_loss":0.0,"damage_taken":7.0},{"cards_removed":["Strike_B"],"damage_healed":0.0,"max_hp_gain":0.0,"max_hp_loss":0.0,"gold_gain":0.0,"event_name":"The Cleric","player_choice":"Card Removal","floor":8.0,"gold_loss":75.0,"damage_taken":0.0},{"damage_healed":0.0,"max_hp_gain":0.0,"max_hp_loss":0.0,"gold_gain":50.0,"event_name":"Golden Shrine","player_choice":"Pray","floor":12.0,"gold_loss":0.0,"damage_taken":0.0},{"damage_healed":0.0,"max_hp_gain":0.0,"max_hp_loss":0.0,"gold_gain":0.0,"event_name":"Back to Basics","player_choice":"Simplicity","floor":21.0,"gold_loss":0.0,"damage_taken":0.0,"cards_upgraded":["Defend_B","Defend_B","Defend_B"]},{"damage_healed":0.0,"max_hp_gain":0.0,"max_hp_loss":0.0,"gold_gain":0.0,"event_name":"Drug Dealer","player_choice":"Inject Mutagens","floor":25.0,"gold_loss":0.0,"damage_taken":0.0,"relics_obtained":["MutagenicStrength"]},{"damage_healed":0,"gold_gain":0,"player_choice":"Got Potions","damage_taken":0,"max_hp_gain":0,"max_hp_loss":0,"event_name":"Lab","floor":39,"gold_loss":0}],"is_beta":false,"boss_relics":[{"not_picked":["Astrolabe","Cursed Key"],"picked":"Ectoplasm"},{"not_picked":["Philosopher\u0027s Stone","Velvet Choker"],"picked":"Empty Cage"}],"items_purged_floors":[19,28],"is_endless":false,"potions_floor_spawned":[1,2,5,22,24,36,42],"ascension_level":16}