{"gold_per_floor":[163,60,210,2,2,36,49,49,49,4,31,31,31,65,65,140,140,153,2,29,29,29,54,54,54],"floor_reached":25,"playtime":1477,"items_purged":["Doubt"],"score":404,"play_id":"309a63aa-7fea-4e87-a268-d9ddb3adfacb","local_time":"20190719150932","is_ascension_mode":true,"campfire_choices":[{"data":"Caltrops","floor":8.0,"key":"SMITH"},{"floor":15.0,"key":"REST"}],"neow_cost":"NONE","seed_source_timestamp":711701099670314,"circlet_count":0,"master_deck":["AscendersBane","Strike_G+1","Strike_G","Strike_G","Strike_G","Strike_G","Defend_G","Defend_G","Defend_G","Defend_G","Defend_G","Survivor+1","Neutralize+1","Footwork","Backflip","Backflip","Caltrops+1","Footwork","Well Laid Plans","Acrobatics","Dodge and Roll","Deadly Poison","Leg Sweep","Corpse Explosion","Crippling Poison","Writhe","RitualDagger","Reflex","Escape Plan"],"special_seed":0,"relics":["Tiny House","DollysMirror","Turnip","Incense Burner","Whetstone","Strawberry","Vajra","Regal Pillow","HoveringKite","Anchor","FossilizedHelix"],"potions_floor_usage":[],"damage_taken":[{"damage":0.0,"enemies":"Cultist","floor":1.0,"turns":4.0},{"damage":6.0,"enemies":"3 Sentries","floor":6.0,"turns":17.0},{"damage":2.0,"enemies":"Jaw Worm","floor":7.0,"turns":7.0},{"damage":26.0,"enemies":"Gremlin Nob","floor":11.0,"turns":6.0},{"damage":9.0,"enemies":"Lagavulin","floor":14.0,"turns":11.0},{"damage":29.0,"enemies":"Slime Boss","floor":16.0,"turns":22.0},{"damage":7.0,"enemies":"Spheric Guardian","floor":18.0,"turns":8.0},{"damage":13.0,"enemies":"Slavers","floor":23.0,"turns":2.0},{"damage":39,"enemies":"Book of Stabbing","floor":25,"turns":6}],"seed_played":"5539910298182751753","potions_obtained":[{"floor":0.0,"key":"EssenceOfSteel"},{"floor":1.0,"key":"Weak Potion"},{"floor":6.0,"key":"LiquidBronze"},{"floor":7.0,"key":"Fire Potion"},{"floor":11.0,"key":"Explosive Potion"},{"floor":23.0,"key":"Explosive Potion"}],"is_trial":false,"path_per_floor":["M","$","?","$","?","E","M","R","T","$","E","$","?","E","R","B",null,"M","$","T","?","?","E","?","E"],"character_chosen":"THE_SILENT","items_purchased":["Backflip","Caltrops","DollysMirror","Dodge and Roll","Crippling Poison"],"campfire_rested":1,"item_purchase_floors":[2,2,4,10,19],"current_hp_per_floor":[64,64,64,64,38,32,30,30,30,30,11,11,11,2,40,11,61,54,54,54,54,48,35,35,0],"gold":54,"neow_bonus":"BOSS_RELIC","is_prod":false,"is_daily":false,"chose_seed":false,"campfire_upgraded":1,"win_rate":0,"timestamp":1563541772,"path_taken":["M","?","?","$","?","E","M","R","T","$","E","?","?","E","R","BOSS","M","$","?","?","?","E","?","E"],"build_version":"2019-07-17","purchased_purges":1,"victory":false,"max_hp_per_floor":[71,71,71,71,71,71,71,71,71,71,78,78,78,78,78,78,78,78,78,78,78,78,78,78,78],"card_choices":[{"not_picked":["Endless Agony","Flying Knee"],"picked":"Footwork","floor":0.0},{"not_picked":["Terror","Outmaneuver"],"picked":"Backflip","floor":1.0},{"not_picked":["Cloak And Dagger","Quick Slash"],"picked":"Well Laid Plans","floor":6.0},{"not_picked":["Flechettes","Infinite Blades"],"picked":"Acrobatics","floor":7.0},{"not_picked":["Backstab","Expertise"],"picked":"Deadly Poison","floor":11.0},{"not_picked":["Masterful Stab","Deadly Poison"],"picked":"Leg Sweep","floor":14.0},{"not_picked":["Wraith Form v2","Tools of the Trade"],"picked":"Corpse Explosion","floor":16.0},{"not_picked":["Outmaneuver","Flying Knee+1","Sucker Punch"],"picked":"SKIP","floor":18.0},{"not_picked":["PiercingWail","Skewer+1"],"picked":"Reflex","floor":23.0}],"player_experience":658066,"relics_obtained":[{"floor":6.0,"key":"Incense Burner"},{"floor":9.0,"key":"Whetstone"},{"floor":11.0,"key":"Strawberry"},{"floor":13.0,"key":"Vajra"},{"floor":14.0,"key":"Regal Pillow"},{"floor":23.0,"key":"FossilizedHelix"}],"event_choices":[{"damage_healed":0.0,"max_hp_gain":0.0,"max_hp_loss":0.0,"gold_gain":150.0,"event_name":"Liars Game","player_choice":"AGREE","floor":3.0,"gold_loss":0.0,"damage_taken":0.0,"cards_obtained":["Doubt"]},{"damage_healed":0.0,"max_hp_gain":0.0,"max_hp_loss":0.0,"gold_gain":0.0,"event_name":"Scrap Ooze","player_choice":"Success","floor":5.0,"gold_loss":0.0,"damage_taken":26.0,"relics_obtained":["Turnip"]},{"damage_healed":0.0,"max_hp_gain":0.0,"max_hp_loss":0.0,"gold_gain":0.0,"event_name":"Wheel of Change","player_choice":"Relic","floor":13.0,"gold_loss":0.0,"damage_taken":0.0},{"damage_healed":0.0,"max_hp_gain":0.0,"max_hp_loss":0.0,"gold_gain":0.0,"event_name":"The Mausoleum","player_choice":"Opened","floor":21.0,"gold_loss":0.0,"damage_taken":0.0,"relics_obtained":["Anchor"],"cards_obtained":["Writhe"]},{"damage_healed":0.0,"max_hp_gain":0.0,"max_hp_loss":0.0,"gold_gain":0.0,"event_name":"Nest","player_choice":"Joined the Cult","floor":22.0,"gold_loss":0.0,"damage_taken":6.0,"cards_obtained":["RitualDagger"]},{"damage_healed":0.0,"max_hp_gain":0.0,"max_hp_loss":0.0,"gold_gain":0.0,"event_name":"The Library","player_choice":"Read","floor":24.0,"gold_loss":0.0,"damage_taken":0.0,"cards_obtained":["Escape Plan"]}],"is_beta":false,"boss_relics":[{"not_picked":["Ectoplasm","Calling Bell"],"picked":"HoveringKite"}],"items_purged_floors":[19],"is_endless":false,"potions_floor_spawned":[1,6,7,11,18,23],"killed_by":"Book of Stabbing","ascension_level":15}