{"gold_per_floor":[118,118,118,118,136,136,177,201,249,263,278,278,297,316,316,316],"floor_reached":16,"playtime":545,"items_purged":[],"score":182,"play_id":"a5b48e3b-7241-4a8e-9cee-322f401fa5aa","local_time":"20190725213814","is_ascension_mode":true,"campfire_choices":[{"data":"Poisoned Stab","floor":6.0,"key":"SMITH"},{"floor":12.0,"key":"REST"},{"floor":15.0,"key":"REST"}],"neow_cost":"NONE","seed_source_timestamp":1254227584494941,"circlet_count":0,"master_deck":["AscendersBane","Strike_G","Strike_G","Strike_G","Strike_G","Defend_G","Defend_G","Defend_G","Defend_G","Defend_G","Survivor","Neutralize","Poisoned Stab+1","Acrobatics","Dagger Spray","Cloak And Dagger","Bouncing Flask","Burst","Crippling Poison","Backstab"],"special_seed":0,"relics":["Ring of the Snake","Smiling Mask","Dream Catcher","Golden Idol","Snake Skull","Bronze Scales"],"potions_floor_usage":[16],"damage_taken":[{"damage":0.0,"enemies":"2 Louse","floor":1.0,"turns":3.0},{"damage":0.0,"enemies":"Small Slimes","floor":5.0,"turns":5.0},{"damage":46.0,"enemies":"Lagavulin","floor":7.0,"turns":11.0},{"damage":0.0,"enemies":"Cultist","floor":8.0,"turns":3.0},{"damage":0.0,"enemies":"Looter","floor":10.0,"turns":3.0},{"damage":0.0,"enemies":"2 Fungi Beasts","floor":11.0,"turns":3.0},{"damage":7.0,"enemies":"Exordium Wildlife","floor":13.0,"turns":4.0},{"damage":6.0,"enemies":"Lots of Slimes","floor":14.0,"turns":2.0},{"damage":31,"enemies":"Slime Boss","floor":16,"turns":7}],"seed_played":"-1003225570061237358","potions_obtained":[{"floor":5.0,"key":"Dexterity Potion"},{"floor":8.0,"key":"AttackPotion"}],"is_trial":false,"path_per_floor":["M","?","?","?","M","R","E","M","T","M","M","R","M","M","R","B"],"character_chosen":"THE_SILENT","items_purchased":[],"campfire_rested":2,"item_purchase_floors":[],"current_hp_per_floor":[59,48,48,48,48,48,2,2,2,2,2,20,13,7,25,0],"gold":316,"neow_bonus":"RANDOM_COMMON_RELIC","is_prod":false,"is_daily":false,"chose_seed":false,"campfire_upgraded":1,"win_rate":0,"timestamp":1564083494,"path_taken":["M","?","?","?","M","R","E","M","T","M","M","R","M","?","R","BOSS"],"build_version":"2019-07-17","purchased_purges":0,"victory":false,"max_hp_per_floor":[66,66,60,60,60,60,60,60,60,60,60,60,60,60,60,60],"card_choices":[{"not_picked":["Acrobatics","Backflip"],"picked":"Poisoned Stab","floor":1.0},{"not_picked":["Masterful Stab","Underhanded Strike"],"picked":"Dagger Spray","floor":5.0},{"not_picked":["Flechettes","Sucker Punch"],"picked":"Cloak And Dagger","floor":7.0},{"not_picked":["Predator","Flechettes","Finisher"],"picked":"SKIP","floor":8.0},{"not_picked":["Outmaneuver","Tactician","Acrobatics"],"picked":"SKIP","floor":10.0},{"not_picked":["Terror","Sucker Punch"],"picked":"Bouncing Flask","floor":11.0},{"not_picked":["Deadly Poison","Setup"],"picked":"Burst","floor":12.0},{"not_picked":["Prepared","Heel Hook","Deadly Poison"],"picked":"SKIP","floor":13.0},{"not_picked":["Outmaneuver","Slice"],"picked":"Crippling Poison","floor":14.0},{"not_picked":["Accuracy","Cloak And Dagger"],"picked":"Backstab","floor":15.0}],"player_experience":690431,"relics_obtained":[{"floor":7.0,"key":"Snake Skull"},{"floor":9.0,"key":"Bronze Scales"}],"event_choices":[{"damage_healed":0.0,"max_hp_gain":0.0,"max_hp_loss":0.0,"gold_gain":0.0,"event_name":"Scrap Ooze","player_choice":"Success","floor":2.0,"gold_loss":0.0,"damage_taken":11.0,"relics_obtained":["Dream Catcher"]},{"damage_healed":0.0,"max_hp_gain":0.0,"max_hp_loss":6.0,"gold_gain":0.0,"event_name":"Golden Idol","player_choice":"Lose Max HP","floor":3.0,"gold_loss":0.0,"damage_taken":0.0,"relics_obtained":["Golden Idol"]},{"damage_healed":0.0,"max_hp_gain":0.0,"max_hp_loss":0.0,"gold_gain":0.0,"cards_transformed":["Strike_G"],"event_name":"Transmorgrifier","player_choice":"Transformed","floor":4.0,"gold_loss":0.0,"damage_taken":0.0,"cards_obtained":["Acrobatics"]}],"is_beta":false,"boss_relics":[],"items_purged_floors":[],"is_endless":false,"potions_floor_spawned":[5,8,11],"killed_by":"Slime Boss","ascension_level":15}