{"gold_per_floor":[110,124,49,49,67,67,100,100,154,185,204,204,204,204,204,278,278,278,278,278,278,278,278,278,278,278,278,278,278,278,278,278,278,278,278,278,278,278,278,278,278,278,278,11,11,11,11,11,11,11],"floor_reached":50,"playtime":2809,"items_purged":["Strike_G"],"score":1058,"play_id":"a5c386d7-e6aa-42b6-924d-3774da91f419","local_time":"20190616161908","is_ascension_mode":true,"campfire_choices":[{"data":"Dagger Spray","floor":6,"key":"SMITH"},{"floor":8,"key":"REST"},{"floor":12,"key":"REST"},{"data":"Deadly Poison","floor":15,"key":"SMITH"},{"floor":24,"key":"REST"},{"floor":27,"key":"REST"},{"data":"Caltrops","floor":32,"key":"SMITH"},{"floor":40,"key":"REST"},{"floor":47,"key":"REST"},{"floor":49,"key":"REST"}],"neow_cost":"NONE","seed_source_timestamp":2294811346623404,"circlet_count":0,"master_deck":["AscendersBane","Defend_G","Defend_G","Defend_G","Defend_G","Defend_G","Strike_G+1","Strike_G+1","Survivor","Neutralize+1","Dagger Spray+1","Escape Plan","Leg Sweep","Deadly Poison+1","Caltrops+1","Envenom","Bouncing Flask+1","Catalyst","Backflip","Wraith Form v2","Catalyst","Corpse Explosion","Madness","Caltrops","PiercingWail","Deadly Poison+1","Well Laid Plans"],"relics":["Ring of the Snake","Ancient Tea Set","Tiny Chest","Singing Bowl","Regal Pillow","Ectoplasm","WarpedTongs","StoneCalendar","Lantern","Strawberry","Paper Crane","Anchor","Matryoshka","Empty Cage","GremlinMask","Dead Branch","Oddly Smooth Stone","Whetstone","DollysMirror"],"potions_floor_usage":[10,10,21,23,33,39,50,50],"damage_taken":[{"damage":4,"enemies":"Jaw Worm","floor":1,"turns":6},{"damage":5,"enemies":"2 Louse","floor":2,"turns":2},{"damage":2,"enemies":"Small Slimes","floor":5,"turns":3},{"damage":49,"enemies":"Lagavulin","floor":7,"turns":11},{"damage":20,"enemies":"3 Sentries","floor":10,"turns":11},{"damage":0,"enemies":"Looter","floor":11,"turns":4},{"damage":3,"enemies":"The Guardian","floor":16,"turns":11},{"damage":5,"enemies":"Shell Parasite","floor":18,"turns":7},{"damage":4,"enemies":"Chosen","floor":20,"turns":5},{"damage":12,"enemies":"Snake Plant","floor":21,"turns":5},{"damage":21,"enemies":"Book of Stabbing","floor":23,"turns":6},{"damage":31,"enemies":"Slavers","floor":25,"turns":5},{"damage":5,"enemies":"Book of Stabbing","floor":28,"turns":5},{"damage":13,"enemies":"Snecko","floor":31,"turns":6},{"damage":43,"enemies":"Collector","floor":33,"turns":10},{"damage":16,"enemies":"3 Darklings","floor":35,"turns":4},{"damage":1,"enemies":"Orb Walker","floor":38,"turns":2},{"damage":14,"enemies":"Sphere and 2 Shapes","floor":39,"turns":6},{"damage":32,"enemies":"Reptomancer","floor":41,"turns":6},{"damage":24,"enemies":"Spire Growth","floor":42,"turns":5},{"damage":16,"enemies":"3 Darklings","floor":45,"turns":3},{"damage":0,"enemies":"Jaw Worm Horde","floor":46,"turns":3},{"damage":40,"enemies":"4 Shapes","floor":48,"turns":4},{"damage":67,"enemies":"Awakened One","floor":50,"turns":11}],"seed_played":"3653313494997106716","potions_obtained":[{"floor":5,"key":"SkillPotion"},{"floor":7,"key":"Energy Potion"},{"floor":10,"key":"Block Potion"},{"floor":11,"key":"FearPotion"},{"floor":21,"key":"Ancient Potion"},{"floor":25,"key":"SpeedPotion"},{"floor":28,"key":"GhostInAJar"},{"floor":35,"key":"Block Potion"},{"floor":48,"key":"Poison Potion"}],"is_trial":false,"path_per_floor":["M","M","?","?","M","R","E","R","T","E","M","R","?","T","R","B",null,"M","?","M","M","T","E","R","E","T","R","E","?","?","M","R","B",null,"M","?","?","M","M","R","E","M","T","$","M","M","R","M","R","B"],"character_chosen":"THE_SILENT","items_purchased":["DollysMirror"],"campfire_rested":7,"item_purchase_floors":[44],"current_hp_per_floor":[55,50,50,55,53,53,4,25,25,5,7,28,28,28,28,25,61,56,56,52,40,40,21,58,36,36,76,71,71,71,58,58,15,67,53,53,53,54,40,81,49,27,27,27,11,13,55,17,60,0],"gold":11,"neow_bonus":"UPGRADE_CARD","is_prod":false,"is_daily":false,"chose_seed":false,"campfire_upgraded":3,"win_rate":0,"timestamp":1560716348,"path_taken":["M","M","?","?","M","R","E","R","T","E","M","R","?","?","R","BOSS","M","?","?","M","?","E","R","E","T","R","E","?","?","M","R","BOSS","M","?","?","M","M","R","E","M","T","$","?","M","R","M","R","BOSS"],"build_version":"2019-01-23","purchased_purges":1,"victory":false,"max_hp_per_floor":[66,66,66,71,71,71,71,71,71,71,73,73,73,73,73,73,73,73,73,73,73,73,75,75,84,84,84,84,84,84,84,84,84,84,86,86,86,88,88,88,88,90,90,90,90,92,92,94,94,94],"card_choices":[{"not_picked":["Quick Slash","Distraction"],"picked":"Dagger Spray","floor":1},{"not_picked":["Riddle With Holes","Dodge and Roll"],"picked":"Escape Plan","floor":2},{"not_picked":["Cloak And Dagger","Sucker Punch"],"picked":"Leg Sweep","floor":5},{"not_picked":["Catalyst","Blur"],"picked":"Deadly Poison","floor":7},{"not_picked":["Backflip","Choke"],"picked":"Caltrops","floor":10},{"not_picked":["Blade Dance","Heel Hook","All Out Attack"],"picked":"Singing Bowl","floor":11},{"not_picked":["Phantasmal Killer","Grand Finale"],"picked":"Envenom","floor":16},{"not_picked":["Backstab","Sucker Punch"],"picked":"Bouncing Flask+1","floor":18},{"not_picked":["Escape Plan","Cloak And Dagger"],"picked":"Catalyst","floor":20},{"not_picked":["Acrobatics","All Out Attack"],"picked":"Backflip","floor":21},{"not_picked":["Poisoned Stab","Backflip+1","Flechettes"],"picked":"Singing Bowl","floor":23},{"not_picked":["Concentrate+1","Dodge and Roll","Backflip"],"picked":"Singing Bowl","floor":25},{"not_picked":["Quick Slash","Deadly Poison"],"picked":"Wraith Form v2","floor":28},{"not_picked":["Acrobatics","Predator"],"picked":"Catalyst","floor":31},{"not_picked":["Die Die Die","Storm of Steel"],"picked":"Corpse Explosion","floor":33},{"not_picked":["Expertise+1","Bane+1","Bouncing Flask"],"picked":"Singing Bowl","floor":35},{"not_picked":["Finesse","Deep Breath"],"picked":"Madness","floor":36},{"not_picked":["Sucker Punch","Dodge and Roll","Blade Dance"],"picked":"Singing Bowl","floor":38},{"not_picked":["Dodge and Roll+1","Flying Knee"],"picked":"Caltrops","floor":39},{"not_picked":["Corpse Explosion","Accuracy"],"picked":"PiercingWail","floor":41},{"not_picked":["Terror","Flying Knee","Heel Hook+1"],"picked":"Singing Bowl","floor":42},{"not_picked":["Flechettes","Calculated Gamble+1"],"picked":"Well Laid Plans","floor":45},{"not_picked":["PiercingWail","Tactician+1","Endless Agony+1"],"picked":"Singing Bowl","floor":46},{"not_picked":["Dagger Spray","Quick Slash","Poisoned Stab+1"],"picked":"Singing Bowl","floor":48}],"player_experience":1013441,"relics_obtained":[{"floor":7,"key":"Ancient Tea Set"},{"floor":9,"key":"Tiny Chest"},{"floor":10,"key":"Singing Bowl"},{"floor":14,"key":"Regal Pillow"},{"floor":22,"key":"StoneCalendar"},{"floor":23,"key":"Lantern"},{"floor":25,"key":"Strawberry"},{"floor":26,"key":"Paper Crane"},{"floor":28,"key":"Anchor"},{"floor":41,"key":"Dead Branch"},{"floor":43,"key":"Oddly Smooth Stone"},{"floor":43,"key":"Whetstone"}],"event_choices":[{"cards_removed":["Strike_G"],"damage_healed":0,"gold_gain":0,"player_choice":"Card Removal","damage_taken":0,"max_hp_gain":0,"max_hp_loss":0,"event_name":"The Cleric","floor":3,"gold_loss":75},{"damage_healed":0,"gold_gain":0,"player_choice":"Donut","damage_taken":0,"max_hp_gain":5,"max_hp_loss":0,"event_name":"Big Fish","floor":4,"gold_loss":0},{"cards_removed":["Strike_G"],"damage_healed":0,"gold_gain":0,"player_choice":"Forget","damage_taken":0,"max_hp_gain":0,"max_hp_loss":0,"event_name":"Living Wall","floor":13,"gold_loss":0},{"damage_healed":0,"gold_gain":0,"player_choice":"Rummage","damage_taken":0,"relics_obtained":["WarpedTongs"],"max_hp_gain":0,"max_hp_loss":0,"event_name":"Accursed Blacksmith","floor":19,"gold_loss":0,"cards_obtained":["Pain"]},{"damage_healed":0,"gold_gain":0,"player_choice":"Ignored","damage_taken":0,"max_hp_gain":0,"max_hp_loss":0,"event_name":"Ghosts","floor":29,"gold_loss":0},{"damage_healed":0,"gold_gain":0,"player_choice":"Opened","damage_taken":0,"relics_obtained":["Matryoshka"],"max_hp_gain":0,"max_hp_loss":0,"event_name":"The Mausoleum","floor":30,"gold_loss":0,"cards_obtained":["Writhe"]},{"damage_healed":0,"gold_gain":0,"player_choice":"Memory 1","damage_taken":0,"max_hp_gain":0,"max_hp_loss":0,"event_name":"SensoryStone","floor":36,"gold_loss":0},{"damage_healed":0,"gold_gain":0,"player_choice":"Trade","damage_taken":0,"relics_obtained":["GremlinMask"],"max_hp_gain":0,"max_hp_loss":0,"event_name":"FaceTrader","floor":37,"gold_loss":0}],"is_beta":false,"boss_relics":[{"not_picked":["Runic Dome","White Beast Statue"],"picked":"Ectoplasm"},{"not_picked":["Ring of the Serpent","Runic Pyramid"],"picked":"Empty Cage"}],"items_purged_floors":[44],"is_endless":false,"potions_floor_spawned":[5,7,10,11,21,25,28,31,35,38,48],"killed_by":"Awakened One","ascension_level":15}