{"gold_per_floor":[115,132,57,57,57,57,57,90,90,109,109,138,38,50,50,50],"floor_reached":16,"playtime":870,"items_purged":["Normality","Pain"],"score":211,"play_id":"8beda16f-b391-4a07-b394-7769a5af3a09","local_time":"20190602155453","is_ascension_mode":true,"campfire_choices":[{"data":"After Image","floor":6,"key":"SMITH"},{"floor":11,"key":"REST"},{"floor":15,"key":"REST"}],"neow_cost":"CURSE","seed_source_timestamp":149519372272709,"circlet_count":0,"master_deck":["AscendersBane","Defend_G","Defend_G","Defend_G","Defend_G","Defend_G","Strike_G","Strike_G","Strike_G","Strike_G","Strike_G","Survivor","Neutralize","After Image+1","Blade Dance","Cloak And Dagger","Infinite Blades","Dash","Dash","Crippling Poison"],"special_seed":0,"relics":["Ring of the Snake","WarpedTongs","Blue Candle","Frozen Egg 2","Strawberry"],"potions_floor_usage":[12,12],"damage_taken":[{"damage":10,"enemies":"Jaw Worm","floor":1,"turns":6},{"damage":6,"enemies":"Cultist","floor":2,"turns":6},{"damage":13,"enemies":"3 Sentries","floor":8,"turns":14},{"damage":10,"enemies":"2 Louse","floor":10,"turns":5},{"damage":30,"enemies":"Gremlin Nob","floor":12,"turns":5},{"damage":11,"enemies":"Exordium Thugs","floor":14,"turns":4},{"damage":31,"enemies":"Slime Boss","floor":16,"turns":9}],"seed_played":"-4779173078731765606","potions_obtained":[{"floor":1,"key":"GhostInAJar"},{"floor":7,"key":"FearPotion"},{"floor":8,"key":"PowerPotion"},{"floor":12,"key":"Explosive Potion"}],"is_trial":false,"path_per_floor":["M","M","$","?","$","R","?","E","T","M","R","E","$","M","R","B"],"character_chosen":"THE_SILENT","items_purchased":[],"campfire_rested":2,"item_purchase_floors":[],"current_hp_per_floor":[49,43,43,43,43,43,43,30,30,20,39,16,16,5,26,0],"gold":50,"neow_bonus":"THREE_RARE_CARDS","is_prod":false,"is_daily":false,"chose_seed":false,"campfire_upgraded":1,"win_rate":0,"timestamp":1559483693,"path_taken":["M","M","$","?","?","R","?","E","T","M","R","E","$","M","R","BOSS"],"build_version":"2019-01-23","purchased_purges":2,"victory":false,"max_hp_per_floor":[66,66,66,66,66,66,66,66,66,66,66,73,73,73,73,73],"card_choices":[{"not_picked":["Unload","Grand Finale"],"picked":"After Image","floor":0.0},{"not_picked":["Poisoned Stab","Underhanded Strike"],"picked":"Blade Dance","floor":1},{"not_picked":["Setup","PiercingWail"],"picked":"Cloak And Dagger","floor":2},{"not_picked":["Backflip","Dagger Throw"],"picked":"Infinite Blades","floor":8},{"not_picked":["Acrobatics","Caltrops+1"],"picked":"Dash","floor":10},{"not_picked":["Backstab","Dagger Spray"],"picked":"Dash","floor":12},{"not_picked":["Backflip","Deflect"],"picked":"Crippling Poison","floor":14}],"player_experience":426985,"relics_obtained":[{"floor":8,"key":"Blue Candle"},{"floor":9,"key":"Frozen Egg 2"},{"floor":12,"key":"Strawberry"}],"event_choices":[{"damage_healed":0,"gold_gain":0,"player_choice":"Rummage","damage_taken":0,"relics_obtained":["WarpedTongs"],"max_hp_gain":0,"max_hp_loss":0,"event_name":"Accursed Blacksmith","floor":4,"gold_loss":0,"cards_obtained":["Pain"]},{"damage_healed":0,"gold_gain":0,"player_choice":"Got Potions","damage_taken":0,"max_hp_gain":0,"max_hp_loss":0,"event_name":"Lab","floor":7,"gold_loss":0}],"is_beta":false,"boss_relics":[],"items_purged_floors":[3,13],"is_endless":false,"potions_floor_spawned":[1,8,10,12],"killed_by":"Slime Boss","ascension_level":19}