{"gold_per_floor":[112,130,130,145,145,184,202,202,202,202,220,239,201,252,252,382,382,403,403,403,403,417,417,432,432,482,56,77,77,77,27,27,27],"floor_reached":33,"playtime":2029,"items_purged":["Shame"],"score":343,"play_id":"72028e9d-84ca-4f83-9c02-80b63852ecf4","local_time":"20180907222624","is_ascension_mode":true,"campfire_choices":[{"floor":8,"key":"REST"},{"floor":10,"key":"REST"},{"floor":15,"key":"REST"},{"floor":23,"key":"REST"},{"floor":25,"key":"REST"},{"floor":29,"key":"REST"},{"floor":32,"key":"REST"}],"neow_cost":"NONE","seed_source_timestamp":96474080717829,"circlet_count":0,"master_deck":["Defend_G","Defend_G","Defend_G","Defend_G","Defend_G","Strike_G","Strike_G","Strike_G","Strike_G+1","Strike_G","Survivor","Neutralize","Slice+1","Dagger Throw","Dodge and Roll","Cloak And Dagger","Dagger Spray","Poisoned Stab","Noxious Fumes","Doppelganger","Bane+1","Deflect+1","All Out Attack","Underhanded Strike","Sucker Punch","Prepared","Catalyst","Blur"],"special_seed":0,"relics":["Black Star","Golden Idol","Matryoshka","Darkstone Periapt","The Courier","Happy Flower","Mummified Hand","Whetstone","PreservedInsect","White Beast Statue","Smiling Mask","Ice Cream","Ninja Scroll"],"potions_floor_usage":[6,16,16,22,28,33,33,33],"damage_taken":[{"damage":0.0,"enemies":"Cultist","floor":1.0,"turns":5.0},{"damage":2.0,"enemies":"Jaw Worm","floor":2.0,"turns":4.0},{"damage":3.0,"enemies":"Small Slimes","floor":4.0,"turns":4.0},{"damage":30,"enemies":"Gremlin Nob","floor":6,"turns":6},{"damage":3,"enemies":"2 Fungi Beasts","floor":7,"turns":5},{"damage":4,"enemies":"Blue Slaver","floor":11,"turns":4},{"damage":2,"enemies":"Exordium Wildlife","floor":12,"turns":4},{"damage":38,"enemies":"The Guardian","floor":16,"turns":13},{"damage":23,"enemies":"Shell Parasite","floor":18,"turns":9},{"damage":21,"enemies":"Chosen","floor":22,"turns":5},{"damage":16,"enemies":"Snecko","floor":24,"turns":5},{"damage":31,"enemies":"Centurion and Healer","floor":28,"turns":4},{"damage":74,"enemies":"Automaton","floor":33,"turns":6}],"seed_played":"-1924368065641701379","potions_obtained":[{"floor":1.0,"key":"Dexterity Potion"},{"floor":11,"key":"Energy Potion"},{"floor":16,"key":"SteroidPotion"},{"floor":18,"key":"AttackPotion"},{"floor":22,"key":"Ancient Potion"},{"floor":24,"key":"SteroidPotion"},{"floor":28,"key":"Strength Potion"}],"is_trial":false,"path_per_floor":["M","M","?","M","?","E","M","R","T","R","M","M","$","T","R","B",null,"M","?","?","?","M","R","M","R","T","$","M","R","?","$","R"],"character_chosen":"THE_SILENT","items_purchased":["Block Potion","Ice Cream","Underhanded Strike","Sucker Punch","Prepared","Catalyst"],"campfire_rested":7,"item_purchase_floors":[13,27,27,27,27,27],"current_hp_per_floor":[63,61,44,41,34,4,1,22,22,43,39,37,37,37,58,20,58,35,35,35,35,14,35,19,40,40,40,9,30,36,36,58,0],"gold":27,"neow_bonus":"BOSS_RELIC","is_prod":false,"is_daily":false,"chose_seed":false,"campfire_upgraded":0,"win_rate":0,"timestamp":1536373584,"path_taken":["M","M","?","?","?","E","?","R","T","R","M","?","$","?","R","BOSS","M","?","?","?","?","R","M","R","T","$","M","R","?","?","R","BOSS"],"build_version":"2018-09-06","purchased_purges":1,"victory":false,"max_hp_per_floor":[70,70,70,70,70,70,70,70,70,70,70,70,70,70,70,70,70,70,70,70,70,70,70,70,70,70,70,70,70,76,76,76,76],"card_choices":[{"not_picked":["Infinite Blades","Accuracy"],"picked":"Slice","floor":1.0},{"not_picked":["Quick Slash","Deflect"],"picked":"Dagger Throw","floor":2.0},{"not_picked":["Poisoned Stab","Blade Dance"],"picked":"Dodge and Roll","floor":4.0},{"not_picked":["Acrobatics","Caltrops"],"picked":"Cloak And Dagger","floor":6},{"not_picked":["Burst","Accuracy"],"picked":"Dagger Spray","floor":7},{"not_picked":["PiercingWail","Dagger Spray"],"picked":"Poisoned Stab","floor":11},{"not_picked":["Cloak And Dagger","Underhanded Strike"],"picked":"Noxious Fumes","floor":12},{"not_picked":["Venomology","Burst"],"picked":"Doppelganger","floor":16},{"not_picked":["Blade Dance+1","Cloak And Dagger+1"],"picked":"Bane+1","floor":18},{"not_picked":["Dagger Throw+1","Cloak And Dagger"],"picked":"Deflect+1","floor":22},{"not_picked":["Flying Knee","Quick Slash"],"picked":"All Out Attack","floor":24},{"not_picked":["Blade Dance","Well Laid Plans"],"picked":"Blur","floor":28}],"player_experience":389239,"relics_obtained":[{"floor":6,"key":"Darkstone Periapt"},{"floor":6,"key":"The Courier"},{"floor":9,"key":"Happy Flower"},{"floor":9,"key":"Mummified Hand"},{"floor":14,"key":"Whetstone"},{"floor":14,"key":"PreservedInsect"},{"floor":26,"key":"Smiling Mask"}],"event_choices":[{"event_name":"Golden Idol","player_choice":"Take Damage","floor":3.0,"damage_taken":0.0},{"event_name":"Scrap Ooze","player_choice":"success","floor":5.0,"damage_taken":7.0},{"event_name":"Vampires","player_choice":"Ignored","floor":19,"damage_taken":0},{"event_name":"FaceTrader","player_choice":"Leave","floor":20,"damage_taken":0},{"event_name":"Ghosts","player_choice":"Ignored","floor":21,"damage_taken":0},{"event_name":"Addict","player_choice":"Stole Relic","floor":30,"damage_taken":0}],"is_beta":false,"boss_relics":[{"not_picked":["Empty Cage","Runic Pyramid"],"picked":"White Beast Statue"}],"items_purged_floors":[31],"is_endless":false,"potions_floor_spawned":[1,11,16,18,22,24,28],"killed_by":"Automaton","ascension_level":8}