{"gold_per_floor":[10,10,22,42,42,67,67,67,67,67,67,87,105,10,10,10],"floor_reached":16,"playtime":479,"items_purged":[],"score":190,"play_id":"d87c42e1-c584-4910-ba85-8adb32e98462","local_time":"20190605233225","is_ascension_mode":true,"campfire_choices":[{"floor":8,"key":"REST"},{"floor":10,"key":"REST"},{"data":"1","floor":15,"key":"LIFT"}],"neow_cost":"NO_GOLD","seed_source_timestamp":436784107173492,"circlet_count":0,"master_deck":["AscendersBane","Strike_B","Strike_B","Strike_B","Strike_B","Defend_B","Defend_B","Defend_B","Defend_B","Zap","Dualcast","Loop","Gash","Compile Driver","Genetic Algorithm","Hologram","Streamline","Conserve Battery","Reinforced Body"],"relics":["Cracked Core","Gambling Chip","Girya","Vajra","Nunchaku"],"potions_floor_usage":[12],"damage_taken":[{"damage":1,"enemies":"Cultist","floor":1,"turns":3},{"damage":4,"enemies":"Jaw Worm","floor":3,"turns":4},{"damage":7,"enemies":"Small Slimes","floor":4,"turns":3},{"damage":45,"enemies":"3 Sentries","floor":6,"turns":7},{"damage":33,"enemies":"Exordium Thugs","floor":12,"turns":4},{"damage":11,"enemies":"2 Fungi Beasts","floor":13,"turns":3},{"damage":33,"enemies":"Slime Boss","floor":16,"turns":3}],"seed_played":"8099446340407793001","potions_obtained":[{"floor":1,"key":"FearPotion"},{"floor":4,"key":"Regen Potion"},{"floor":7,"key":"EssenceOfSteel"}],"is_trial":false,"path_per_floor":["M","?","M","M","$","E","?","R","T","R","$","M","M","$","R","B"],"character_chosen":"DEFECT","items_purchased":["Conserve Battery","Reinforced Body"],"campfire_rested":2,"item_purchase_floors":[14,14],"current_hp_per_floor":[63,63,59,52,52,7,7,28,28,49,49,21,10,10,10,0],"gold":10,"neow_bonus":"ONE_RARE_RELIC","is_prod":false,"is_daily":false,"chose_seed":false,"campfire_upgraded":0,"win_rate":0,"timestamp":1559770345,"path_taken":["M","?","?","M","$","E","?","R","T","R","$","M","?","?","R","BOSS"],"build_version":"2019-01-23","purchased_purges":0,"victory":false,"max_hp_per_floor":[71,71,71,71,71,71,71,71,71,71,71,71,71,71,71,71],"card_choices":[{"not_picked":["Reinforced Body","Barrage"],"picked":"Loop","floor":1},{"not_picked":["Chaos","Go for the Eyes"],"picked":"Gash","floor":3},{"not_picked":["Steam","Rebound"],"picked":"Compile Driver","floor":4},{"not_picked":["Capacitor","Rebound"],"picked":"Genetic Algorithm","floor":6},{"not_picked":["Ball Lightning","Multi-Cast"],"picked":"Hologram","floor":12},{"not_picked":["Cold Snap","Skim"],"picked":"Streamline","floor":13}],"player_experience":468383,"relics_obtained":[{"floor":6,"key":"Vajra"},{"floor":9,"key":"Nunchaku"}],"event_choices":[{"damage_healed":0,"gold_gain":0,"player_choice":"Gave Potion","damage_taken":0,"relics_obtained":["Girya"],"max_hp_gain":0,"max_hp_loss":0,"event_name":"WeMeetAgain","floor":2,"gold_loss":0},{"damage_healed":0,"gold_gain":0,"player_choice":"Got Potions","damage_taken":0,"max_hp_gain":0,"max_hp_loss":0,"event_name":"Lab","floor":7,"gold_loss":0}],"is_beta":false,"boss_relics":[],"items_purged_floors":[],"is_endless":false,"potions_floor_spawned":[1,4],"killed_by":"Slime Boss","ascension_level":18}