{"gold_per_floor":[16,16,16,29,43,43,43,58,81,93,139,151,180,219,231,346,358,380,403,415,447,459,498,522,568,580,609,419,454,471,499,499,604,604,619,619,209,219,229,254,264,298,323,323,323,335,435,435,435,435,435,435,47,74,74],"floor_reached":56,"playtime":3642,"items_purged":["Strike_G+1"],"score":1312,"play_id":"ec1d385c-4a5b-49e8-927f-2d14a4de4474","local_time":"20190202222909","is_ascension_mode":false,"campfire_choices":[{"data":"Dash","floor":6.0,"key":"SMITH"},{"data":"Crippling Poison","floor":10.0,"key":"SMITH"},{"data":"Neutralize","floor":12.0,"key":"SMITH"},{"data":"Flying Knee","floor":15.0,"key":"SMITH"},{"floor":32.0,"key":"RECALL"},{"floor":45.0,"key":"REST"},{"floor":49.0,"key":"REST"},{"floor":52.0,"key":"REST"}],"neow_cost":"NO_GOLD","seed_source_timestamp":1043636943086774,"circlet_count":0,"master_deck":["Defend_G+1","Defend_G+1","Defend_G+1","Defend_G+1","Defend_G+1","Strike_G+1","Strike_G+1","Survivor","Neutralize+1","Dash+1","Blur","Deflect","Crippling Poison+1","Dagger Spray","Flying Knee+1","Malaise","Skewer","PiercingWail","Glass Knife","Noxious Fumes+1","Footwork+1","Corpse Explosion","Catalyst","Doppelganger","Noxious Fumes+1","Outmaneuver+1","Terror+1","Blur","Secret Technique","Sadistic Nature","Backflip"],"special_seed":0,"relics":["Ring of the Snake","Torii","MawBank","Darkstone Periapt","Lantern","Fusion Hammer","Bronze Scales","Anchor","Bottled Lightning","TwistedFunnel","Pantograph","Happy Flower","Sozu","Mummified Hand","Bag of Preparation","Juzu Bracelet","Boot","Strawberry","Tingsha","Gambling Chip","Blood Vial"],"potions_floor_usage":[55,55,55],"damage_taken":[{"damage":1.0,"enemies":"2 Louse","floor":1.0,"turns":3.0},{"damage":0.0,"enemies":"Jaw Worm","floor":4.0,"turns":5.0},{"damage":0.0,"enemies":"Cultist","floor":5.0,"turns":4.0},{"damage":0.0,"enemies":"Red Slaver","floor":8.0,"turns":3.0},{"damage":10.0,"enemies":"3 Sentries","floor":11.0,"turns":13.0},{"damage":1.0,"enemies":"Large Slime","floor":13.0,"turns":5.0},{"damage":10.0,"enemies":"The Guardian","floor":16.0,"turns":14.0},{"damage":6.0,"enemies":"Shell Parasite","floor":18.0,"turns":6.0},{"damage":0.0,"enemies":"Chosen","floor":19.0,"turns":6.0},{"damage":2.0,"enemies":"Centurion and Healer","floor":21.0,"turns":6.0},{"damage":0.0,"enemies":"Gremlin Leader","floor":23.0,"turns":7.0},{"damage":0.0,"enemies":"Snake Plant","floor":24.0,"turns":3.0},{"damage":8.0,"enemies":"Slavers","floor":25.0,"turns":4.0},{"damage":0.0,"enemies":"3 Cultists","floor":27.0,"turns":4.0},{"damage":1.0,"enemies":"Book of Stabbing","floor":29.0,"turns":5.0},{"damage":0.0,"enemies":"Cultist and Chosen","floor":30.0,"turns":4.0},{"damage":0.0,"enemies":"Gremlin Leader","floor":31.0,"turns":5.0},{"damage":47.0,"enemies":"Champ","floor":33.0,"turns":12.0},{"damage":1.0,"enemies":"Orb Walker","floor":35.0,"turns":3.0},{"damage":0.0,"enemies":"3 Shapes","floor":38.0,"turns":1.0},{"damage":0.0,"enemies":"Sphere and 2 Shapes","floor":39.0,"turns":3.0},{"damage":10.0,"enemies":"Giant Head","floor":40.0,"turns":8.0},{"damage":19.0,"enemies":"Spire Growth","floor":41.0,"turns":4.0},{"damage":1.0,"enemies":"Reptomancer","floor":42.0,"turns":5.0},{"damage":0.0,"enemies":"Writhing Mass","floor":46.0,"turns":3.0},{"damage":0.0,"enemies":"Mind Bloom Boss Battle","floor":47.0,"turns":5.0},{"damage":1.0,"enemies":"Awakened One","floor":50.0,"turns":13.0},{"damage":14,"enemies":"Shield and Spear","floor":54,"turns":5},{"damage":48,"enemies":"The Heart","floor":55,"turns":9}],"seed_played":"1817459065612803024","potions_obtained":[{"floor":1.0,"key":"Energy Potion"},{"floor":5.0,"key":"Ancient Potion"},{"floor":11.0,"key":"SteroidPotion"},{"floor":18.0,"key":"Dexterity Potion"}],"is_trial":false,"path_per_floor":["M","?","T","M","M","R","?","M","T","R","E","R","M","T","R","B",null,"M","M","?","M","?","E","M","E","T","M","$","E","M","E","R","B",null,"M","?","$","M","M","E","M","E","T","?","R","M","?","?","R","B",null,"R","$","E","B",null],"character_chosen":"THE_SILENT","items_purchased":["TwistedFunnel","Mummified Hand","Bag of Preparation","Gambling Chip"],"campfire_rested":3,"item_purchase_floors":[28,37,37,53],"current_hp_per_floor":[69,55,55,55,55,55,60,60,60,60,50,50,49,49,49,39,75,69,69,69,67,67,67,67,59,59,59,59,58,58,58,58,28,75,74,74,74,74,74,64,45,44,51,51,75,75,82,72,82,81,82,82,82,68,34],"gold":74,"neow_bonus":"ONE_RARE_RELIC","is_prod":false,"is_daily":false,"chose_seed":false,"campfire_upgraded":4,"win_rate":0,"timestamp":1549164549,"path_taken":["M","?","?","M","M","R","?","M","T","R","E","R","M","?","R","BOSS","M","M","?","M","?","E","M","E","T","M","?","E","M","E","R","BOSS","M","?","$","?","M","E","M","E","T","?","R","M","?","?","R","BOSS","R","$","E","BOSS"],"build_version":"2019-01-23","purchased_purges":1,"victory":true,"max_hp_per_floor":[70,70,70,70,70,70,75,75,75,75,75,75,75,75,75,75,75,75,75,75,75,75,75,75,75,75,75,75,75,75,75,75,75,75,75,75,75,75,75,75,75,75,82,82,82,82,82,82,82,82,82,82,82,82,82],"card_choices":[{"not_picked":["Sucker Punch","Choke"],"picked":"Dash","floor":1.0},{"not_picked":["Skewer","Slice"],"picked":"Blur","floor":4.0},{"not_picked":["Sucker Punch","Predator"],"picked":"Deflect","floor":5.0},{"not_picked":["Acrobatics","Blade Dance"],"picked":"Crippling Poison","floor":8.0},{"not_picked":["Acrobatics","Prepared"],"picked":"Dagger Spray","floor":11.0},{"not_picked":["After Image","Dagger Throw"],"picked":"Flying Knee","floor":13.0},{"not_picked":["Envenom","Unload"],"picked":"Malaise","floor":16.0},{"not_picked":["Deadly Poison","Prepared+1"],"picked":"Skewer","floor":18.0},{"not_picked":["PiercingWail","Finisher","Dagger Throw"],"picked":"SKIP","floor":19.0},{"not_picked":["Calculated Gamble","Choke+1","Finisher"],"picked":"SKIP","floor":21.0},{"not_picked":["Cloak And Dagger","Flying Knee","Sucker Punch"],"picked":"SKIP","floor":23.0},{"not_picked":["Deadly Poison","Prepared"],"picked":"Noxious Fumes+1","floor":24.0},{"not_picked":["Escape Plan","Flying Knee","Deadly Poison"],"picked":"SKIP","floor":25.0},{"not_picked":["Deflect","Concentrate","Dagger Spray+1"],"picked":"SKIP","floor":27.0},{"not_picked":["Backstab+1","Quick Slash"],"picked":"Footwork+1","floor":29.0},{"not_picked":["Deadly Poison+1","Dagger Throw"],"picked":"Corpse Explosion","floor":30.0},{"not_picked":["Bane","Noxious Fumes"],"picked":"Catalyst","floor":31.0},{"not_picked":["Night Terror","Corpse Explosion"],"picked":"Doppelganger","floor":33.0},{"not_picked":["Underhanded Strike","PiercingWail+1","Sucker Punch"],"picked":"SKIP","floor":35.0},{"not_picked":["Prepared+1","Leg Sweep+1"],"picked":"Outmaneuver+1","floor":38.0},{"not_picked":["Deflect","Backflip","Sucker Punch"],"picked":"SKIP","floor":39.0},{"not_picked":["Sucker Punch+1","All Out Attack","Flying Knee"],"picked":"SKIP","floor":40.0},{"not_picked":["All Out Attack","Distraction","Blade Dance"],"picked":"SKIP","floor":41.0},{"not_picked":["Choke+1","Riddle With Holes+1"],"picked":"Terror+1","floor":42.0},{"not_picked":["Escape Plan+1","Reflex"],"picked":"Blur","floor":46.0},{"not_picked":["Finesse","Swift Strike"],"picked":"Secret Technique","floor":48.0},{"not_picked":["Violence","Panacea"],"picked":"Sadistic Nature","floor":48.0},{"not_picked":["Finisher+1","Deadly Poison+1"],"picked":"Backflip","floor":54}],"player_experience":654045,"relics_obtained":[{"floor":9.0,"key":"MawBank"},{"floor":11.0,"key":"Darkstone Periapt"},{"floor":14.0,"key":"Lantern"},{"floor":23.0,"key":"Bronze Scales"},{"floor":25.0,"key":"Anchor"},{"floor":26.0,"key":"Bottled Lightning"},{"floor":29.0,"key":"Pantograph"},{"floor":31.0,"key":"Happy Flower"},{"floor":40.0,"key":"Juzu Bracelet"},{"floor":42.0,"key":"Boot"},{"floor":43.0,"key":"Strawberry"},{"floor":47.0,"key":"Tingsha"},{"floor":54,"key":"Blood Vial"}],"event_choices":[{"damage_healed":0.0,"max_hp_gain":0.0,"max_hp_loss":0.0,"gold_gain":0.0,"event_name":"Shining Light","player_choice":"Entered Light","floor":2.0,"gold_loss":0.0,"damage_taken":14.0,"cards_upgraded":["Strike_G","Strike_G"]},{"damage_healed":0.0,"max_hp_gain":5.0,"max_hp_loss":0.0,"gold_gain":0.0,"event_name":"Big Fish","player_choice":"Donut","floor":7.0,"gold_loss":0.0,"damage_taken":0.0},{"damage_healed":0.0,"max_hp_gain":0.0,"max_hp_loss":0.0,"gold_gain":0.0,"cards_transformed":["Strike_G","Strike_G"],"event_name":"Drug Dealer","player_choice":"Became Test Subject","floor":20.0,"gold_loss":0.0,"damage_taken":0.0,"cards_obtained":["PiercingWail","Glass Knife"]},{"damage_healed":0.0,"max_hp_gain":0.0,"max_hp_loss":0.0,"gold_gain":0.0,"event_name":"Back to Basics","player_choice":"Simplicity","floor":22.0,"gold_loss":0.0,"damage_taken":0.0,"cards_upgraded":["Defend_G","Defend_G","Defend_G","Defend_G","Defend_G","Strike_G"]},{"damage_healed":0.0,"max_hp_gain":0.0,"max_hp_loss":0.0,"gold_gain":0.0,"event_name":"Duplicator","player_choice":"Copied","floor":36.0,"gold_loss":0.0,"damage_taken":0.0,"cards_obtained":["Noxious Fumes"]},{"damage_healed":0.0,"max_hp_gain":0.0,"max_hp_loss":0.0,"gold_gain":0.0,"event_name":"Tomb of Lord Red Mask","player_choice":"Ignored","floor":44.0,"gold_loss":0.0,"damage_taken":0.0},{"damage_healed":0.0,"max_hp_gain":0.0,"max_hp_loss":0.0,"gold_gain":0.0,"event_name":"MindBloom","player_choice":"Fight","floor":47.0,"gold_loss":0.0,"damage_taken":0.0},{"damage_healed":0.0,"max_hp_gain":0.0,"max_hp_loss":0.0,"gold_gain":0.0,"event_name":"SensoryStone","player_choice":"Memory 3","floor":48.0,"gold_loss":0.0,"damage_taken":10.0}],"is_beta":false,"boss_relics":[{"not_picked":["Runic Pyramid","Eternal Feather"],"picked":"Fusion Hammer"},{"not_picked":["Black Star","Coffee Dripper"],"picked":"Sozu"}],"items_purged_floors":[53],"is_endless":false,"potions_floor_spawned":[1,5,11,13,18,23,30,33,40,41,42,47],"ascension_level":0}