{"gold_per_floor":[113,43,43,218,236,236,263,263,287,304,330,349,47,62,62,62],"floor_reached":16,"playtime":690,"items_purged":["Doubt"],"score":110,"play_id":"04e4fdcf-1c79-455e-b279-96f048a59197","local_time":"20190509194934","is_ascension_mode":false,"campfire_choices":[{"data":"Skewer","floor":6,"key":"SMITH"},{"data":"Noxious Fumes","floor":8,"key":"SMITH"},{"data":"Leg Sweep","floor":15,"key":"SMITH"}],"neow_cost":"NONE","seed_source_timestamp":2944793679302909,"circlet_count":0,"master_deck":["Defend_G","Defend_G","Defend_G","Defend_G","Defend_G","Strike_G","Strike_G","Strike_G","Strike_G","Survivor","Neutralize+1","Noxious Fumes+1","Skewer+1","PiercingWail","Dodge and Roll","Escape Plan","Setup","Bane","Leg Sweep+1"],"relics":["Ring of the Snake","Smiling Mask","Strawberry","Dream Catcher","Frozen Egg 2"],"potions_floor_usage":[11,12],"damage_taken":[{"damage":1,"enemies":"Cultist","floor":1,"turns":4},{"damage":3,"enemies":"Jaw Worm","floor":5,"turns":4},{"damage":20,"enemies":"3 Sentries","floor":7,"turns":7},{"damage":0,"enemies":"Small Slimes","floor":10,"turns":4},{"damage":20,"enemies":"Lagavulin","floor":11,"turns":8},{"damage":4,"enemies":"Exordium Thugs","floor":12,"turns":6},{"damage":3,"enemies":"2 Fungi Beasts","floor":14,"turns":4},{"damage":37,"enemies":"Slime Boss","floor":16,"turns":6}],"seed_played":"-6175150258343534466","potions_obtained":[{"floor":5,"key":"FearPotion"},{"floor":7,"key":"Block Potion"}],"is_trial":false,"path_per_floor":["M","$","?","?","M","R","E","R","T","M","E","M","$","M","R","B"],"character_chosen":"THE_SILENT","items_purchased":["Skewer","Frozen Egg 2"],"campfire_rested":0,"item_purchase_floors":[2,13],"current_hp_per_floor":[69,69,69,69,66,66,46,46,53,53,33,29,29,26,26,0],"gold":62,"neow_bonus":"UPGRADE_CARD","is_prod":false,"is_daily":false,"chose_seed":false,"campfire_upgraded":3,"win_rate":0,"timestamp":1557445774,"path_taken":["M","$","?","?","M","R","E","R","T","M","E","M","$","M","R","BOSS"],"build_version":"2019-01-23","purchased_purges":1,"victory":false,"max_hp_per_floor":[70,70,70,70,70,70,70,70,77,77,77,77,77,77,77,77],"card_choices":[{"not_picked":["Quick Slash","Blade Dance"],"picked":"Noxious Fumes","floor":1},{"not_picked":["Prepared","Blade Dance"],"picked":"PiercingWail","floor":5},{"not_picked":["Finisher","Noxious Fumes"],"picked":"Dodge and Roll","floor":7},{"not_picked":["Underhanded Strike","Prepared"],"picked":"Escape Plan","floor":10},{"not_picked":["Acrobatics","Night Terror"],"picked":"Setup","floor":11},{"not_picked":["Deadly Poison","PiercingWail"],"picked":"Bane","floor":12},{"not_picked":["Slice","Acrobatics"],"picked":"Leg Sweep","floor":14}],"player_experience":869321,"relics_obtained":[{"floor":7,"key":"Smiling Mask"},{"floor":9,"key":"Strawberry"},{"floor":11,"key":"Dream Catcher"}],"event_choices":[{"cards_removed":["Strike_G"],"damage_healed":0,"gold_gain":0,"player_choice":"Forget","damage_taken":0,"max_hp_gain":0,"max_hp_loss":0,"event_name":"Living Wall","floor":3,"gold_loss":0},{"damage_healed":0,"gold_gain":175,"player_choice":"AGREE","damage_taken":0,"max_hp_gain":0,"max_hp_loss":0,"event_name":"Liars Game","floor":4,"gold_loss":0,"cards_obtained":["Doubt"]}],"is_beta":false,"boss_relics":[],"items_purged_floors":[13],"is_endless":false,"potions_floor_spawned":[5,7],"killed_by":"Slime Boss","ascension_level":0}