{"gold_per_floor":[117,130,130,230,241,241,269,286,286,321,335,350,350,367,367,367],"floor_reached":16,"playtime":687,"items_purged":[],"score":222,"play_id":"6c6960ad-58e5-4b21-a888-7ef269a10a4e","local_time":"20190725194225","is_ascension_mode":true,"campfire_choices":[{"floor":6.0,"key":"REST"},{"floor":13,"key":"REST"},{"data":"Doom and Gloom","floor":15,"key":"SMITH"}],"neow_cost":"NONE","seed_source_timestamp":263649803432266,"circlet_count":0,"master_deck":["AscendersBane","Strike_B","Strike_B","Strike_B","Strike_B+1","Defend_B","Defend_B+1","Defend_B","Defend_B","Zap+1","Dualcast","Conserve Battery","Rip and Tear","Auto Shields","Darkness","Hologram","Doom and Gloom+1","Self Repair","Compile Driver","Melter"],"special_seed":0,"relics":["Cracked Core","Smiling Mask","Omamori","Question Card"],"potions_floor_usage":[14,16],"damage_taken":[{"damage":0.0,"enemies":"2 Louse","floor":1.0,"turns":3.0},{"damage":2.0,"enemies":"Jaw Worm","floor":2.0,"turns":3.0},{"damage":0.0,"enemies":"Cultist","floor":5.0,"turns":3.0},{"damage":6.0,"enemies":"Gremlin Nob","floor":7.0,"turns":3.0},{"damage":16,"enemies":"Gremlin Gang","floor":8,"turns":8},{"damage":17,"enemies":"Lagavulin","floor":10,"turns":6},{"damage":0,"enemies":"Lots of Slimes","floor":11,"turns":3},{"damage":0,"enemies":"Red Slaver","floor":12,"turns":3},{"damage":28,"enemies":"Exordium Wildlife","floor":14,"turns":6},{"damage":35,"enemies":"Slime Boss","floor":16,"turns":5}],"seed_played":"2286240276279524449","potions_obtained":[{"floor":2.0,"key":"Fire Potion"},{"floor":5.0,"key":"Energy Potion"},{"floor":7.0,"key":"SpeedPotion"}],"is_trial":false,"path_per_floor":["M","M","?","?","M","R","E","M","T","E","M","M","R","M","R","B"],"character_chosen":"DEFECT","items_purchased":[],"campfire_rested":2,"item_purchase_floors":[],"current_hp_per_floor":[64,62,41,41,41,62,56,40,40,23,23,30,51,30,30,0],"gold":367,"neow_bonus":"UPGRADE_CARD","is_prod":false,"is_daily":false,"chose_seed":false,"campfire_upgraded":1,"win_rate":0,"timestamp":1564098145,"path_taken":["M","M","?","?","M","R","E","M","T","E","M","M","R","M","R","BOSS"],"build_version":"2019-07-17","purchased_purges":0,"victory":false,"max_hp_per_floor":[71,71,71,71,71,71,71,71,71,71,71,71,71,71,71,71],"card_choices":[{"not_picked":["Heatsinks","Fusion"],"picked":"Conserve Battery","floor":1.0},{"not_picked":["Glacier","Stack"],"picked":"Rip and Tear","floor":2.0},{"not_picked":["Static Discharge","Compile Driver"],"picked":"Auto Shields","floor":5.0},{"not_picked":["Meteor Strike","Force Field"],"picked":"Darkness","floor":7.0},{"not_picked":["Scrape","Recycle"],"picked":"Hologram","floor":8},{"not_picked":["Turbo","All For One"],"picked":"Doom and Gloom","floor":10},{"not_picked":["Rebound","Recycle","Hologram"],"picked":"Self Repair","floor":11},{"not_picked":["Rebound","Conserve Battery","Redo"],"picked":"Compile Driver","floor":12},{"not_picked":["Compile Driver","Undo","Skim"],"picked":"Melter","floor":14}],"player_experience":1157410,"relics_obtained":[{"floor":7.0,"key":"Smiling Mask"},{"floor":9,"key":"Omamori"},{"floor":10,"key":"Question Card"}],"event_choices":[{"damage_healed":0.0,"max_hp_gain":0.0,"max_hp_loss":0.0,"gold_gain":0.0,"event_name":"Shining Light","player_choice":"Entered Light","floor":3.0,"gold_loss":0.0,"damage_taken":21.0,"cards_upgraded":["Defend_B","Strike_B"]},{"damage_healed":0.0,"max_hp_gain":0.0,"max_hp_loss":0.0,"gold_gain":100.0,"event_name":"Wheel of Change","player_choice":"Gold","floor":4.0,"gold_loss":0.0,"damage_taken":0.0}],"is_beta":false,"boss_relics":[],"items_purged_floors":[],"is_endless":false,"potions_floor_spawned":[2,5,7],"killed_by":"Slime Boss","ascension_level":19}