{"gold_per_floor":[115,115,265,282,293,310,34,34,58,58,76,87,87,112,112,183,183,203,203,219,219,219,219,234,234],"floor_reached":25,"playtime":1197,"items_purged":["Doubt"],"score":365,"play_id":"465af5d6-fbcb-4725-a6ef-f9e7e3623e9c","local_time":"20190626192147","is_ascension_mode":true,"campfire_choices":[{"floor":8.0,"key":"REST"},{"floor":13.0,"key":"REST"},{"data":"Consume","floor":15.0,"key":"SMITH"},{"data":"Sweeping Beam","floor":23.0,"key":"SMITH"}],"neow_cost":"PERCENT_DAMAGE","seed_source_timestamp":556374558659111,"circlet_count":0,"master_deck":["AscendersBane","Strike_B","Strike_B","Strike_B","Strike_B","Defend_B","Defend_B","Defend_B","Defend_B","Zap","Dualcast","Self Repair","Compile Driver","Conserve Battery","Buffer","Steam","Go for the Eyes","Dramatic Entrance","Beam Cell","Consume+1","Cold Snap","Rainbow","Cold Snap","Sweeping Beam+1"],"special_seed":0,"relics":["Cracked Core","Ginger","Bag of Preparation","Blood Vial","Calipers","Velvet Choker","Pantograph"],"potions_floor_usage":[],"damage_taken":[{"damage":1.0,"enemies":"Cultist","floor":1.0,"turns":3.0},{"damage":8.0,"enemies":"2 Louse","floor":4.0,"turns":3.0},{"damage":7.0,"enemies":"Small Slimes","floor":5.0,"turns":3.0},{"damage":20.0,"enemies":"Exordium Thugs","floor":6.0,"turns":5.0},{"damage":5.0,"enemies":"Blue Slaver","floor":11.0,"turns":4.0},{"damage":9.0,"enemies":"Exordium Wildlife","floor":12.0,"turns":4.0},{"damage":16.0,"enemies":"Lagavulin","floor":14.0,"turns":8.0},{"damage":22.0,"enemies":"The Guardian","floor":16.0,"turns":13.0},{"damage":6.0,"enemies":"Spheric Guardian","floor":18.0,"turns":4.0},{"damage":3.0,"enemies":"Chosen","floor":20.0,"turns":6.0},{"damage":16.0,"enemies":"Snake Plant","floor":24.0,"turns":5.0},{"damage":63,"enemies":"Book of Stabbing","floor":25,"turns":7}],"seed_played":"1414440823046882636","potions_obtained":[{"floor":1.0,"key":"Swift Potion"},{"floor":4.0,"key":"Fire Potion"},{"floor":18.0,"key":"Swift Potion"},{"floor":20.0,"key":"SpeedPotion"}],"is_trial":false,"path_per_floor":["M","?","?","M","M","M","$","R","T","?","M","M","R","E","R","B",null,"M","?","M","?","?","R","M","E"],"character_chosen":"DEFECT","items_purchased":["Steam","Go for the Eyes","Dramatic Entrance"],"campfire_rested":2,"item_purchase_floors":[7,7,7],"current_hp_per_floor":[45,27,27,26,26,13,13,34,34,34,38,38,59,52,52,39,63,66,59,65,65,65,65,58,0],"gold":234,"neow_bonus":"ONE_RARE_RELIC","is_prod":false,"is_daily":false,"chose_seed":false,"campfire_upgraded":2,"win_rate":0,"timestamp":1561591307,"path_taken":["M","?","?","M","M","M","$","R","T","?","M","?","R","E","R","BOSS","M","?","?","?","?","R","?","E"],"build_version":"2019-01-23","purchased_purges":1,"victory":false,"max_hp_per_floor":[71,71,71,71,71,71,71,71,71,71,71,71,71,71,71,71,71,71,71,71,71,71,71,71,71],"card_choices":[{"not_picked":["Heatsinks","Blizzard"],"picked":"Self Repair","floor":1.0},{"not_picked":["Rebound","Stack"],"picked":"Compile Driver","floor":4.0},{"not_picked":["Lockon","Reprogram"],"picked":"Conserve Battery","floor":5.0},{"not_picked":["Hologram","Beam Cell"],"picked":"Buffer","floor":6.0},{"not_picked":["Hologram","Storm"],"picked":"Beam Cell","floor":11.0},{"not_picked":["Go for the Eyes","Turbo"],"picked":"Consume","floor":12.0},{"not_picked":["Melter","Stack"],"picked":"Cold Snap","floor":14.0},{"not_picked":["Hyperbeam","Seek"],"picked":"Rainbow","floor":16.0},{"not_picked":["Aggregate","Sweeping Beam"],"picked":"Cold Snap","floor":18.0},{"not_picked":["Streamline","Go for the Eyes+1","Redo"],"picked":"SKIP","floor":20.0},{"not_picked":["FTL+1","Scrape","Beam Cell"],"picked":"SKIP","floor":24.0}],"player_experience":1057894,"relics_obtained":[{"floor":9.0,"key":"Blood Vial"},{"floor":14.0,"key":"Calipers"}],"event_choices":[{"damage_healed":0.0,"max_hp_gain":0.0,"max_hp_loss":0.0,"gold_gain":0.0,"event_name":"Scrap Ooze","player_choice":"Success","floor":2.0,"gold_loss":0.0,"damage_taken":18.0,"relics_obtained":["Bag of Preparation"]},{"damage_healed":0.0,"max_hp_gain":0.0,"max_hp_loss":0.0,"gold_gain":150.0,"event_name":"Liars Game","player_choice":"AGREE","floor":3.0,"gold_loss":0.0,"damage_taken":0.0,"cards_obtained":["Doubt"]},{"damage_healed":0.0,"max_hp_gain":0.0,"max_hp_loss":0.0,"gold_gain":0.0,"event_name":"Dead Adventurer","player_choice":"Searched \u00271\u0027 times","floor":10.0,"gold_loss":0.0,"damage_taken":0.0},{"damage_healed":0.0,"max_hp_gain":0.0,"max_hp_loss":0.0,"gold_gain":0.0,"event_name":"Knowing Skull","player_choice":"","floor":19.0,"potions_obtained":[],"gold_loss":0.0,"damage_taken":7.0,"cards_obtained":[]},{"damage_healed":0.0,"max_hp_gain":0.0,"max_hp_loss":0.0,"gold_gain":0.0,"event_name":"The Library","player_choice":"Read","floor":21.0,"gold_loss":0.0,"damage_taken":0.0,"cards_obtained":["Sweeping Beam"]},{"damage_healed":0.0,"max_hp_gain":0.0,"max_hp_loss":0.0,"gold_gain":0.0,"event_name":"WeMeetAgain","player_choice":"Gave Potion","floor":22.0,"gold_loss":0.0,"damage_taken":0.0,"relics_obtained":["Pantograph"]}],"is_beta":false,"boss_relics":[{"not_picked":["Nuclear Battery","Calling Bell"],"picked":"Velvet Choker"}],"items_purged_floors":[7],"is_endless":false,"potions_floor_spawned":[1,4,18,20],"killed_by":"Book of Stabbing","ascension_level":16}