{"gold_per_floor":[115,130,130,148,158,183,183,214,214,214,6,6,24,42,42,146,146,158,172,95,95,107,107,107,121,121,121,131,131,158,173,173,269,269,287,297,297,342,356,356,26,39,39,39,56,82,33,0,0,0],"floor_reached":51,"playtime":3258,"items_purged":[],"score":899,"play_id":"7c132b9f-c508-4dcd-844c-7e57ea99bac6","local_time":"20180812190052","is_ascension_mode":true,"campfire_choices":[{"data":"Skewer","floor":7,"key":"SMITH"},{"floor":10,"key":"REST"},{"data":"Apotheosis","floor":12,"key":"SMITH"},{"data":"Prepared","floor":15,"key":"SMITH"},{"floor":23,"key":"REST"},{"data":"After Image","floor":29,"key":"SMITH"},{"floor":32,"key":"REST"},{"floor":40,"key":"REST"},{"floor":44,"key":"REST"},{"floor":49,"key":"REST"}],"neow_cost":"NONE","seed_source_timestamp":519244060813735,"circlet_count":0,"master_deck":["Defend_G","Defend_G","Defend_G","Defend_G","Defend_G","Strike_G","Strike_G","Strike_G","Strike_G","Strike_G","Survivor","Neutralize","Skewer+1","Poisoned Stab","Dagger Spray","Phantasmal Killer","Acrobatics","Terror","Apotheosis+1","Dagger Spray","Prepared+1","Corpse Explosion","Flying Knee","Flying Knee","J.A.X.","Choke","Finisher","Dagger Throw","Normality","After Image+1","Predator+1","Dodge and Roll+1","Adrenaline","Blur","Acrobatics+1","Finisher","Writhe"],"relics":["Eternal Feather","NlothsMask","Sundial","Tingsha","Cursed Key","Pear","Strawberry","Busted Crown","Nunchaku","Ice Cream","Bottled Lightning","Ancient Tea Set","Anchor","Red Mask"],"potions_floor_usage":[8,18,18,35,35,50,50,50],"damage_taken":[{"damage":6,"enemies":"Cultist","floor":1,"turns":4},{"damage":0,"enemies":"2 Louse","floor":2,"turns":2},{"damage":2,"enemies":"Jaw Worm","floor":4,"turns":4},{"damage":3,"enemies":"Exordium Wildlife","floor":5,"turns":3},{"damage":27,"enemies":"3 Sentries","floor":6,"turns":8},{"damage":27,"enemies":"Lagavulin","floor":8,"turns":4},{"damage":5,"enemies":"Blue Slaver","floor":13,"turns":3},{"damage":16,"enemies":"3 Louse","floor":14,"turns":3},{"damage":11,"enemies":"Hexaghost","floor":16,"turns":8},{"damage":9,"enemies":"Shell Parasite","floor":18,"turns":3},{"damage":0,"enemies":"3 Byrds","floor":19,"turns":2},{"damage":18,"enemies":"Snake Plant","floor":22,"turns":3},{"damage":0,"enemies":"Sentry and Sphere","floor":25,"turns":3},{"damage":4,"enemies":"Cultist and Chosen","floor":28,"turns":3},{"damage":25,"enemies":"Book of Stabbing","floor":30,"turns":4},{"damage":24,"enemies":"Snake Plant","floor":31,"turns":3},{"damage":37,"enemies":"Champ","floor":33,"turns":7},{"damage":23,"enemies":"3 Shapes","floor":35,"turns":2},{"damage":3,"enemies":"3 Darklings","floor":36,"turns":2},{"damage":24,"floor":38,"turns":2},{"damage":21,"enemies":"Sphere and 2 Shapes","floor":39,"turns":3},{"damage":0,"enemies":"4 Shapes","floor":42,"turns":3},{"damage":17,"enemies":"Spire Growth","floor":45,"turns":4},{"damage":41,"enemies":"2 Orb Walkers","floor":46,"turns":3},{"damage":65,"enemies":"Awakened One","floor":50,"turns":11}],"seed_played":"-5213674353340224015","potions_obtained":[{"floor":4,"key":"Explosive Potion"},{"floor":5,"key":"FairyPotion"},{"floor":6,"key":"SneckoOil"},{"floor":14,"key":"Block Potion"},{"floor":18,"key":"Explosive Potion"},{"floor":33,"key":"Energy Potion"},{"floor":38,"key":"Ancient Potion"},{"floor":42,"key":"Explosive Potion"},{"floor":46,"key":"Explosive Potion"}],"is_trial":false,"path_per_floor":["M","M","?","M","M","E","R","E","T","R","$","R","M","M","R","B",null,"M","M","?","$","M","R","?","M","T","?","M","R","E","M","R","B",null,"M","M","?","?","M","R","$","M","T","R","M","E","$","?","R","B"],"character_chosen":"THE_SILENT","items_purchased":["Apotheosis","Bottled Lightning","Finisher","Dexterity Potion"],"campfire_rested":6,"item_purchase_floors":[11,41,41,47],"current_hp_per_floor":[64,64,64,62,59,32,41,14,14,44,44,53,48,32,44,33,61,52,52,52,52,34,70,70,70,80,65,61,79,61,37,82,45,80,57,54,54,30,9,57,57,57,57,92,75,34,34,34,82,17],"gold":0,"neow_bonus":"BOSS_RELIC","is_prod":false,"is_daily":false,"chose_seed":false,"campfire_upgraded":4,"win_rate":0,"timestamp":1534114852,"path_taken":["M","?","?","M","M","E","R","E","T","R","?","R","M","M","R","BOSS","M","M","?","$","?","R","?","M","T","?","M","R","E","M","R","BOSS","M","M","?","?","M","R","$","M","T","R","?","E","?","?","R","BOSS"],"build_version":"2018-08-09","purchased_purges":0,"victory":true,"max_hp_per_floor":[70,70,70,70,70,70,70,70,70,70,70,70,70,70,70,70,70,70,70,70,70,70,70,70,70,80,85,85,85,92,92,92,92,92,92,92,92,92,92,92,92,92,92,92,92,92,92,92,92,92],"card_choices":[{"not_picked":["Cloak And Dagger","Accuracy"],"picked":"Skewer","floor":1},{"not_picked":["Infinite Blades","Flechettes"],"picked":"Poisoned Stab","floor":2},{"not_picked":["Outmaneuver","Backflip"],"picked":"Dagger Spray","floor":4},{"not_picked":["Catalyst","Prepared"],"picked":"Phantasmal Killer","floor":5},{"not_picked":["Bane","Crippling Poison"],"picked":"Acrobatics","floor":6},{"not_picked":["Riddle With Holes","Deflect"],"picked":"Terror","floor":8},{"not_picked":["Slice","Quick Slash"],"picked":"Dagger Spray","floor":13},{"not_picked":["Dodge and Roll","Flechettes"],"picked":"Prepared","floor":14},{"not_picked":["Grand Finale","A Thousand Cuts"],"picked":"Corpse Explosion","floor":16},{"not_picked":["Bane","Acrobatics"],"picked":"Flying Knee","floor":18},{"not_picked":["Deadly Poison","Cloak And Dagger"],"picked":"Flying Knee","floor":19},{"not_picked":["Riddle With Holes","Slice"],"picked":"Choke","floor":22},{"not_picked":["Slice","Catalyst"],"picked":"Dagger Throw","floor":25},{"not_picked":["Prepared","Concentrate"],"picked":"After Image","floor":28},{"not_picked":["Prepared","Corpse Explosion"],"picked":"Predator+1","floor":30},{"not_picked":["Dagger Throw","Finisher"],"picked":"Dodge and Roll+1","floor":31},{"not_picked":["Venomology","Die Die Die"],"picked":"Adrenaline","floor":33},{"not_picked":["Dagger Throw"],"picked":"SKIP","floor":35},{"not_picked":[],"picked":"Blur","floor":36},{"not_picked":[],"picked":"Acrobatics+1","floor":39},{"not_picked":["Blur"],"picked":"SKIP","floor":42},{"not_picked":["Expertise"],"picked":"SKIP","floor":45},{"not_picked":["Dagger Throw"],"picked":"SKIP","floor":46}],"player_experience":278149,"relics_obtained":[{"floor":6,"key":"Sundial"},{"floor":8,"key":"Tingsha"},{"floor":26,"key":"Pear"},{"floor":30,"key":"Strawberry"},{"floor":38,"key":"Ice Cream"},{"floor":43,"key":"Ancient Tea Set"},{"floor":46,"key":"Anchor"}],"event_choices":[{"event_name":"FaceTrader","player_choice":"Trade","floor":3,"damage_taken":0},{"event_name":"Drug Dealer","player_choice":"Got JAXXED","floor":20,"damage_taken":0},{"event_name":"Match and Keep!","player_choice":"1 cards matched","floor":24,"damage_taken":0},{"event_name":"Forgotten Altar","player_choice":"Shed Blood","floor":27,"damage_taken":0},{"event_name":"WeMeetAgain","player_choice":"Potion","floor":37,"damage_taken":0},{"event_name":"Mysterious Sphere","player_choice":"Fight","floor":38,"damage_taken":0},{"event_name":"Tomb of Lord Red Mask","player_choice":"Paid","floor":48,"damage_taken":0}],"is_beta":false,"boss_relics":[{"not_picked":["HoveringKite","Lizard Tail"],"picked":"Cursed Key"},{"not_picked":["Astrolabe","WristBlade"],"picked":"Busted Crown"}],"items_purged_floors":[],"is_endless":false,"potions_floor_spawned":[4,5,6,14,16,18,33,38,42,46],"ascension_level":5}