{"gold_per_floor":[109,109,109,122,139,172,172,172,172,189,189,206,206,217,217,320,320,330,342,342,115,115,115,144,144,193,208,243,243,243,255,255,358,358,375,395,413,37,48,77,94,124,124,175,193,193,193,213,213,213,213,213,67,102,102],"floor_reached":56,"playtime":2878,"items_purged":["Parasite"],"score":1274,"play_id":"7fd392df-bb16-45a8-877c-ddee5b54da53","local_time":"20190923222334","is_ascension_mode":false,"campfire_choices":[{"data":"Hemokinesis","floor":7,"key":"SMITH"},{"data":"True Grit","floor":11,"key":"SMITH"},{"data":"Clothesline","floor":15,"key":"SMITH"},{"data":"True Grit","floor":23,"key":"SMITH"},{"data":"1","floor":25,"key":"LIFT"},{"data":"2","floor":29,"key":"LIFT"},{"data":"3","floor":32,"key":"LIFT"},{"floor":47,"key":"RECALL"},{"data":"Evolve","floor":49,"key":"SMITH"},{"data":"Pommel Strike","floor":52,"key":"SMITH"}],"neow_cost":"CURSE","seed_source_timestamp":847899029032879,"circlet_count":0,"master_deck":["Strike_R+1","Strike_R+1","Strike_R+1","Strike_R+1","Defend_R+1","Defend_R+1","Defend_R+1","Defend_R+1","Bash+1","True Grit+1","Thunderclap","Clothesline+1","Hemokinesis+1","Anger","Combust","Impervious+1","Wild Strike+1","True Grit+1","Battle Trance","Inflame","Pommel Strike+1","Inflame+1","Feel No Pain+1","Reaper","Burning Pact+1","Pummel+1","Warcry+1","Evolve+1","Power Through+1","Twin Strike+1","Offering","Battle Trance+1","True Grit+1","Shockwave+1","Rupture+1"],"special_seed":0,"relics":["Burning Blood","Nunchaku","Letter Opener","Self Forming Clay","Blue Candle","Mark of Pain","Whetstone","Girya","Happy Flower","Regal Pillow","Coffee Dripper","Gambling Chip","Du-Vu Doll","Frozen Egg 2","Ice Cream","War Paint"],"potions_floor_usage":[28,28,44,55],"damage_taken":[{"damage":4.0,"enemies":"Jaw Worm","floor":1.0,"turns":3.0},{"damage":0.0,"enemies":"Small Slimes","floor":4.0,"turns":4.0},{"damage":3.0,"enemies":"Cultist","floor":5.0,"turns":4.0},{"damage":30,"enemies":"Lagavulin","floor":6,"turns":9},{"damage":10,"enemies":"Exordium Thugs","floor":10,"turns":5},{"damage":7,"enemies":"Looter","floor":12,"turns":3},{"damage":0,"enemies":"3 Louse","floor":14,"turns":4},{"damage":27,"enemies":"Hexaghost","floor":16,"turns":9},{"damage":14,"enemies":"2 Thieves","floor":18,"turns":4},{"damage":14,"enemies":"Chosen","floor":19,"turns":5},{"damage":17,"enemies":"Slavers","floor":24,"turns":5},{"damage":3,"enemies":"Shelled Parasite and Fungi","floor":27,"turns":5},{"damage":10,"enemies":"Book of Stabbing","floor":28,"turns":5},{"damage":2,"enemies":"3 Cultists","floor":31,"turns":4},{"damage":9,"enemies":"Champ","floor":33,"turns":8},{"damage":17,"enemies":"3 Darklings","floor":35,"turns":6},{"damage":2,"enemies":"Orb Walker","floor":36,"turns":2},{"damage":0,"enemies":"Transient","floor":37,"turns":5},{"damage":9,"enemies":"Sphere and 2 Shapes","floor":39,"turns":6},{"damage":53,"enemies":"Nemesis","floor":40,"turns":7},{"damage":2,"enemies":"Writhing Mass","floor":41,"turns":4},{"damage":21,"enemies":"Reptomancer","floor":42,"turns":7},{"damage":24,"enemies":"2 Orb Walkers","floor":44,"turns":4},{"damage":16,"enemies":"Jaw Worm Horde","floor":45,"turns":3},{"damage":0,"enemies":"Sphere and 2 Shapes","floor":48,"turns":4},{"damage":63,"enemies":"Time Eater","floor":50,"turns":10},{"damage":17,"enemies":"Shield and Spear","floor":54,"turns":6},{"damage":33,"enemies":"The Heart","floor":55,"turns":8}],"seed_played":"-1780067066912727055","potions_obtained":[{"floor":6,"key":"EssenceOfSteel"},{"floor":14,"key":"GamblersBrew"},{"floor":16,"key":"PowerPotion"},{"floor":19,"key":"SpeedPotion"},{"floor":24,"key":"Ancient Potion"},{"floor":28,"key":"Poison Potion"},{"floor":33,"key":"FearPotion"},{"floor":35,"key":"EssenceOfSteel"},{"floor":39,"key":"Dexterity Potion"},{"floor":48,"key":"GamblersBrew"}],"is_trial":false,"path_per_floor":["M","?","?","M","M","E","R","?","T","M","R","M","?","M","R","B",null,"M","M","?","$","?","R","E","R","T","M","E","R","?","M","R","B",null,"M","M","M","$","M","E","M","E","T","?","M","?","R","M","R","B",null,"R","$","E","B",null],"character_chosen":"IRONCLAD","items_purchased":["Battle Trance","Whetstone","Evolve","Gambling Chip","Shockwave"],"campfire_rested":0,"item_purchase_floors":[21,21,38,38,53],"current_hp_per_floor":[80,73,55,61,64,40,40,40,40,36,36,35,35,41,41,20,80,72,64,64,64,64,64,53,53,53,56,52,52,52,56,56,53,80,80,80,80,80,80,45,64,65,65,62,52,52,52,78,78,34,80,80,77,77,77],"gold":102,"neow_bonus":"ONE_RARE_RELIC","is_prod":false,"is_daily":false,"chose_seed":false,"campfire_upgraded":6,"win_rate":0,"timestamp":1569291814,"path_taken":["M","?","?","M","M","E","R","?","T","M","R","M","?","M","R","BOSS","M","?","?","$","?","R","E","R","T","M","E","R","?","M","R","BOSS","M","M","M","$","M","E","?","E","T","?","M","?","R","M","R","BOSS","R","$","E","BOSS"],"build_version":"2019-07-17","purchased_purges":1,"victory":true,"max_hp_per_floor":[80,80,80,80,80,80,80,80,80,80,80,80,80,80,80,80,80,80,80,80,80,80,80,80,80,80,80,80,80,80,80,80,80,80,80,80,80,80,80,80,80,80,80,80,80,80,80,80,80,80,80,80,77,77,77],"card_choices":[{"not_picked":["Pommel Strike","Reckless Charge"],"picked":"True Grit","floor":1.0},{"not_picked":["Wild Strike","Headbutt"],"picked":"Thunderclap","floor":4.0},{"not_picked":["Sever Soul","Perfected Strike"],"picked":"Clothesline","floor":5.0},{"not_picked":["Dark Embrace","Body Slam"],"picked":"Hemokinesis","floor":6},{"not_picked":["Headbutt","Fire Breathing"],"picked":"Anger","floor":10},{"not_picked":["Pummel","Corruption"],"picked":"Combust","floor":12},{"not_picked":["Clash","Sword Boomerang","Armaments"],"picked":"SKIP","floor":14},{"not_picked":["Exhume","Offering"],"picked":"Impervious","floor":16},{"not_picked":["Fire Breathing","Pummel"],"picked":"Wild Strike+1","floor":18},{"not_picked":["Perfected Strike","Thunderclap"],"picked":"True Grit","floor":19},{"not_picked":["Iron Wave","Headbutt"],"picked":"Inflame","floor":24},{"not_picked":["Heavy Blade","Combust"],"picked":"Pommel Strike","floor":27},{"not_picked":["Anger","Havoc"],"picked":"Inflame+1","floor":28},{"not_picked":["Warcry","Pummel"],"picked":"Feel No Pain+1","floor":31},{"not_picked":["Juggernaut","Fiend Fire"],"picked":"Reaper","floor":33},{"not_picked":["Anger+1","Havoc+1"],"picked":"Burning Pact+1","floor":35},{"not_picked":["Flex","Havoc"],"picked":"Pummel+1","floor":36},{"not_picked":["Whirlwind","Iron Wave"],"picked":"Warcry+1","floor":37},{"not_picked":["Searing Blow","Cleave","Thunderclap"],"picked":"SKIP","floor":39},{"not_picked":["Second Wind+1","Rampage"],"picked":"Power Through+1","floor":40},{"not_picked":["Headbutt+1","Cleave"],"picked":"Twin Strike+1","floor":41},{"not_picked":["Power Through","Shrug It Off"],"picked":"Offering","floor":42},{"not_picked":["Inflame+1","Body Slam+1"],"picked":"Battle Trance+1","floor":44},{"not_picked":["Headbutt+1","Anger"],"picked":"True Grit+1","floor":45},{"not_picked":["Ghostly Armor","Clash","Twin Strike+1"],"picked":"SKIP","floor":48},{"not_picked":["Cleave","Seeing Red+1"],"picked":"Rupture+1","floor":54}],"player_experience":1302427,"relics_obtained":[{"floor":6,"key":"Self Forming Clay"},{"floor":9,"key":"Blue Candle"},{"floor":24,"key":"Girya"},{"floor":26,"key":"Happy Flower"},{"floor":28,"key":"Regal Pillow"},{"floor":40,"key":"Du-Vu Doll"},{"floor":42,"key":"Frozen Egg 2"},{"floor":44,"key":"Ice Cream"},{"floor":54,"key":"War Paint"}],"event_choices":[{"cards_removed":["Regret"],"damage_healed":0.0,"max_hp_gain":0.0,"max_hp_loss":0.0,"gold_gain":0.0,"event_name":"Golden Wing","player_choice":"Card Removal","floor":2.0,"gold_loss":0.0,"damage_taken":7.0},{"damage_healed":0.0,"max_hp_gain":0.0,"max_hp_loss":0.0,"gold_gain":0.0,"event_name":"Scrap Ooze","player_choice":"Success","floor":3.0,"gold_loss":0.0,"damage_taken":18.0,"relics_obtained":["Letter Opener"]},{"damage_healed":0,"gold_gain":0,"player_choice":"Ignored","damage_taken":0,"max_hp_gain":0,"max_hp_loss":0,"event_name":"Liars Game","floor":8,"gold_loss":0},{"cards_removed":["Strike_R"],"damage_healed":0,"gold_gain":0,"player_choice":"Offered Basic","damage_taken":0,"max_hp_gain":0,"max_hp_loss":0,"event_name":"Bonfire Elementals","floor":13,"gold_loss":0},{"damage_healed":0,"gold_gain":0,"player_choice":"Ignored","damage_taken":0,"max_hp_gain":0,"max_hp_loss":0,"event_name":"Vampires","floor":20,"gold_loss":0},{"damage_healed":0,"gold_gain":0,"player_choice":"Simplicity","damage_taken":0,"max_hp_gain":0,"max_hp_loss":0,"event_name":"Back to Basics","floor":22,"gold_loss":0,"cards_upgraded":["Strike_R","Strike_R","Strike_R","Defend_R","Defend_R","Defend_R","Defend_R"]},{"damage_healed":0,"gold_gain":0,"player_choice":"0 cards matched","damage_taken":0,"max_hp_gain":0,"max_hp_loss":0,"event_name":"Match and Keep!","floor":30,"gold_loss":0,"cards_obtained":[]},{"damage_healed":0,"gold_gain":0,"player_choice":"Fight","damage_taken":0,"max_hp_gain":0,"max_hp_loss":0,"event_name":"Mysterious Sphere","floor":44,"gold_loss":0},{"damage_healed":0,"gold_gain":0,"player_choice":"Ignored","damage_taken":0,"max_hp_gain":0,"max_hp_loss":0,"event_name":"Tomb of Lord Red Mask","floor":46,"gold_loss":0}],"is_beta":false,"boss_relics":[{"not_picked":["Philosopher\u0027s Stone","Fusion Hammer"],"picked":"Mark of Pain"},{"not_picked":["Sozu","Runic Pyramid"],"picked":"Coffee Dripper"}],"items_purged_floors":[53],"is_endless":false,"potions_floor_spawned":[6,14,16,19,24,28,33,35,39,40,41,42,48],"ascension_level":0}