{"gold_per_floor":[119,69,69,81,58,58,86,86,86,106,126,151,161,175,175,276,276,289,66,66,32,45,80,91,91,137,137,151,250,269,301,301,402,402,420,465,268,268,284,319,339,339,339,369,369,387,387,387,387,387],"floor_reached":50,"playtime":2537,"items_purged":[],"score":550,"play_id":"923f8f01-6387-4cd9-88b9-764590815338","local_time":"20190501213631","is_ascension_mode":false,"campfire_choices":[{"data":"Hemokinesis","floor":6.0,"key":"SMITH"},{"data":"Juggernaut","floor":8.0,"key":"SMITH"},{"data":"Double Tap","floor":15.0,"key":"SMITH"},{"data":"Power Through","floor":25,"key":"SMITH"},{"data":"Intimidate","floor":27,"key":"SMITH"},{"data":"Shrug It Off","floor":32,"key":"SMITH"},{"floor":42,"key":"REST"},{"floor":47,"key":"RECALL"},{"floor":49,"key":"REST"}],"neow_cost":"NONE","seed_source_timestamp":2258147683437482,"circlet_count":0,"master_deck":["Strike_R","Strike_R","Strike_R","Strike_R","Defend_R","Defend_R","Defend_R","Bash+1","Hemokinesis+1","Juggernaut+1","Iron Wave","Shrug It Off+1","Intimidate+1","Iron Wave","Double Tap+1","Iron Wave","Cleave","Demon Form","Cleave+1","Metallicize","Power Through+1","True Grit+1","Rage+1","Offering","Flame Barrier","Offering","Decay","Power Through+1","Whirlwind+1","Master of Strategy"],"special_seed":0,"relics":["Black Blood","Matryoshka","Bottled Tornado","Gremlin Horn","Bag of Preparation","Anchor","Molten Egg 2","Bronze Scales","Strawberry","Fusion Hammer","Torii","DollysMirror","Art of War","PreservedInsect","Letter Opener"],"potions_floor_usage":[36,40],"damage_taken":[{"damage":1.0,"enemies":"Cultist","floor":1.0,"turns":3.0},{"damage":9.0,"enemies":"Jaw Worm","floor":4.0,"turns":2.0},{"damage":23.0,"enemies":"Lagavulin","floor":7.0,"turns":7.0},{"damage":7.0,"enemies":"2 Louse","floor":10.0,"turns":2.0},{"damage":10.0,"enemies":"Lots of Slimes","floor":11.0,"turns":3.0},{"damage":12.0,"enemies":"3 Sentries","floor":12.0,"turns":6.0},{"damage":5.0,"enemies":"Gremlin Gang","floor":13.0,"turns":3.0},{"damage":4.0,"enemies":"2 Fungi Beasts","floor":14.0,"turns":3.0},{"damage":26.0,"enemies":"The Guardian","floor":16.0,"turns":9.0},{"damage":10,"enemies":"3 Byrds","floor":18,"turns":6},{"damage":4,"enemies":"Shell Parasite","floor":22,"turns":5},{"damage":24,"enemies":"Book of Stabbing","floor":23,"turns":6},{"damage":3,"enemies":"Chosen and Byrds","floor":24,"turns":6},{"damage":10,"enemies":"Snake Plant","floor":28,"turns":3},{"damage":12,"enemies":"3 Cultists","floor":30,"turns":3},{"damage":36,"enemies":"Slavers","floor":31,"turns":6},{"damage":37,"enemies":"Collector","floor":33,"turns":9},{"damage":8,"enemies":"Orb Walker","floor":35,"turns":2},{"damage":56,"enemies":"2 Orb Walkers","floor":36,"turns":5},{"damage":9,"enemies":"3 Darklings","floor":39,"turns":5},{"damage":7,"enemies":"Reptomancer","floor":40,"turns":5},{"damage":21,"enemies":"Maw","floor":41,"turns":7},{"damage":22,"enemies":"Giant Head","floor":44,"turns":6},{"damage":12,"enemies":"Writhing Mass","floor":46,"turns":5},{"damage":81,"enemies":"Awakened One","floor":50,"turns":12}],"seed_played":"-2406531955222583886","potions_obtained":[{"floor":10.0,"key":"Swift Potion"},{"floor":13.0,"key":"Ancient Potion"},{"floor":16.0,"key":"Swift Potion"},{"floor":23,"key":"FearPotion"},{"floor":24,"key":"PowerPotion"},{"floor":28,"key":"EssenceOfSteel"},{"floor":39,"key":"Explosive Potion"},{"floor":41,"key":"SteroidPotion"}],"is_trial":false,"path_per_floor":["M","?","?","M","$","R","E","R","T","M","M","E","M","M","R","B",null,"M","$","?","$","M","E","M","R","T","R","M","?","M","E","R","B",null,"M","?","$","?","M","E","M","R","T","E","?","M","R","?","R","B"],"character_chosen":"IRONCLAD","items_purchased":["Iron Wave","Anchor","Metallicize","Power Through","DollysMirror"],"campfire_rested":2,"item_purchase_floors":[5,19,19,21,37],"current_hp_per_floor":[80,80,73,70,70,70,53,53,53,52,48,42,43,45,45,25,80,80,80,80,80,80,66,73,73,73,73,73,73,71,52,52,25,87,87,41,41,41,42,45,34,60,60,48,48,46,46,46,72,0],"gold":387,"neow_bonus":"UPGRADE_CARD","is_prod":false,"is_daily":false,"chose_seed":false,"campfire_upgraded":6,"win_rate":0,"timestamp":1556760991,"path_taken":["M","?","?","M","$","R","E","R","T","M","M","E","M","M","R","BOSS","M","$","?","$","M","E","?","R","T","R","?","?","M","E","R","BOSS","M","?","$","?","?","E","M","R","T","E","?","M","R","?","R","BOSS"],"build_version":"2019-01-23","purchased_purges":0,"victory":false,"max_hp_per_floor":[80,80,80,80,80,80,80,80,80,80,80,80,80,80,80,80,80,80,80,80,80,80,80,80,80,80,80,80,80,80,87,87,87,87,87,87,87,87,87,87,87,87,87,87,87,87,87,87,87,87],"card_choices":[{"not_picked":["Heavy Blade","Flex"],"picked":"Hemokinesis","floor":1.0},{"not_picked":["Armaments","Rampage"],"picked":"Juggernaut","floor":4.0},{"not_picked":["Spot Weakness","Clash"],"picked":"Shrug It Off","floor":7.0},{"not_picked":["Perfected Strike","Sword Boomerang"],"picked":"Intimidate","floor":10.0},{"not_picked":["Warcry","Wild Strike"],"picked":"Iron Wave","floor":11.0},{"not_picked":["Impervious","Havoc"],"picked":"Double Tap","floor":12.0},{"not_picked":["Second Wind","Sword Boomerang"],"picked":"Iron Wave","floor":13.0},{"not_picked":["Immolate","Shockwave"],"picked":"Cleave","floor":14.0},{"not_picked":["Dark Embrace","Double Tap"],"picked":"Demon Form","floor":16.0},{"not_picked":["Havoc","Pommel Strike"],"picked":"Cleave+1","floor":18},{"not_picked":["Iron Wave","Searing Blow"],"picked":"True Grit+1","floor":22},{"not_picked":["Havoc","Inflame+1","Cleave"],"picked":"SKIP","floor":23},{"not_picked":["Berserk","Armaments","Inflame"],"picked":"SKIP","floor":24},{"not_picked":["Clash+1","Sentinel","Wild Strike+1"],"picked":"SKIP","floor":28},{"not_picked":["Shockwave","Armaments"],"picked":"Rage+1","floor":30},{"not_picked":["Shrug It Off","Berserk","Rupture"],"picked":"SKIP","floor":31},{"not_picked":["Berserk","Immolate+1"],"picked":"Offering","floor":33},{"not_picked":["Carnage+1","Feel No Pain","True Grit"],"picked":"SKIP","floor":35},{"not_picked":["Havoc+1","Thunderclap+1"],"picked":"Flame Barrier","floor":36},{"not_picked":["Clash+1","Iron Wave+1","Anger+1"],"picked":"SKIP","floor":39},{"not_picked":["Pommel Strike+1","Burning Pact"],"picked":"Power Through+1","floor":40},{"not_picked":["Wild Strike+1","Shrug It Off"],"picked":"Whirlwind+1","floor":41},{"not_picked":["Whirlwind+1","Reckless Charge+1","Rampage+1"],"picked":"SKIP","floor":44},{"not_picked":["Panacea","Forethought"],"picked":"Master of Strategy","floor":45},{"not_picked":["Corruption","Hemokinesis+1","Warcry+1"],"picked":"SKIP","floor":46}],"player_experience":842670,"relics_obtained":[{"floor":7.0,"key":"Matryoshka"},{"floor":9.0,"key":"Bottled Tornado"},{"floor":9.0,"key":"Gremlin Horn"},{"floor":12.0,"key":"Bag of Preparation"},{"floor":23,"key":"Molten Egg 2"},{"floor":26,"key":"Bronze Scales"},{"floor":31,"key":"Strawberry"},{"floor":36,"key":"Torii"},{"floor":40,"key":"Art of War"},{"floor":43,"key":"PreservedInsect"},{"floor":44,"key":"Letter Opener"}],"event_choices":[{"cards_removed":["Strike_R"],"damage_healed":0.0,"max_hp_gain":0.0,"max_hp_loss":0.0,"gold_gain":0.0,"event_name":"The Cleric","player_choice":"Card Removal","floor":2.0,"gold_loss":50.0,"damage_taken":0.0},{"cards_removed":["Defend_R"],"damage_healed":0.0,"max_hp_gain":0.0,"max_hp_loss":0.0,"gold_gain":0.0,"event_name":"Golden Wing","player_choice":"Card Removal","floor":3.0,"gold_loss":0.0,"damage_taken":7.0},{"damage_healed":0,"gold_gain":0,"player_choice":"Bought 0 Potions","damage_taken":0,"max_hp_gain":0,"max_hp_loss":0,"event_name":"The Woman in Blue","floor":20,"gold_loss":0},{"damage_healed":0,"gold_gain":99,"player_choice":"Stole From Cult","damage_taken":0,"max_hp_gain":0,"max_hp_loss":0,"event_name":"Nest","floor":29,"gold_loss":0},{"damage_healed":0,"gold_gain":0,"player_choice":"Fight","damage_taken":0,"max_hp_gain":0,"max_hp_loss":0,"event_name":"Mysterious Sphere","floor":36,"gold_loss":0},{"damage_healed":0,"gold_gain":0,"player_choice":"Cursed","damage_taken":0,"max_hp_gain":0,"max_hp_loss":0,"event_name":"Wheel of Change","floor":38,"gold_loss":0,"cards_obtained":["Decay"]},{"damage_healed":0,"gold_gain":0,"player_choice":"Memory 1","damage_taken":0,"max_hp_gain":0,"max_hp_loss":0,"event_name":"SensoryStone","floor":45,"gold_loss":0},{"damage_healed":0,"gold_gain":0,"player_choice":"Ignored","damage_taken":0,"max_hp_gain":0,"max_hp_loss":0,"event_name":"Tomb of Lord Red Mask","floor":48,"gold_loss":0}],"is_beta":false,"boss_relics":[{"not_picked":["Lizard Tail","Runic Dome"],"picked":"Black Blood"},{"not_picked":["Astrolabe","Orrery"],"picked":"Fusion Hammer"}],"items_purged_floors":[],"is_endless":false,"potions_floor_spawned":[10,13,16,23,24,28,31,39,41,44],"killed_by":"Awakened One","ascension_level":0}