{"gold_per_floor":[114,39,39,50,50,79,79,107,178,209,209,359,359,379,379,379],"floor_reached":16,"playtime":468,"items_purged":["Strike_R"],"score":247,"play_id":"13890bdb-fc56-4eca-91be-0590ada46f30","local_time":"20190612182710","is_ascension_mode":true,"campfire_choices":[{"data":"Flame Barrier","floor":7,"key":"SMITH"},{"data":"Offering","floor":11,"key":"SMITH"},{"data":"Body Slam","floor":13,"key":"SMITH"},{"data":"Twin Strike","floor":15,"key":"SMITH"}],"neow_cost":"NONE","seed_source_timestamp":8971021256119,"circlet_count":0,"master_deck":["AscendersBane","Strike_R","Strike_R","Strike_R","Strike_R","Defend_R","Defend_R","Defend_R","Defend_R","Bash+1","Flame Barrier+1","Thunderclap","Twin Strike+1","Body Slam+1","Offering+1","Doubt"],"special_seed":0,"relics":["Burning Blood","NeowsBlessing","Bag of Marbles","Letter Opener","Pear","Vajra"],"potions_floor_usage":[8,10],"damage_taken":[{"damage":0,"enemies":"Jaw Worm","floor":1,"turns":1},{"damage":0,"enemies":"2 Louse","floor":4,"turns":1},{"damage":0,"enemies":"Lagavulin","floor":6,"turns":1},{"damage":20,"enemies":"3 Sentries","floor":8,"turns":7},{"damage":28,"enemies":"Gremlin Nob","floor":10,"turns":5},{"damage":6,"enemies":"Cultist","floor":14,"turns":2},{"damage":50,"enemies":"The Guardian","floor":16,"turns":13}],"seed_played":"4468413473116640311","potions_obtained":[{"floor":4,"key":"Block Potion"},{"floor":6,"key":"Explosive Potion"},{"floor":14,"key":"Strength Potion"}],"is_trial":false,"path_per_floor":["M","$","?","M","?","E","R","E","T","E","R","?","R","M","R","B"],"character_chosen":"IRONCLAD","items_purchased":[],"campfire_rested":0,"item_purchase_floors":[],"current_hp_per_floor":[74,74,74,75,75,75,75,61,71,49,49,49,49,49,49,0],"gold":379,"neow_bonus":"THREE_ENEMY_KILL","is_prod":false,"is_daily":false,"chose_seed":false,"campfire_upgraded":4,"win_rate":0,"timestamp":1560356830,"path_taken":["M","$","?","M","?","E","R","E","T","E","R","?","R","M","R","BOSS"],"build_version":"2019-01-23","purchased_purges":1,"victory":false,"max_hp_per_floor":[75,75,75,75,75,75,75,75,85,85,85,85,85,85,85,85],"card_choices":[{"not_picked":["Flex","Clash"],"picked":"Flame Barrier","floor":1},{"not_picked":["Clash","Carnage"],"picked":"Thunderclap","floor":4},{"not_picked":["Bloodletting","Warcry"],"picked":"Twin Strike","floor":6},{"not_picked":["Blood for Blood","Combust"],"picked":"Body Slam","floor":8},{"not_picked":["Body Slam","Warcry"],"picked":"Offering","floor":10},{"not_picked":["Havoc","Thunderclap","Clash"],"picked":"SKIP","floor":14}],"player_experience":521004,"relics_obtained":[{"floor":6,"key":"Bag of Marbles"},{"floor":8,"key":"Letter Opener"},{"floor":9,"key":"Pear"},{"floor":10,"key":"Vajra"}],"event_choices":[{"damage_healed":0,"gold_gain":0,"player_choice":"Leave","damage_taken":0,"max_hp_gain":0,"max_hp_loss":0,"event_name":"The Cleric","floor":3,"gold_loss":0},{"damage_healed":0,"gold_gain":0,"player_choice":"Grow","damage_taken":0,"max_hp_gain":0,"max_hp_loss":0,"event_name":"Living Wall","floor":5,"gold_loss":0,"cards_upgraded":["Bash"]},{"damage_healed":0,"gold_gain":150,"player_choice":"AGREE","damage_taken":0,"max_hp_gain":0,"max_hp_loss":0,"event_name":"Liars Game","floor":12,"gold_loss":0,"cards_obtained":["Doubt"]}],"is_beta":false,"boss_relics":[],"items_purged_floors":[2],"is_endless":false,"potions_floor_spawned":[4,6,14],"killed_by":"The Guardian","ascension_level":15}