{"gold_per_floor":[109,109,30,30,40,40,67,67,67,97,111,128,142,167,167,167],"floor_reached":16,"playtime":670,"items_purged":[],"score":193,"play_id":"1fdcbf3f-213c-4a6e-8f04-d8d45e501fe7","local_time":"20190726181107","is_ascension_mode":true,"campfire_choices":[{"data":"Skewer","floor":6.0,"key":"SMITH"},{"floor":8.0,"key":"REST"},{"floor":15.0,"key":"REST"}],"neow_cost":"NONE","seed_source_timestamp":1328264435771321,"circlet_count":0,"master_deck":["AscendersBane","Strike_G","Strike_G+1","Strike_G","Strike_G+1","Defend_G","Defend_G","Defend_G","Defend_G","Defend_G","Survivor","Neutralize","Noxious Fumes","Skewer+1","Deadly Poison","PiercingWail","Dodge and Roll"],"special_seed":0,"relics":["Ring of the Snake","Centennial Puzzle","Whetstone","Bag of Preparation","Pen Nib","Odd Mushroom"],"potions_floor_usage":[],"damage_taken":[{"damage":7.0,"enemies":"Small Slimes","floor":1.0,"turns":4.0},{"damage":0.0,"enemies":"Cultist","floor":5.0,"turns":4.0},{"damage":19.0,"enemies":"3 Sentries","floor":7.0,"turns":9.0},{"damage":20.0,"enemies":"Gremlin Nob","floor":10.0,"turns":4.0},{"damage":0.0,"enemies":"Jaw Worm","floor":11.0,"turns":3.0},{"damage":10.0,"enemies":"Large Slime","floor":12.0,"turns":5.0},{"damage":2.0,"enemies":"Looter","floor":13.0,"turns":4.0},{"damage":10.0,"enemies":"The Mushroom Lair","floor":14.0,"turns":4.0},{"damage":26,"enemies":"The Guardian","floor":16,"turns":6}],"seed_played":"-622646892671103874","potions_obtained":[{"floor":5.0,"key":"LiquidBronze"},{"floor":10.0,"key":"Fire Potion"}],"is_trial":false,"path_per_floor":["M","?","$","?","M","R","E","R","T","E","M","M","M","?","R","B"],"character_chosen":"THE_SILENT","items_purchased":["Noxious Fumes"],"campfire_rested":2,"item_purchase_floors":[3],"current_hp_per_floor":[52,45,45,45,45,45,26,45,45,25,25,15,13,3,22,0],"gold":167,"neow_bonus":"RANDOM_COMMON_RELIC","is_prod":false,"is_daily":false,"chose_seed":false,"campfire_upgraded":1,"win_rate":0,"timestamp":1564157467,"path_taken":["M","?","$","?","M","R","E","R","T","E","M","M","?","?","R","BOSS"],"build_version":"2019-07-17","purchased_purges":0,"victory":false,"max_hp_per_floor":[66,66,66,66,66,66,66,66,66,66,66,66,66,66,66,66],"card_choices":[{"not_picked":["Acrobatics","Bane","Prepared"],"picked":"SKIP","floor":1.0},{"not_picked":["Slice","Acrobatics"],"picked":"Skewer","floor":5.0},{"not_picked":["Venomology","Acrobatics"],"picked":"Deadly Poison","floor":7.0},{"not_picked":["Underhanded Strike","Slice","Venomology"],"picked":"SKIP","floor":10.0},{"not_picked":["Outmaneuver","Calculated Gamble"],"picked":"PiercingWail","floor":11.0},{"not_picked":["Reflex","Dagger Spray"],"picked":"Dodge and Roll","floor":12.0},{"not_picked":["Prepared","Dagger Throw","Endless Agony"],"picked":"SKIP","floor":13.0}],"player_experience":695056,"relics_obtained":[{"floor":7.0,"key":"Whetstone"},{"floor":9.0,"key":"Bag of Preparation"},{"floor":10.0,"key":"Pen Nib"},{"floor":14.0,"key":"Odd Mushroom"}],"event_choices":[{"cards_removed":["Strike_G"],"damage_healed":0.0,"max_hp_gain":0.0,"max_hp_loss":0.0,"gold_gain":0.0,"event_name":"Golden Wing","player_choice":"Card Removal","floor":2.0,"gold_loss":0.0,"damage_taken":7.0},{"damage_healed":0.0,"max_hp_gain":0.0,"max_hp_loss":0.0,"gold_gain":0.0,"event_name":"Match and Keep!","player_choice":"0 cards matched","floor":4.0,"gold_loss":0.0,"damage_taken":0.0,"cards_obtained":[]},{"damage_healed":0.0,"max_hp_gain":0.0,"max_hp_loss":0.0,"gold_gain":0.0,"event_name":"Mushrooms","player_choice":"Fought Mushrooms","floor":14.0,"gold_loss":0.0,"damage_taken":0.0}],"is_beta":false,"boss_relics":[],"items_purged_floors":[],"is_endless":false,"potions_floor_spawned":[5,10,11,12],"killed_by":"The Guardian","ascension_level":15}