{"gold_per_floor":[111,128,78,78,89,89,105,105,182,196,234,234,259,303,303,423,423,443,461,263,62,76,119,119,143,215,215,215,215,231,231,231,356,356,381,381,396,396,26,61,11,11,11,30,73,73,73,99,111,123,135,147,16,47,47],"floor_reached":56,"playtime":2831,"items_purged":["Strike_R","Strike_R","Flex","Strike_R+1"],"score":1258,"play_id":"65bec3e0-2278-43b7-8c5e-79c4c6d3c770","local_time":"20190510231558","is_ascension_mode":false,"campfire_choices":[{"data":"Inflame","floor":6.0,"key":"SMITH"},{"data":"Bash","floor":12.0,"key":"SMITH"},{"data":"Barricade","floor":15.0,"key":"SMITH"},{"data":"Metallicize","floor":24.0,"key":"SMITH"},{"data":"Impervious","floor":27.0,"key":"SMITH"},{"data":"Defend_R","floor":29.0,"key":"SMITH"},{"data":"Defend_R","floor":32.0,"key":"SMITH"},{"data":"Disarm","floor":42.0,"key":"SMITH"},{"data":"Sword Boomerang","floor":46.0,"key":"SMITH"},{"floor":49.0,"key":"RECALL"},{"data":"Headbutt","floor":52.0,"key":"SMITH"}],"neow_cost":"NONE","seed_source_timestamp":3041322006302973,"circlet_count":0,"master_deck":["Strike_R+1","Defend_R+1","Defend_R+1","Bash+1","Inflame+1","Pummel","Intimidate+1","Sword Boomerang+1","Disarm+1","Metallicize+1","Barricade+1","Impervious+1","Body Slam+1","Headbutt+1","Metallicize+1","Warcry+1","Seeing Red+1","Exhume+1","Entrench+1","Warcry+1","Seeing Red+1","Impervious+1","Shrug It Off+1","Offering+1"],"special_seed":0,"relics":["Burning Blood","Golden Idol","Ornamental Fan","Smiling Mask","Vajra","Centennial Puzzle","Runic Cube","Whetstone","Oddly Smooth Stone","Blood Vial","Toxic Egg 2","Omamori","Sozu","Kunai","Juzu Bracelet","Bronze Scales","MawBank","Bag of Preparation","Happy Flower"],"potions_floor_usage":[55,55],"damage_taken":[{"damage":1.0,"enemies":"Cultist","floor":1.0,"turns":4.0},{"damage":8.0,"enemies":"Jaw Worm","floor":2.0,"turns":4.0},{"damage":1.0,"enemies":"2 Louse","floor":5.0,"turns":2.0},{"damage":2.0,"enemies":"Looter","floor":7.0,"turns":3.0},{"damage":11.0,"enemies":"Lots of Slimes","floor":10.0,"turns":3.0},{"damage":10.0,"enemies":"Gremlin Nob","floor":11.0,"turns":4.0},{"damage":29.0,"enemies":"3 Sentries","floor":14.0,"turns":6.0},{"damage":12.0,"enemies":"The Guardian","floor":16.0,"turns":9.0},{"damage":18.0,"enemies":"Shell Parasite","floor":18.0,"turns":6.0},{"damage":7.0,"enemies":"Chosen","floor":19.0,"turns":6.0},{"damage":14.0,"enemies":"Centurion and Healer","floor":22.0,"turns":5.0},{"damage":21.0,"enemies":"Slavers","floor":23.0,"turns":7.0},{"damage":0.0,"enemies":"Chosen and Byrds","floor":25.0,"turns":8.0},{"damage":0.0,"enemies":"3 Cultists","floor":30.0,"turns":5.0},{"damage":26.0,"enemies":"Collector","floor":33.0,"turns":8.0},{"damage":10.0,"enemies":"3 Shapes","floor":35.0,"turns":4.0},{"damage":0.0,"enemies":"3 Darklings","floor":37.0,"turns":7.0},{"damage":18.0,"enemies":"Reptomancer","floor":40.0,"turns":6.0},{"damage":0.0,"enemies":"4 Shapes","floor":44.0,"turns":6.0},{"damage":22.0,"enemies":"Nemesis","floor":45.0,"turns":9.0},{"damage":25.0,"enemies":"Writhing Mass","floor":48.0,"turns":5.0},{"damage":0.0,"enemies":"Time Eater","floor":50.0,"turns":6.0},{"damage":17,"enemies":"Shield and Spear","floor":54,"turns":6},{"damage":28,"enemies":"The Heart","floor":55,"turns":8}],"seed_played":"2085433568009096332","potions_obtained":[{"floor":2.0,"key":"Block Potion"},{"floor":7.0,"key":"SkillPotion"},{"floor":10.0,"key":"SteroidPotion"},{"floor":11.0,"key":"EssenceOfSteel"},{"floor":16.0,"key":"Regen Potion"},{"floor":19.0,"key":"Dexterity Potion"}],"is_trial":false,"path_per_floor":["M","M","?","?","M","R","M","?","T","M","E","R","T","E","R","B",null,"M","M","$","$","M","E","R","M","T","R","?","R","M","?","R","B",null,"M","?","M","?","$","E","$","R","T","M","E","R","T","M","R","B",null,"R","$","E","B",null],"character_chosen":"IRONCLAD","items_purchased":["Whetstone","Oddly Smooth Stone","Kunai","Seeing Red+1","Bag of Preparation"],"campfire_rested":0,"item_purchase_floors":[20,21,39,39,53],"current_hp_per_floor":[80,78,78,62,67,67,71,51,51,46,42,42,42,19,19,13,80,68,80,80,80,72,57,57,65,65,65,65,65,73,73,73,55,80,76,76,80,80,80,68,68,68,68,76,62,62,62,45,45,53,80,80,80,69,49],"gold":47,"neow_bonus":"THREE_CARDS","is_prod":false,"is_daily":false,"chose_seed":false,"campfire_upgraded":10,"win_rate":0,"timestamp":1557544558,"path_taken":["M","?","?","?","M","R","M","?","T","M","E","R","?","E","R","BOSS","M","M","?","$","M","E","R","M","T","R","?","R","?","?","R","BOSS","M","?","?","?","$","E","?","R","T","M","E","R","?","M","R","BOSS","R","$","E","BOSS"],"build_version":"2019-01-23","purchased_purges":4,"victory":true,"max_hp_per_floor":[80,80,80,80,80,80,80,80,80,80,80,80,80,80,80,80,80,80,80,80,80,80,80,80,80,80,80,80,80,80,80,80,80,80,80,80,80,80,80,80,80,80,80,80,80,80,80,80,80,80,80,80,80,80,80],"card_choices":[{"not_picked":["Second Wind","Twin Strike"],"picked":"Inflame","floor":0.0},{"not_picked":["Clothesline","Anger"],"picked":"Pummel","floor":1.0},{"not_picked":["Searing Blow","True Grit"],"picked":"Intimidate","floor":2.0},{"not_picked":["Thunderclap","Dual Wield"],"picked":"Sword Boomerang","floor":5.0},{"not_picked":["Uppercut","Infernal Blade"],"picked":"Disarm","floor":7.0},{"not_picked":["Corruption","Body Slam"],"picked":"Metallicize","floor":10.0},{"not_picked":["Flex","Sentinel","Heavy Blade"],"picked":"SKIP","floor":11.0},{"not_picked":["Headbutt","Blood for Blood"],"picked":"Barricade","floor":14.0},{"not_picked":["Immolate","Juggernaut"],"picked":"Impervious","floor":16.0},{"not_picked":["Sever Soul+1","Heavy Blade+1"],"picked":"Body Slam","floor":18.0},{"not_picked":["Dropkick","Blood for Blood+1"],"picked":"Headbutt","floor":19.0},{"not_picked":["Thunderclap+1","Carnage+1"],"picked":"Flex","floor":22.0},{"not_picked":["Sword Boomerang","Armaments+1"],"picked":"Metallicize+1","floor":23.0},{"not_picked":["Disarm+1","Fiend Fire"],"picked":"Warcry+1","floor":25.0},{"not_picked":["Iron Wave","Flex+1"],"picked":"Seeing Red+1","floor":30.0},{"not_picked":["Immolate","Brutality"],"picked":"Exhume+1","floor":33.0},{"not_picked":["Seeing Red+1","Corruption+1"],"picked":"Entrench+1","floor":35.0},{"not_picked":["Perfected Strike+1","Carnage"],"picked":"Warcry+1","floor":37.0},{"not_picked":["Heavy Blade+1","Thunderclap+1"],"picked":"Impervious+1","floor":40.0},{"not_picked":["Warcry+1","Iron Wave"],"picked":"Shrug It Off+1","floor":44.0},{"not_picked":["Feed","Perfected Strike+1","Sword Boomerang"],"picked":"SKIP","floor":45.0},{"not_picked":["Cleave+1","Ghostly Armor+1","Pommel Strike+1"],"picked":"SKIP","floor":48.0},{"not_picked":["Perfected Strike","Fire Breathing"],"picked":"Offering+1","floor":54}],"player_experience":878431,"relics_obtained":[{"floor":9.0,"key":"Ornamental Fan"},{"floor":11.0,"key":"Smiling Mask"},{"floor":13.0,"key":"Vajra"},{"floor":14.0,"key":"Centennial Puzzle"},{"floor":23.0,"key":"Blood Vial"},{"floor":26.0,"key":"Toxic Egg 2"},{"floor":40.0,"key":"Juzu Bracelet"},{"floor":45.0,"key":"Bronze Scales"},{"floor":47.0,"key":"MawBank"},{"floor":54,"key":"Happy Flower"}],"event_choices":[{"cards_removed":["Strike_R"],"damage_healed":0.0,"max_hp_gain":0.0,"max_hp_loss":0.0,"gold_gain":0.0,"event_name":"The Cleric","player_choice":"Card Removal","floor":3.0,"gold_loss":50.0,"damage_taken":0.0},{"damage_healed":0.0,"max_hp_gain":0.0,"max_hp_loss":0.0,"gold_gain":0.0,"event_name":"Shining Light","player_choice":"Entered Light","floor":4.0,"gold_loss":0.0,"damage_taken":16.0,"cards_upgraded":["Strike_R","Intimidate"]},{"damage_healed":0.0,"max_hp_gain":0.0,"max_hp_loss":0.0,"gold_gain":0.0,"event_name":"Golden Idol","player_choice":"Take Damage","floor":8.0,"gold_loss":0.0,"damage_taken":20.0,"relics_obtained":["Golden Idol"]},{"damage_healed":0.0,"max_hp_gain":0.0,"max_hp_loss":0.0,"gold_gain":0.0,"event_name":"The Mausoleum","player_choice":"Opened","floor":28.0,"gold_loss":0.0,"damage_taken":0.0,"relics_obtained":["Omamori"]},{"damage_healed":0.0,"max_hp_gain":0.0,"max_hp_loss":0.0,"gold_gain":0.0,"event_name":"Ghosts","player_choice":"Ignored","floor":31.0,"gold_loss":0.0,"damage_taken":0.0},{"cards_removed":["Defend_R"],"damage_healed":0.0,"max_hp_gain":0.0,"max_hp_loss":0.0,"gold_gain":0.0,"event_name":"Purifier","player_choice":"Purged","floor":36.0,"gold_loss":0.0,"damage_taken":0.0},{"cards_removed":["Defend_R"],"damage_healed":0.0,"max_hp_gain":0.0,"max_hp_loss":0.0,"gold_gain":0.0,"event_name":"Falling","player_choice":"Removed Skill","floor":38.0,"gold_loss":0.0,"damage_taken":0.0}],"is_beta":false,"boss_relics":[{"not_picked":["Lizard Tail","Tiny House"],"picked":"Runic Cube"},{"not_picked":["Fusion Hammer","Calling Bell"],"picked":"Sozu"}],"items_purged_floors":[20,21,39,41],"is_endless":false,"potions_floor_spawned":[2,7,10,11,16,19,25,33,37,45],"ascension_level":0}