{"gold_per_floor":[16,16,29,49,68,97,97,109,109,129,163,163,163,163,163,268,268,280,291,291,291,301,301,334,514,514,138,156,174,174,508,508,608,608,623,623,6,57,106,122,156,156,231,231,92,92,108,108,108,108],"floor_reached":51,"playtime":4100,"items_purged":["Regret","Writhe","Injury"],"score":957,"play_id":"125740ca-dad8-447e-8e6e-0e3c84dd1c79","local_time":"20180815215209","is_ascension_mode":true,"campfire_choices":[{"data":"Whirlwind","floor":7,"key":"SMITH"},{"data":"Armaments","floor":12,"key":"SMITH"},{"floor":15,"key":"DIG"},{"data":"Body Slam","floor":23,"key":"SMITH"},{"floor":30,"key":"REST"},{"data":"Shockwave","floor":32,"key":"SMITH"},{"data":"Limit Break","floor":42,"key":"SMITH"},{"data":"Flame Barrier","floor":44,"key":"SMITH"},{"data":"Flex","floor":46,"key":"SMITH"},{"data":"Bash","floor":49,"key":"SMITH"}],"neow_cost":"NO_GOLD","seed_source_timestamp":787821514590100,"circlet_count":0,"master_deck":["Strike_R+1","Strike_R+1","Strike_R+1","Strike_R+1","Defend_R+1","Defend_R+1","Defend_R+1","Defend_R+1","Bash+1","Iron Wave","Whirlwind+1","Thunderclap","Headbutt","Pommel Strike","Flame Barrier+1","Body Slam+1","Armaments+1","Limit Break+1","Cleave","Ghostly Armor","Twin Strike","Whirlwind+1","Flash of Steel","Fire Breathing","Flex+1","Anger+1","Twin Strike+1","Shockwave+1","Immolate","Uppercut+1","Pummel","Clothesline","Inflame+1","Injury","Clash"],"relics":["Burning Blood","Magic Flower","Anchor","Dodecahedron","Paper Frog","Centennial Puzzle","Shovel","Nunchaku","Cursed Key","The Courier","Singing Bowl","Ice Cream","Old Coin","Mark of Pain","Shuriken","Pen Nib","Regal Pillow","Ginger","Lantern","Bottled Flame","Matryoshka"],"potions_floor_usage":[16,16,22,33,33,33,40,50,50],"damage_taken":[{"damage":1,"enemies":"Cultist","floor":1,"turns":4},{"damage":3,"enemies":"2 Louse","floor":3,"turns":3},{"damage":2,"enemies":"Jaw Worm","floor":4,"turns":4},{"damage":0,"enemies":"Gremlin Gang","floor":5,"turns":2},{"damage":30,"enemies":"3 Sentries","floor":6,"turns":6},{"damage":3,"enemies":"Exordium Thugs","floor":8,"turns":4},{"damage":0,"enemies":"2 Fungi Beasts","floor":10,"turns":1},{"damage":23,"enemies":"Lagavulin","floor":11,"turns":7},{"damage":5,"enemies":"Slime Boss","floor":16,"turns":7},{"damage":3,"enemies":"Shell Parasite","floor":18,"turns":5},{"damage":11,"enemies":"Spheric Guardian","floor":19,"turns":3},{"damage":1,"enemies":"Snecko","floor":22,"turns":4},{"damage":0,"enemies":"Slavers","floor":24,"turns":1},{"damage":24,"enemies":"Snake Plant","floor":28,"turns":3},{"damage":0,"enemies":"Cultist and Chosen","floor":29,"turns":3},{"damage":12,"enemies":"Book of Stabbing","floor":31,"turns":4},{"damage":69,"enemies":"Automaton","floor":33,"turns":10},{"damage":20,"enemies":"Flame Bruiser 1 Orb","floor":35,"turns":3},{"damage":0,"floor":38,"turns":2},{"damage":13,"enemies":"3 Shapes","floor":40,"turns":4},{"damage":8,"enemies":"Giant Head","floor":41,"turns":5},{"damage":1,"enemies":"Sphere and 2 Shapes","floor":47,"turns":3},{"damage":54,"enemies":"Awakened One","floor":50,"turns":7}],"seed_played":"-152238366881705312","potions_obtained":[{"floor":3,"key":"GamblersBrew"},{"floor":11,"key":"Poison Potion"},{"floor":16,"key":"EssenceOfSteel"},{"floor":22,"key":"Poison Potion"},{"floor":24,"key":"BloodPotion"},{"floor":29,"key":"Fire Potion"},{"floor":31,"key":"SpeedPotion"},{"floor":35,"key":"Fire Potion"},{"floor":38,"key":"Regen Potion"},{"floor":41,"key":"SpeedPotion"}],"is_trial":false,"path_per_floor":["M","?","M","M","M","E","R","M","T","M","E","R","T","?","R","B",null,"M","M","?","?","M","R","E","?","T","$","M","M","R","E","R","B",null,"M","?","$","?","T","M","E","R","T","R","$","R","M","$","R","B"],"character_chosen":"IRONCLAD","items_purchased":["Ice Cream","Fire Breathing","Flex","Shuriken","Dexterity Potion","Pummel","Pen Nib","Regal Pillow","Clash"],"campfire_rested":1,"item_purchase_floors":[27,27,27,37,37,37,37,37,45],"current_hp_per_floor":[80,55,61,68,77,56,56,62,62,71,57,57,57,57,57,61,75,80,78,78,78,80,80,80,48,48,48,33,42,66,63,63,15,64,53,73,73,82,82,78,79,79,79,79,79,79,84,84,84,50],"gold":108,"neow_bonus":"ONE_RARE_RELIC","is_prod":false,"is_daily":false,"chose_seed":false,"campfire_upgraded":8,"win_rate":0,"timestamp":1534384329,"path_taken":["M","?","M","M","?","E","R","M","T","M","E","R","?","?","R","BOSS","M","M","?","?","M","R","E","?","T","$","M","M","R","E","R","BOSS","M","?","$","?","?","M","E","R","T","R","?","R","M","$","R","BOSS"],"build_version":"2018-08-09","purchased_purges":3,"victory":true,"max_hp_per_floor":[80,80,80,80,80,80,80,80,80,80,80,80,80,80,80,80,80,80,80,80,80,80,80,80,80,80,80,80,80,80,80,80,80,80,80,80,80,82,82,82,82,82,82,82,82,82,84,84,84,84],"card_choices":[{"not_picked":["Wild Strike","Body Slam"],"picked":"Iron Wave","floor":1},{"not_picked":["Headbutt","Heavy Blade"],"picked":"Whirlwind","floor":3},{"not_picked":["Armaments","Clothesline"],"picked":"Thunderclap","floor":4},{"not_picked":["Body Slam","Clash"],"picked":"Headbutt","floor":5},{"not_picked":["Heavy Blade","Juggernaut"],"picked":"Pommel Strike","floor":6},{"not_picked":["Havoc","Twin Strike"],"picked":"Flame Barrier","floor":8},{"not_picked":["Second Wind","True Grit"],"picked":"Body Slam","floor":10},{"not_picked":["True Grit","Juggernaut"],"picked":"Armaments","floor":11},{"not_picked":["Berserk","Bludgeon"],"picked":"Limit Break","floor":16},{"not_picked":["Sword Boomerang+1","Warcry"],"picked":"Cleave","floor":18},{"not_picked":["Twin Strike+1","True Grit+1"],"picked":"Ghostly Armor","floor":19},{"not_picked":["Warcry","Searing Blow"],"picked":"Twin Strike","floor":22},{"not_picked":["Sword Boomerang","Pommel Strike"],"picked":"Whirlwind+1","floor":24},{"not_picked":["True Grit","Seeing Red"],"picked":"Anger+1","floor":28},{"not_picked":["Rampage+1","Flex"],"picked":"Twin Strike+1","floor":29},{"not_picked":["Warcry","Juggernaut"],"picked":"Shockwave","floor":31},{"not_picked":["Dark Embrace","Exhume"],"picked":"Immolate","floor":33},{"not_picked":["Cleave+1","Flex"],"picked":"Uppercut+1","floor":35},{"not_picked":["Headbutt","Whirlwind+1","Thunderclap"],"picked":"Singing Bowl","floor":38},{"not_picked":["Twin Strike+1","Fire Breathing+1"],"picked":"Clothesline","floor":40},{"not_picked":["Dark Embrace","Disarm+1"],"picked":"Inflame+1","floor":41},{"not_picked":["Seeing Red","Corruption+1","Burning Pact+1"],"picked":"Singing Bowl","floor":47}],"player_experience":287612,"relics_obtained":[{"floor":6,"key":"Dodecahedron"},{"floor":9,"key":"Paper Frog"},{"floor":11,"key":"Centennial Puzzle"},{"floor":13,"key":"Shovel"},{"floor":15,"key":"Nunchaku"},{"floor":24,"key":"The Courier"},{"floor":26,"key":"Singing Bowl"},{"floor":31,"key":"Old Coin"},{"floor":38,"key":"Ginger"},{"floor":39,"key":"Lantern"},{"floor":41,"key":"Bottled Flame"},{"floor":43,"key":"Matryoshka"}],"event_choices":[{"event_name":"Scrap Ooze","player_choice":"success","floor":2,"damage_taken":25},{"event_name":"Bonfire Elementals","player_choice":"BASIC","floor":14,"damage_taken":0},{"event_name":"Vampires","player_choice":"Ignored","floor":20,"damage_taken":0},{"event_name":"Back to Basics","player_choice":"Simplicity","floor":21,"damage_taken":0},{"event_name":"Knowing Skull","player_choice":"GOLD GOLD CARD ","floor":25,"damage_taken":0},{"event_name":"Winding Halls","player_choice":"Writhe","floor":36,"damage_taken":0},{"event_name":"Mysterious Sphere","player_choice":"Fight","floor":38,"damage_taken":0}],"is_beta":false,"boss_relics":[{"not_picked":["Busted Crown","Calling Bell"],"picked":"Cursed Key"},{"not_picked":["Astrolabe","Eternal Feather"],"picked":"Mark of Pain"}],"items_purged_floors":[27,37,45],"is_endless":false,"potions_floor_spawned":[3,11,16,22,24,29,31,35,38,41],"ascension_level":6}