{"gold_per_floor":[109,59,72,72,72,72,103,103,103,114,114,144,144,156,156,254,254,267,284,132,132,132,162,174,187,187,217,217,228,257,276,276,374,374,388,388,401,401,501,516,416,428,428,428,454,78,93,107,107,107,107,107,55,86,86],"floor_reached":56,"playtime":3134,"items_purged":["Strike_R","Defend_R","Strike_R+1"],"score":1272,"play_id":"b2298dbb-0fab-481b-a23e-cec90152403b","local_time":"20190517234449","is_ascension_mode":false,"campfire_choices":[{"data":"Bash","floor":6,"key":"SMITH"},{"data":"Spot Weakness","floor":13,"key":"SMITH"},{"data":"Limit Break","floor":15,"key":"SMITH"},{"data":"Inflame","floor":28,"key":"SMITH"},{"data":"Sword Boomerang","floor":32,"key":"SMITH"},{"floor":44,"key":"RECALL"},{"data":"Burning Pact","floor":49,"key":"SMITH"},{"data":"Pommel Strike","floor":52,"key":"SMITH"}],"neow_cost":"NONE","seed_source_timestamp":586406573289454,"circlet_count":0,"master_deck":["Defend_R","Defend_R+1","Defend_R+1","Bash+1","Flex","Twin Strike","Spot Weakness+1","Reaper","Metallicize","Limit Break+1","Disarm","Reaper","Shrug It Off+1","Inflame+1","Sword Boomerang+1","Headbutt","Twin Strike","Whirlwind","Burning Pact+1","Uppercut+1","Pommel Strike+1"],"relics":["Burning Blood","Blood Vial","Centennial Puzzle","Omamori","Bronze Scales","Mark of Pain","Pantograph","War Paint","Anchor","Question Card","Singing Bowl","Cursed Key","Torii","Sundial","Pear","Ornamental Fan"],"potions_floor_usage":[30,55,55],"damage_taken":[{"damage":7,"enemies":"2 Louse","floor":1,"turns":3},{"damage":0,"enemies":"Small Slimes","floor":3,"turns":3},{"damage":27,"enemies":"3 Sentries","floor":7,"turns":8},{"damage":1,"enemies":"Cultist","floor":10,"turns":3},{"damage":30,"enemies":"Lagavulin","floor":12,"turns":5},{"damage":6,"enemies":"Exordium Wildlife","floor":14,"turns":3},{"damage":30,"enemies":"Slime Boss","floor":16,"turns":8},{"damage":19,"enemies":"Spheric Guardian","floor":18,"turns":4},{"damage":17,"enemies":"3 Byrds","floor":19,"turns":3},{"damage":47,"enemies":"Gremlin Leader","floor":23,"turns":6},{"damage":23,"enemies":"Snecko","floor":24,"turns":7},{"damage":13,"enemies":"Centurion and Healer","floor":25,"turns":3},{"damage":21,"enemies":"Book of Stabbing","floor":27,"turns":6},{"damage":16,"enemies":"Snake Plant","floor":29,"turns":5},{"damage":0,"enemies":"Gremlin Leader","floor":30,"turns":4},{"damage":17,"enemies":"Shelled Parasite and Fungi","floor":31,"turns":4},{"damage":104,"enemies":"Automaton","floor":33,"turns":9},{"damage":8,"enemies":"3 Darklings","floor":35,"turns":4},{"damage":0,"enemies":"Orb Walker","floor":37,"turns":2},{"damage":10,"enemies":"Mind Bloom Boss Battle","floor":39,"turns":8},{"damage":18,"enemies":"3 Darklings","floor":40,"turns":6},{"damage":29,"enemies":"Sphere and 2 Shapes","floor":42,"turns":4},{"damage":28,"enemies":"Nemesis","floor":45,"turns":5},{"damage":1,"enemies":"Writhing Mass","floor":47,"turns":5},{"damage":16,"enemies":"Transient","floor":48,"turns":5},{"damage":89,"enemies":"Awakened One","floor":50,"turns":8},{"damage":79,"enemies":"Shield and Spear","floor":54,"turns":4},{"damage":117,"enemies":"The Heart","floor":55,"turns":7}],"seed_played":"5712888307178598325","potions_obtained":[{"floor":3,"key":"SteroidPotion"},{"floor":12,"key":"Swift Potion"},{"floor":23,"key":"Poison Potion"},{"floor":27,"key":"Fire Potion"},{"floor":31,"key":"Dexterity Potion"},{"floor":36,"key":"PowerPotion"}],"is_trial":false,"path_per_floor":["M","$","M","?","?","R","E","?","T","M","T","E","R","M","R","B",null,"M","M","$","?","$","E","M","M","T","E","R","M","E","M","R","B",null,"M","?","M","?","?","M","$","M","T","R","E","$","M","M","R","B",null,"R","$","E","B",null],"character_chosen":"IRONCLAD","items_purchased":["Twin Strike","Inflame","Pear","Swift Potion"],"campfire_rested":0,"item_purchase_floors":[2,20,46,53],"current_hp_per_floor":[87,87,88,88,70,70,49,49,49,56,56,40,40,70,70,84,88,82,86,86,86,86,88,83,88,88,88,88,88,88,90,90,50,92,94,94,96,96,96,96,96,85,85,85,87,97,106,102,102,81,112,112,112,114,98],"gold":86,"neow_bonus":"TEN_PERCENT_HP_BONUS","is_prod":false,"is_daily":false,"chose_seed":false,"campfire_upgraded":7,"win_rate":0,"timestamp":1558151089,"path_taken":["M","$","M","?","?","R","E","?","T","?","?","E","R","M","R","BOSS","M","M","$","?","?","E","M","M","T","E","R","?","E","M","R","BOSS","M","?","?","?","?","M","$","M","T","R","E","?","?","M","R","BOSS","R","$","E","BOSS"],"build_version":"2019-01-23","purchased_purges":3,"victory":true,"max_hp_per_floor":[88,88,88,88,88,88,88,88,88,88,88,88,88,88,88,88,88,88,88,88,88,88,88,88,88,88,88,88,88,88,90,90,92,92,94,94,96,96,96,96,96,98,98,98,98,108,110,112,112,112,112,112,112,114,114],"card_choices":[{"not_picked":["Clothesline","Heavy Blade"],"picked":"Flex","floor":1},{"not_picked":["Twin Strike","Infernal Blade"],"picked":"Spot Weakness","floor":3},{"not_picked":["Searing Blow","Dual Wield"],"picked":"Reaper","floor":7},{"not_picked":["Cleave","Evolve"],"picked":"Metallicize","floor":10},{"not_picked":["Cleave","Iron Wave"],"picked":"Limit Break","floor":12},{"not_picked":["Heavy Blade","Burning Pact"],"picked":"Disarm","floor":14},{"not_picked":["Brutality","Impervious"],"picked":"Reaper","floor":16},{"not_picked":["Bloodletting","Anger","Iron Wave"],"picked":"SKIP","floor":18},{"not_picked":["Seeing Red","Thunderclap+1"],"picked":"Shrug It Off","floor":19},{"not_picked":["Exhume","Perfected Strike"],"picked":"Sword Boomerang","floor":23},{"not_picked":["Sever Soul","Pommel Strike"],"picked":"Headbutt","floor":24},{"not_picked":["Iron Wave","Clothesline+1","Perfected Strike"],"picked":"SKIP","floor":25},{"not_picked":["Clothesline+1","Perfected Strike","Feel No Pain"],"picked":"SKIP","floor":27},{"not_picked":["Exhume","Seeing Red","Hemokinesis"],"picked":"Twin Strike","floor":29},{"not_picked":["Reckless Charge","Reaper","Warcry"],"picked":"Whirlwind","floor":30},{"not_picked":["Clothesline","Searing Blow","Havoc","Heavy Blade"],"picked":"Singing Bowl","floor":31},{"not_picked":["Double Tap","Dark Embrace","Limit Break","Fiend Fire"],"picked":"Singing Bowl","floor":33},{"not_picked":["Iron Wave","Hemokinesis+1","Warcry+1","Sever Soul+1"],"picked":"Singing Bowl","floor":35},{"not_picked":["Wild Strike","Flame Barrier","Metallicize+1","Cleave+1"],"picked":"Singing Bowl","floor":37},{"not_picked":["Flex+1","Armaments","Pommel Strike+1"],"picked":"Burning Pact","floor":39},{"not_picked":["True Grit+1","Seeing Red+1","Headbutt+1"],"picked":"Uppercut+1","floor":40},{"not_picked":["True Grit","Iron Wave","Armaments","Dual Wield+1"],"picked":"Singing Bowl","floor":42},{"not_picked":["Iron Wave","Pummel+1","Limit Break"],"picked":"Pommel Strike","floor":45},{"not_picked":["Flex","Combust+1","Fire Breathing","Dual Wield"],"picked":"Singing Bowl","floor":47},{"not_picked":["Headbutt","Pommel Strike","Anger","Warcry"],"picked":"Singing Bowl","floor":48},{"not_picked":["Cleave","Headbutt+1","Immolate","Pommel Strike+1"],"picked":"Singing Bowl","floor":54}],"player_experience":906788,"relics_obtained":[{"floor":7,"key":"Blood Vial"},{"floor":9,"key":"Centennial Puzzle"},{"floor":11,"key":"Omamori"},{"floor":12,"key":"Bronze Scales"},{"floor":21,"key":"Pantograph"},{"floor":23,"key":"War Paint"},{"floor":26,"key":"Anchor"},{"floor":27,"key":"Question Card"},{"floor":30,"key":"Singing Bowl"},{"floor":39,"key":"Torii"},{"floor":45,"key":"Sundial"},{"floor":54,"key":"Ornamental Fan"}],"event_choices":[{"cards_removed":["Strike_R"],"damage_healed":0,"gold_gain":0,"player_choice":"Forget","damage_taken":0,"max_hp_gain":0,"max_hp_loss":0,"event_name":"Living Wall","floor":4,"gold_loss":0},{"damage_healed":0,"gold_gain":0,"player_choice":"Entered Light","damage_taken":18,"max_hp_gain":0,"max_hp_loss":0,"event_name":"Shining Light","floor":5,"gold_loss":0,"cards_upgraded":["Defend_R","Strike_R"]},{"cards_removed":["Strike_R"],"damage_healed":0,"gold_gain":0,"player_choice":"Offered Basic","damage_taken":0,"max_hp_gain":0,"max_hp_loss":0,"event_name":"Bonfire Elementals","floor":8,"gold_loss":0},{"damage_healed":0,"gold_gain":0,"player_choice":"Relic","damage_taken":0,"max_hp_gain":0,"max_hp_loss":0,"event_name":"Wheel of Change","floor":21,"gold_loss":0},{"damage_healed":0,"gold_gain":0,"player_choice":"Got Potions","damage_taken":0,"max_hp_gain":0,"max_hp_loss":0,"event_name":"Lab","floor":36,"gold_loss":0},{"cards_removed":["Strike_R"],"damage_healed":0,"gold_gain":0,"player_choice":"Removed Attack","damage_taken":0,"max_hp_gain":0,"max_hp_loss":0,"event_name":"Falling","floor":38,"gold_loss":0},{"damage_healed":0,"gold_gain":0,"player_choice":"Fight","damage_taken":0,"max_hp_gain":0,"max_hp_loss":0,"event_name":"MindBloom","floor":39,"gold_loss":0}],"is_beta":false,"boss_relics":[{"not_picked":["Eternal Feather","Astrolabe"],"picked":"Mark of Pain"},{"not_picked":["White Beast Statue","Runic Pyramid"],"picked":"Cursed Key"}],"items_purged_floors":[20,41,46],"is_endless":false,"potions_floor_spawned":[3,12,23,27,29,31,33,35,37,47],"ascension_level":0}