{"gold_per_floor":[115,134,309,188,201,201,201,212,212,287,287,312,337,347,347,450,450,464,74,92,92,7,20,20,20,46,74,92,102,131,6,6,108,108,126,126,143,143,157,182,182,193,193,213,213,242,259,279,279,279,279,279,33,63,63],"floor_reached":56,"playtime":3080,"items_purged":["Doubt","Strike_G","Pain"],"score":1374,"play_id":"658e4baf-f939-4c2c-b966-ba46d787f838","local_time":"20190809202503","is_ascension_mode":false,"campfire_choices":[{"data":"Dash","floor":6.0,"key":"SMITH"},{"data":"Neutralize","floor":11.0,"key":"SMITH"},{"data":"Corpse Explosion","floor":15.0,"key":"SMITH"},{"data":"Cloak And Dagger","floor":24.0,"key":"SMITH"},{"data":"Footwork","floor":32.0,"key":"SMITH"},{"data":"Backflip","floor":41.0,"key":"SMITH"},{"floor":45.0,"key":"RECALL"},{"data":"Deflect","floor":49.0,"key":"SMITH"},{"data":"Dagger Spray","floor":52.0,"key":"SMITH"}],"neow_cost":"NONE","seed_source_timestamp":1559876048377222,"circlet_count":0,"master_deck":["Strike_G","Defend_G","Defend_G","Defend_G","Defend_G","Defend_G","Survivor","Neutralize+1","Dagger Spray+1","Dash+1","Backflip+1","PiercingWail","Skewer+1","Backstab","Flying Knee+1","Corpse Explosion+1","Escape Plan","After Image","Cloak And Dagger+1","Footwork+1","Deflect+1","Terror+1","Masterful Stab+1","Poisoned Stab+1","Endless Agony+1","Crippling Poison+1","Skewer+1"],"special_seed":0,"relics":["Ring of the Snake","Molten Egg 2","Odd Mushroom","Lantern","Busted Crown","Kunai","WarpedTongs","Vajra","Incense Burner","FossilizedHelix","Sozu","Centennial Puzzle","Pocketwatch","Shuriken","Sundial"],"potions_floor_usage":[],"damage_taken":[{"damage":2.0,"enemies":"Jaw Worm","floor":1.0,"turns":7.0},{"damage":0.0,"enemies":"2 Louse","floor":2.0,"turns":4.0},{"damage":1.0,"enemies":"Cultist","floor":5.0,"turns":5.0},{"damage":0.0,"enemies":"Looter","floor":8.0,"turns":3.0},{"damage":4.0,"enemies":"The Mushroom Lair","floor":12.0,"turns":4.0},{"damage":28.0,"enemies":"Lagavulin","floor":13.0,"turns":7.0},{"damage":0.0,"enemies":"2 Fungi Beasts","floor":14.0,"turns":2.0},{"damage":24.0,"enemies":"Slime Boss","floor":16.0,"turns":12.0},{"damage":2.0,"enemies":"Chosen","floor":18.0,"turns":4.0},{"damage":5.0,"enemies":"Spheric Guardian","floor":20.0,"turns":5.0},{"damage":3.0,"enemies":"Centurion and Healer","floor":23.0,"turns":6.0},{"damage":1.0,"enemies":"Slavers","floor":27.0,"turns":3.0},{"damage":1.0,"enemies":"Chosen and Byrds","floor":28.0,"turns":6.0},{"damage":3.0,"enemies":"Shelled Parasite and Fungi","floor":29.0,"turns":3.0},{"damage":1.0,"enemies":"Book of Stabbing","floor":30.0,"turns":4.0},{"damage":0.0,"enemies":"Automaton","floor":33.0,"turns":9.0},{"damage":0.0,"enemies":"3 Shapes","floor":35.0,"turns":2.0},{"damage":0.0,"enemies":"Orb Walker","floor":37.0,"turns":2.0},{"damage":0.0,"enemies":"Maw","floor":39.0,"turns":6.0},{"damage":0.0,"enemies":"Nemesis","floor":40.0,"turns":5.0},{"damage":0.0,"enemies":"Writhing Mass","floor":42.0,"turns":6.0},{"damage":0.0,"enemies":"Transient","floor":44.0,"turns":5.0},{"damage":0.0,"enemies":"Giant Head","floor":46.0,"turns":8.0},{"damage":0.0,"enemies":"3 Darklings","floor":47.0,"turns":3.0},{"damage":0.0,"enemies":"Sphere and 2 Shapes","floor":48.0,"turns":3.0},{"damage":7.0,"enemies":"Awakened One","floor":50.0,"turns":16.0},{"damage":2.0,"enemies":"Shield and Spear","floor":54.0,"turns":4.0},{"damage":6,"enemies":"The Heart","floor":55,"turns":10}],"seed_played":"-6664955936293139455","potions_obtained":[{"floor":2.0,"key":"SpeedPotion"},{"floor":13.0,"key":"GhostInAJar"},{"floor":14.0,"key":"Strength Potion"},{"floor":20.0,"key":"SneckoOil"},{"floor":28.0,"key":"GhostInAJar"},{"floor":29.0,"key":"Energy Potion"}],"is_trial":false,"path_per_floor":["M","M","?","$","M","R","?","M","T","?","R","?","E","M","R","B",null,"M","$","M","?","$","M","R","?","T","E","M","M","E","$","R","B",null,"M","?","M","?","M","E","R","M","T","M","R","E","M","M","R","B",null,"R","$","E","B",null],"character_chosen":"THE_SILENT","items_purchased":["Backflip","Kunai","Cloak And Dagger","Footwork","Deflect","Shuriken"],"campfire_rested":0,"item_purchase_floors":[4,19,19,22,22,53],"current_hp_per_floor":[75,75,75,75,74,74,74,74,74,63,63,59,31,31,31,7,77,75,75,70,70,70,67,67,67,67,66,65,62,61,61,61,61,77,77,77,77,77,77,77,77,77,77,77,77,77,77,77,77,70,77,77,77,75,69],"gold":63,"neow_bonus":"TEN_PERCENT_HP_BONUS","is_prod":false,"is_daily":false,"chose_seed":false,"campfire_upgraded":8,"win_rate":0,"timestamp":1565396703,"path_taken":["M","M","?","$","M","R","?","?","T","?","R","?","E","?","R","BOSS","M","$","M","?","?","M","R","?","T","E","M","M","E","?","R","BOSS","M","?","M","?","M","E","R","M","T","M","R","E","M","?","R","BOSS","R","$","E","BOSS"],"build_version":"2019-07-17","purchased_purges":3,"victory":true,"max_hp_per_floor":[77,77,77,77,77,77,77,77,77,77,77,77,77,77,77,77,77,77,77,77,77,77,77,77,77,77,77,77,77,77,77,77,77,77,77,77,77,77,77,77,77,77,77,77,77,77,77,77,77,77,77,77,77,77,77],"card_choices":[{"not_picked":["Poisoned Stab","Slice"],"picked":"Dagger Spray","floor":1.0},{"not_picked":["Deadly Poison","Poisoned Stab"],"picked":"Dash","floor":2.0},{"not_picked":["Flechettes","Acrobatics"],"picked":"PiercingWail","floor":5.0},{"not_picked":["PiercingWail","Dagger Spray"],"picked":"Backstab","floor":8.0},{"not_picked":["PiercingWail","Eviscerate+1"],"picked":"Flying Knee+1","floor":12.0},{"not_picked":["All Out Attack+1","Bouncing Flask"],"picked":"Corpse Explosion","floor":13.0},{"not_picked":["Bane+1","Flying Knee+1"],"picked":"Escape Plan","floor":14.0},{"not_picked":["Storm of Steel","Corpse Explosion"],"picked":"After Image","floor":16.0},{"not_picked":["Caltrops+1"],"picked":"SKIP","floor":18.0},{"not_picked":["Dagger Spray+1"],"picked":"SKIP","floor":20.0},{"not_picked":[],"picked":"Terror+1","floor":23.0},{"not_picked":["Dagger Spray+1"],"picked":"SKIP","floor":27.0},{"not_picked":["Sucker Punch+1"],"picked":"SKIP","floor":28.0},{"not_picked":["Grand Finale+1"],"picked":"SKIP","floor":29.0},{"not_picked":["Flying Knee+1"],"picked":"SKIP","floor":30.0},{"not_picked":["Quick Slash+1"],"picked":"SKIP","floor":35.0},{"not_picked":[],"picked":"Endless Agony+1","floor":37.0},{"not_picked":["Flying Knee+1"],"picked":"SKIP","floor":39.0},{"not_picked":[],"picked":"Crippling Poison+1","floor":40.0},{"not_picked":["Distraction"],"picked":"SKIP","floor":42.0},{"not_picked":[],"picked":"Skewer+1","floor":44.0},{"not_picked":["Deadly Poison+1"],"picked":"SKIP","floor":46.0},{"not_picked":["Deflect+1"],"picked":"SKIP","floor":47.0},{"not_picked":["Deadly Poison+1"],"picked":"SKIP","floor":48.0},{"not_picked":["Dash+1"],"picked":"SKIP","floor":54.0}],"player_experience":1227512,"relics_obtained":[{"floor":9.0,"key":"Molten Egg 2"},{"floor":12.0,"key":"Odd Mushroom"},{"floor":13.0,"key":"Lantern"},{"floor":26.0,"key":"Vajra"},{"floor":27.0,"key":"Incense Burner"},{"floor":30.0,"key":"FossilizedHelix"},{"floor":40.0,"key":"Centennial Puzzle"},{"floor":46.0,"key":"Pocketwatch"},{"floor":54.0,"key":"Sundial"}],"event_choices":[{"damage_healed":0.0,"max_hp_gain":0.0,"max_hp_loss":0.0,"gold_gain":175.0,"event_name":"Liars Game","player_choice":"AGREE","floor":3.0,"gold_loss":0.0,"damage_taken":0.0,"cards_obtained":["Doubt"]},{"damage_healed":0.0,"max_hp_gain":0.0,"max_hp_loss":0.0,"gold_gain":0.0,"cards_transformed":["Strike_G"],"event_name":"Transmorgrifier","player_choice":"Transformed","floor":7.0,"gold_loss":0.0,"damage_taken":0.0,"cards_obtained":["Skewer"]},{"damage_healed":0.0,"max_hp_gain":0.0,"max_hp_loss":0.0,"gold_gain":75.0,"event_name":"World of Goop","player_choice":"Gather Gold","floor":10.0,"gold_loss":0.0,"damage_taken":11.0},{"damage_healed":0.0,"max_hp_gain":0.0,"max_hp_loss":0.0,"gold_gain":0.0,"event_name":"Mushrooms","player_choice":"Fought Mushrooms","floor":12.0,"gold_loss":0.0,"damage_taken":0.0},{"damage_healed":0.0,"max_hp_gain":0.0,"max_hp_loss":0.0,"gold_gain":0.0,"event_name":"Accursed Blacksmith","player_choice":"Rummage","floor":21.0,"gold_loss":0.0,"damage_taken":0.0,"relics_obtained":["WarpedTongs"],"cards_obtained":["Pain"]},{"damage_healed":0.0,"max_hp_gain":0.0,"max_hp_loss":0.0,"gold_gain":0.0,"cards_transformed":["Strike_G","Strike_G"],"event_name":"Drug Dealer","player_choice":"Became Test Subject","floor":25.0,"gold_loss":0.0,"damage_taken":0.0,"cards_obtained":["Masterful Stab","Poisoned Stab"]},{"damage_healed":0.0,"max_hp_gain":0.0,"max_hp_loss":0.0,"gold_gain":0.0,"event_name":"Tomb of Lord Red Mask","player_choice":"Ignored","floor":36.0,"gold_loss":0.0,"damage_taken":0.0},{"damage_healed":0.0,"max_hp_gain":0.0,"max_hp_loss":0.0,"gold_gain":0.0,"event_name":"Upgrade Shrine","player_choice":"Upgraded","floor":38.0,"gold_loss":0.0,"damage_taken":0.0,"cards_upgraded":["Skewer"]}],"is_beta":false,"boss_relics":[{"not_picked":["Orrery","WristBlade"],"picked":"Busted Crown"},{"not_picked":["Cursed Key","Eternal Feather"],"picked":"Sozu"}],"items_purged_floors":[4,19,31],"is_endless":false,"potions_floor_spawned":[2,13,14,20,28,29,30,33,39,42,46,47,54],"ascension_level":0}