{"gold_per_floor":[367,380,380,393,393,420,434,434,458,458,533,458,473,20,20,20],"floor_reached":16,"playtime":657,"items_purged":["Strike_R","Defend_R"],"score":100,"play_id":"34d05c7b-b959-423d-b92e-50b0bbdd845d","local_time":"20190730215311","is_ascension_mode":false,"campfire_choices":[{"data":"Bash","floor":8.0,"key":"SMITH"},{"data":"Shrug It Off","floor":15.0,"key":"SMITH"}],"neow_cost":"CURSE","seed_source_timestamp":703525896958951,"circlet_count":0,"master_deck":["Strike_R","Strike_R","Strike_R","Strike_R","Defend_R+1","Defend_R+1","Defend_R","Bash+1","Shrug It Off+1"],"special_seed":0,"relics":["Burning Blood","Pen Nib","War Paint","Peace Pipe"],"potions_floor_usage":[16,16],"damage_taken":[{"damage":2.0,"enemies":"2 Louse","floor":1.0,"turns":4.0},{"damage":6.0,"enemies":"Cultist","floor":2.0,"turns":3.0},{"damage":7.0,"enemies":"Small Slimes","floor":4.0,"turns":4.0},{"damage":37.0,"enemies":"3 Sentries","floor":6.0,"turns":14.0},{"damage":0.0,"enemies":"Exordium Wildlife","floor":7.0,"turns":4.0},{"damage":8.0,"enemies":"Exordium Thugs","floor":13.0,"turns":7.0},{"damage":54,"enemies":"Hexaghost","floor":16,"turns":9}],"seed_played":"-3234669526788531615","potions_obtained":[{"floor":2.0,"key":"BloodPotion"},{"floor":6.0,"key":"AttackPotion"}],"is_trial":false,"path_per_floor":["M","M","?","M","?","E","M","R","T","$","?","$","M","$","R","B"],"character_chosen":"IRONCLAD","items_purchased":["Peace Pipe","SteroidPotion"],"campfire_rested":0,"item_purchase_floors":[14,14],"current_hp_per_floor":[80,80,80,79,72,41,47,47,47,47,36,36,34,34,34,0],"gold":20,"neow_bonus":"TWO_FIFTY_GOLD","is_prod":false,"is_daily":false,"chose_seed":false,"campfire_upgraded":2,"win_rate":0,"timestamp":1564537991,"path_taken":["M","M","?","?","?","E","M","R","T","$","?","$","M","$","R","BOSS"],"build_version":"2019-07-17","purchased_purges":2,"victory":false,"max_hp_per_floor":[80,80,80,80,80,80,80,80,80,80,80,80,80,80,80,80],"card_choices":[{"not_picked":["Warcry","Corruption"],"picked":"Shrug It Off","floor":1.0},{"not_picked":["Bloodletting","Fire Breathing","Seeing Red"],"picked":"SKIP","floor":2.0},{"not_picked":["Sentinel","Havoc","Battle Trance"],"picked":"SKIP","floor":4.0},{"not_picked":["Combust","Bloodletting","Evolve"],"picked":"SKIP","floor":6.0},{"not_picked":["Perfected Strike","Intimidate","Searing Blow"],"picked":"SKIP","floor":7.0},{"not_picked":["Flex","Iron Wave","Disarm"],"picked":"SKIP","floor":13.0}],"player_experience":1191878,"relics_obtained":[{"floor":6.0,"key":"Pen Nib"},{"floor":9.0,"key":"War Paint"}],"event_choices":[{"damage_healed":0.0,"max_hp_gain":0.0,"max_hp_loss":0.0,"gold_gain":0.0,"event_name":"Match and Keep!","player_choice":"0 cards matched","floor":3.0,"gold_loss":0.0,"damage_taken":0.0,"cards_obtained":[]},{"cards_removed":["Shame"],"damage_healed":0.0,"max_hp_gain":0.0,"max_hp_loss":0.0,"gold_gain":0.0,"event_name":"Golden Wing","player_choice":"Card Removal","floor":5.0,"gold_loss":0.0,"damage_taken":7.0},{"damage_healed":0.0,"max_hp_gain":0.0,"max_hp_loss":0.0,"gold_gain":75.0,"event_name":"World of Goop","player_choice":"Gather Gold","floor":11.0,"gold_loss":0.0,"damage_taken":11.0}],"is_beta":false,"boss_relics":[],"items_purged_floors":[12,14],"is_endless":false,"potions_floor_spawned":[2,6],"killed_by":"Hexaghost","ascension_level":0}