{"gold_per_floor":[109,127,127,147,147,147,222,236,236,255,290,290,305,5,5,124,124,64,64,64,64,64,64,64,64,64,64,64,64,64,64,64,64,64,64,64,64,64,0,0],"floor_reached":40,"playtime":6067,"items_purged":[],"score":507,"play_id":"00213cba-0648-4656-8b5e-053d4c3a227a","local_time":"20180630191542","is_ascension_mode":false,"campfire_choices":[{"floor":6,"key":"REST"},{"floor":12,"key":"REST"},{"data":"Doppelganger","floor":15,"key":"SMITH"},{"floor":23,"key":"REST"},{"floor":29,"key":"REST"},{"floor":32,"key":"REST"}],"neow_cost":"NONE","seed_source_timestamp":427112726370563,"circlet_count":0,"master_deck":["Defend_G","Defend_G","Defend_G","Defend_G+1","Defend_G","Strike_G","Strike_G","Strike_G","Strike_G","Strike_G","Survivor","Neutralize","Venomology","Flying Knee","All Out Attack+1","Expertise","Infinite Blades","Infinite Blades","Dash","Doppelganger+1","Phantasmal Killer","Predator+1","Finisher","Acrobatics+1","Sucker Punch","Outmaneuver","Backstab","Flying Knee+1","Adrenaline","Glass Knife","Clumsy","Injury","Injury","Poisoned Stab+1","Poisoned Stab","Quick Slash+1","Footwork+1"],"relics":["Ring of the Snake","Golden Idol","Mercury Hourglass","Potion Belt","Torii","Ectoplasm","Tingsha","Gambling Chip","Bag of Marbles","Calling Bell","Snake Skull","Pear","Ice Cream","Red Mask"],"potions_floor_usage":[11,11,16,16,21,22,24,27,27,28,30,33,33,33,37,37,38,40,40,40,40],"damage_taken":[{"damage":6,"enemies":"Small Slimes","floor":1,"turns":5},{"damage":6,"enemies":"2 Louse","floor":2,"turns":4},{"damage":3,"enemies":"Jaw Worm","floor":4,"turns":4},{"damage":4,"enemies":"Looter","floor":8,"turns":3},{"damage":0,"enemies":"Exordium Wildlife","floor":10,"turns":2},{"damage":8,"enemies":"Lagavulin","floor":11,"turns":6},{"damage":9,"enemies":"2 Fungi Beasts","floor":13,"turns":2},{"damage":0,"enemies":"Slime Boss","floor":16,"turns":7},{"damage":18,"enemies":"2 Thieves","floor":18,"turns":4},{"damage":10,"enemies":"Chosen","floor":21,"turns":3},{"damage":1,"enemies":"3 Cultists","floor":22,"turns":3},{"damage":1,"enemies":"Snecko","floor":24,"turns":4},{"damage":31,"enemies":"Slavers","floor":25,"turns":7},{"damage":27,"enemies":"Book of Stabbing","floor":27,"turns":5},{"damage":1,"enemies":"Snake Plant","floor":28,"turns":4},{"damage":1,"enemies":"Centurion and Healer","floor":30,"turns":4},{"damage":8,"enemies":"Collector","floor":33,"turns":5},{"damage":34,"enemies":"3 Darklings","floor":35,"turns":3},{"damage":14,"enemies":"3 Shapes","floor":36,"turns":3},{"damage":16,"enemies":"3 Darklings","floor":37,"turns":3},{"damage":8,"enemies":"Maw","floor":38,"turns":7},{"damage":27,"enemies":"Giant Head","floor":40,"turns":5}],"seed_played":"-4456807415080479409","potions_obtained":[{"floor":11,"key":"FairyPotion"},{"floor":13,"key":"SpeedPotion"},{"floor":19,"key":"Strength Potion"},{"floor":19,"key":"Ancient Potion"},{"floor":28,"key":"Fire Potion"},{"floor":33,"key":"SkillPotion"},{"floor":36,"key":"SpeedPotion"},{"floor":38,"key":"LiquidBronze"}],"is_trial":false,"path_per_floor":["M","M","?","M","?","R","?","M","T","M","E","R","M","$","R","B",null,"M","?","?","M","M","R","M","E","T","E","M","R","M","?","R","B",null,"M","M","M","M","?"],"character_chosen":"THE_SILENT","items_purchased":["Torii"],"campfire_rested":5,"item_purchase_floors":[14],"current_hp_per_floor":[64,58,41,38,24,45,34,30,30,30,22,43,34,34,34,34,70,52,52,52,42,41,62,61,30,30,3,2,23,22,22,43,35,80,46,32,16,8,8,0],"gold":0,"neow_bonus":"ONE_RANDOM_RARE_CARD","is_prod":false,"is_daily":false,"chose_seed":false,"campfire_upgraded":1,"win_rate":0.0,"timestamp":1530400542,"path_taken":["M","M","?","M","?","R","?","M","T","M","E","R","?","?","R","BOSS","M","?","?","M","M","R","M","E","T","E","M","R","?","?","R","BOSS","M","M","M","M","?","E"],"build_version":"2018-06-28","purchased_purges":0,"victory":false,"max_hp_per_floor":[70,70,70,70,70,70,70,70,70,70,70,70,70,70,70,70,70,70,70,70,70,70,70,70,70,70,70,70,70,70,70,70,70,80,80,80,80,80,80,80],"card_choices":[{"not_picked":["Riddle With Holes","Sucker Punch"],"picked":"Flying Knee","floor":1},{"not_picked":["Flechettes","Heel Hook"],"picked":"All Out Attack","floor":2},{"not_picked":["Dagger Spray","Poisoned Stab"],"picked":"Expertise","floor":4},{"not_picked":["Deflect","Riddle With Holes"],"picked":"Infinite Blades","floor":8},{"not_picked":["Slice","PiercingWail"],"picked":"Infinite Blades","floor":10},{"not_picked":["Backflip","PiercingWail"],"picked":"Dash","floor":11},{"not_picked":["Malaise","Dagger Spray"],"picked":"Doppelganger","floor":13},{"not_picked":["Die Die Die","Burst"],"picked":"Phantasmal Killer","floor":16},{"not_picked":["Poisoned Stab+1","Backflip"],"picked":"Predator+1","floor":18},{"not_picked":["Dagger Throw","Dagger Spray"],"picked":"Acrobatics+1","floor":21},{"not_picked":["Skewer","PiercingWail"],"picked":"Sucker Punch","floor":22},{"not_picked":["Wraith Form v2","Masterful Stab+1","Bouncing Flask"],"picked":"SKIP","floor":24},{"not_picked":["Dodge and Roll","Acrobatics"],"picked":"Outmaneuver","floor":25},{"not_picked":["Slice","Sucker Punch"],"picked":"Backstab","floor":27},{"not_picked":["Quick Slash","Acrobatics"],"picked":"Flying Knee+1","floor":28},{"not_picked":["Blur","Escape Plan+1"],"picked":"Adrenaline","floor":30},{"not_picked":["Unload","Envenom"],"picked":"Glass Knife","floor":33},{"not_picked":["Underhanded Strike+1","Malaise+1"],"picked":"Poisoned Stab+1","floor":35},{"not_picked":["Quick Slash","Acrobatics+1"],"picked":"Poisoned Stab","floor":36},{"not_picked":["Prepared","Dagger Spray"],"picked":"Quick Slash+1","floor":37},{"not_picked":["Sucker Punch","Wraith Form v2"],"picked":"Footwork+1","floor":38}],"player_experience":29703,"relics_obtained":[{"floor":9,"key":"Mercury Hourglass"},{"floor":11,"key":"Potion Belt"},{"floor":25,"key":"Tingsha"},{"floor":26,"key":"Gambling Chip"},{"floor":27,"key":"Bag of Marbles"},{"floor":34,"key":"Snake Skull"},{"floor":34,"key":"Pear"},{"floor":34,"key":"Ice Cream"}],"event_choices":[{"event_name":"Golden Idol","player_choice":"Take Damage","floor":3,"damage_taken":0},{"event_name":"Shining Light","player_choice":"Entered Light","floor":5,"damage_taken":0},{"event_name":"World of Goop","player_choice":"Gather Gold","floor":7,"damage_taken":0},{"event_name":"The Lab","player_choice":"Got Potions","floor":19,"damage_taken":0},{"event_name":"The Library","player_choice":"Read","floor":20,"damage_taken":0},{"event_name":"Addict","player_choice":"Ignored","floor":31,"damage_taken":0},{"event_name":"Tomb of Lord Red Mask","player_choice":"Paid","floor":39,"damage_taken":0}],"boss_relics":[{"not_picked":["Runic Dome","Snecko Eye"],"picked":"Ectoplasm"},{"not_picked":["Lizard Tail","Astrolabe"],"picked":"Calling Bell"}],"items_purged_floors":[],"is_endless":false,"potions_floor_spawned":[10,11,13,21,28,33,36,38],"killed_by":"Giant Head","ascension_level":0}