{"gold_per_floor":[118,68,243,260,280,280,314,326,381,381,64,93,93,122,122,225,225,245,276,292,292,303,332,77,77,77,93,93,93,119,132,132,232,232,250,250,47,64,28,28,59,59,59,87,87,105,105,125,125,125,125,125,0,32,32],"floor_reached":56,"playtime":8193,"items_purged":["Doubt","Strike_B","Reprogram"],"score":1804,"play_id":"e4a72f3b-9a0f-4c4a-82e8-c54473b628df","local_time":"20191016003313","is_ascension_mode":true,"campfire_choices":[{"data":"Zap","floor":6.0,"key":"SMITH"},{"floor":10.0,"key":"REST"},{"data":"Defragment","floor":15.0,"key":"SMITH"},{"data":"Fusion","floor":25.0,"key":"SMITH"},{"floor":32.0,"key":"REST"},{"data":"Seek","floor":40.0,"key":"SMITH"},{"floor":42.0,"key":"RECALL"},{"data":"Echo Form","floor":45.0,"key":"SMITH"},{"data":"Defragment","floor":47.0,"key":"SMITH"},{"data":"Capacitor","floor":49.0,"key":"SMITH"},{"data":"Blizzard","floor":52.0,"key":"SMITH"}],"neow_cost":"NONE","seed_source_timestamp":0,"circlet_count":0,"master_deck":["AscendersBane","Zap+1","Dualcast","Beam Cell","Chill","Go for the Eyes","Doom and Gloom+1","Defragment+1","Coolheaded","Glacier","Machine Learning","Fusion+1","Turbo+1","Double Energy","Cold Snap","Defragment+1","Seek+1","Blizzard+1","Skim","Echo Form+1","Hologram","Amplify","Force Field","Capacitor+1","Coolheaded+1"],"special_seed":0,"relics":["Cracked Core","NeowsBlessing","Omamori","Tiny Chest","Orichalcum","Whetstone","Vajra","Runic Pyramid","Red Mask","DataDisk","Art of War","Potion Belt","Nilry\u0027s Codex","Pen Nib","Pandora\u0027s Box","ClockworkSouvenir","Letter Opener","Gremlin Horn","Oddly Smooth Stone"],"potions_floor_usage":[54,55,55,55],"damage_taken":[{"damage":0.0,"enemies":"2 Louse","floor":1.0,"turns":1.0},{"damage":0.0,"enemies":"Jaw Worm","floor":4.0,"turns":1.0},{"damage":0.0,"enemies":"Cultist","floor":5.0,"turns":1.0},{"damage":22.0,"enemies":"Lagavulin","floor":7.0,"turns":9.0},{"damage":7.0,"enemies":"Blue Slaver","floor":8.0,"turns":4.0},{"damage":0.0,"enemies":"3 Sentries","floor":12.0,"turns":7.0},{"damage":17.0,"enemies":"Gremlin Nob","floor":14.0,"turns":5.0},{"damage":14.0,"enemies":"Slime Boss","floor":16.0,"turns":7.0},{"damage":2.0,"enemies":"3 Byrds","floor":18.0,"turns":2.0},{"damage":13.0,"enemies":"Masked Bandits","floor":19.0,"turns":5.0},{"damage":0.0,"enemies":"Chosen","floor":20.0,"turns":5.0},{"damage":10.0,"enemies":"Snake Plant","floor":22.0,"turns":4.0},{"damage":12.0,"enemies":"Gremlin Leader","floor":23.0,"turns":9.0},{"damage":7.0,"enemies":"Shelled Parasite and Fungi","floor":27.0,"turns":6.0},{"damage":13.0,"enemies":"Slavers","floor":30.0,"turns":5.0},{"damage":1.0,"enemies":"Centurion and Healer","floor":31.0,"turns":7.0},{"damage":1.0,"enemies":"Champ","floor":33.0,"turns":12.0},{"damage":2.0,"enemies":"Orb Walker","floor":35.0,"turns":4.0},{"damage":0.0,"enemies":"3 Darklings","floor":38.0,"turns":5.0},{"damage":0.0,"enemies":"Reptomancer","floor":41.0,"turns":9.0},{"damage":0.0,"enemies":"Nemesis","floor":44.0,"turns":7.0},{"damage":0.0,"enemies":"4 Shapes","floor":46.0,"turns":3.0},{"damage":0.0,"enemies":"Maw","floor":48.0,"turns":6.0},{"damage":11.0,"enemies":"Time Eater","floor":50.0,"turns":12.0},{"damage":20,"enemies":"Shield and Spear","floor":54,"turns":8},{"damage":13,"enemies":"The Heart","floor":55,"turns":11}],"seed_played":"3193892802092502996","potions_obtained":[{"floor":4.0,"key":"LiquidBronze"},{"floor":7.0,"key":"Strength Potion"},{"floor":16.0,"key":"LiquidBronze"},{"floor":19.0,"key":"FocusPotion"},{"floor":22.0,"key":"Ancient Potion"},{"floor":23.0,"key":"Fire Potion"},{"floor":30.0,"key":"Strength Potion"},{"floor":35.0,"key":"EssenceOfSteel"},{"floor":46.0,"key":"SpeedPotion"},{"floor":54,"key":"Ancient Potion"}],"is_trial":false,"path_per_floor":["M","?","?","M","M","R","E","M","T","R","$","E","$","E","R","B",null,"M","?","M","?","M","E","$","R","T","M","?","?","E","M","R","B",null,"M","?","$","M","$","R","E","R","T","E","R","M","R","M","R","B",null,"R","$","E","B",null],"character_chosen":"DEFECT","items_purchased":["Defragment","Orichalcum","Coolheaded","Art of War","ClockworkSouvenir","Capacitor"],"campfire_rested":2,"item_purchase_floors":[11,11,11,24,37,39],"current_hp_per_floor":[68,68,68,68,68,68,46,39,39,61,61,61,61,44,44,30,64,62,49,49,75,65,53,53,53,53,46,30,30,17,16,38,37,66,64,64,64,64,64,64,64,64,64,64,64,64,64,64,64,53,70,70,70,50,37],"gold":32,"neow_bonus":"THREE_ENEMY_KILL","is_prod":false,"is_daily":false,"chose_seed":false,"campfire_upgraded":8,"win_rate":0,"timestamp":1571175193,"path_taken":["M","?","?","M","?","R","E","M","T","R","$","E","?","E","R","BOSS","M","?","M","?","?","E","$","R","T","M","?","?","E","M","R","BOSS","M","?","?","M","$","R","E","R","T","E","R","M","R","M","R","BOSS","R","$","E","BOSS"],"build_version":"2019-07-17","purchased_purges":3,"victory":true,"max_hp_per_floor":[75,75,75,75,75,75,75,75,75,75,75,75,75,75,75,75,75,75,75,75,75,75,75,75,75,75,75,75,75,75,75,75,75,75,75,75,75,75,75,75,75,75,75,75,75,75,75,75,75,75,75,75,75,75,75],"card_choices":[{"not_picked":["Redo","Aggregate"],"picked":"Beam Cell","floor":1.0},{"not_picked":["Streamline","Gash"],"picked":"Chill","floor":4.0},{"not_picked":["Steam","Stack"],"picked":"Go for the Eyes","floor":5.0},{"not_picked":["Fusion","Recycle","Streamline"],"picked":"SKIP","floor":7.0},{"not_picked":["Steam","Double Energy"],"picked":"Doom and Gloom","floor":8.0},{"not_picked":["Streamline","Tempest","Leap"],"picked":"SKIP","floor":12.0},{"not_picked":["Chill","Steam"],"picked":"Glacier","floor":14.0},{"not_picked":["Creative AI","Thunder Strike"],"picked":"Machine Learning","floor":16.0},{"not_picked":["Ball Lightning+1","Barrage"],"picked":"Fusion","floor":18.0},{"not_picked":["Force Field+1","Doom and Gloom"],"picked":"Turbo+1","floor":19.0},{"not_picked":["Chaos","Stack+1"],"picked":"Reprogram","floor":20.0},{"not_picked":["Barrage+1","Chill"],"picked":"Double Energy","floor":22.0},{"not_picked":["Rebound","Hologram+1"],"picked":"Cold Snap","floor":23.0},{"not_picked":["Static Discharge","Redo+1"],"picked":"Defragment","floor":27.0},{"not_picked":["Consume","Compile Driver","Blizzard"],"picked":"SKIP","floor":30.0},{"not_picked":["Coolheaded+1","Hologram+1","Beam Cell+1"],"picked":"SKIP","floor":31.0},{"not_picked":["Multi-Cast","Buffer"],"picked":"Seek","floor":33.0},{"not_picked":["Steam","Streamline","Hello World"],"picked":"SKIP","floor":35.0},{"not_picked":["Stack","Rebound+1","Turbo+1"],"picked":"SKIP","floor":38.0},{"not_picked":["Double Energy+1","Rebound"],"picked":"Coolheaded+1","floor":41.0},{"not_picked":["Fusion","Scrape+1","Gash+1"],"picked":"SKIP","floor":44.0},{"not_picked":["Streamline+1","Tempest+1","Auto Shields+1"],"picked":"SKIP","floor":46.0},{"not_picked":["Compile Driver+1","Hologram+1","Gash+1"],"picked":"SKIP","floor":48.0},{"not_picked":["Blizzard+1","Gash","Storm+1"],"picked":"SKIP","floor":54}],"player_experience":320842,"relics_obtained":[{"floor":7.0,"key":"Omamori"},{"floor":9.0,"key":"Tiny Chest"},{"floor":12.0,"key":"Whetstone"},{"floor":14.0,"key":"Vajra"},{"floor":19.0,"key":"Red Mask"},{"floor":23.0,"key":"DataDisk"},{"floor":26.0,"key":"Potion Belt"},{"floor":28.0,"key":"Nilry\u0027s Codex"},{"floor":30.0,"key":"Pen Nib"},{"floor":41.0,"key":"Letter Opener"},{"floor":44.0,"key":"Gremlin Horn"},{"floor":54,"key":"Oddly Smooth Stone"}],"event_choices":[{"cards_removed":["Strike_B"],"damage_healed":0.0,"max_hp_gain":0.0,"max_hp_loss":0.0,"gold_gain":0.0,"event_name":"The Cleric","player_choice":"Card Removal","floor":2.0,"gold_loss":50.0,"damage_taken":0.0},{"damage_healed":0.0,"max_hp_gain":0.0,"max_hp_loss":0.0,"gold_gain":175.0,"event_name":"Liars Game","player_choice":"AGREE","floor":3.0,"gold_loss":0.0,"damage_taken":0.0,"cards_obtained":["Doubt"]},{"damage_healed":0.0,"max_hp_gain":0.0,"max_hp_loss":0.0,"gold_gain":0.0,"event_name":"Masked Bandits","player_choice":"Fought Bandits","floor":19.0,"gold_loss":0.0,"damage_taken":0.0},{"damage_healed":26.0,"max_hp_gain":0.0,"max_hp_loss":0.0,"gold_gain":0.0,"event_name":"Wheel of Change","player_choice":"Full Heal","floor":21.0,"gold_loss":0.0,"damage_taken":0.0},{"damage_healed":0.0,"max_hp_gain":0.0,"max_hp_loss":0.0,"gold_gain":0.0,"event_name":"Cursed Tome","player_choice":"Obtained Book","floor":28.0,"gold_loss":0.0,"damage_taken":16.0},{"damage_healed":0.0,"max_hp_gain":0.0,"max_hp_loss":0.0,"gold_gain":0.0,"event_name":"Vampires","player_choice":"Ignored","floor":29.0,"gold_loss":0.0,"damage_taken":0.0},{"damage_healed":0.0,"max_hp_gain":0.0,"max_hp_loss":0.0,"gold_gain":0.0,"event_name":"Match and Keep!","player_choice":"0 cards matched","floor":36.0,"gold_loss":0.0,"damage_taken":0.0,"cards_obtained":[]}],"is_beta":false,"boss_relics":[{"not_picked":["Astrolabe","Empty Cage"],"picked":"Runic Pyramid"},{"not_picked":["Tiny House","Black Star"],"picked":"Pandora\u0027s Box"}],"items_purged_floors":[11,24,53],"is_endless":false,"potions_floor_spawned":[4,7,16,19,22,23,30,35,46,54],"ascension_level":10}