{"gold_per_floor":[110,130,150,167,178,211,211,211,285,285,303,328,339,355,355,451,451,471,386,386,386,50,50,79,91,91,91,107,107,126,126,126,126],"floor_reached":33,"playtime":2840,"items_purged":["Doubt"],"score":304,"play_id":"a3505180-4021-494f-89e6-e9b2bd7b421b","local_time":"20180629210451","is_ascension_mode":false,"campfire_choices":[{"floor":8,"key":"REST"},{"data":"Uppercut","floor":10,"key":"SMITH"},{"floor":15,"key":"REST"},{"floor":23,"key":"REST"},{"floor":27,"key":"REST"},{"floor":32,"key":"REST"}],"neow_cost":"CURSE","seed_source_timestamp":350543322305659,"circlet_count":0,"master_deck":["Strike_R","Strike_R","Strike_R","Strike_R","Strike_R","Defend_R","Defend_R","Defend_R","Bash","Feed","Heavy Blade","Pommel Strike","Thunderclap","Anger","Uppercut+1","Pommel Strike","Twin Strike","Bloodletting+1","Dropkick","Sword Boomerang","Brutality","Decay","Regret","Heavy Blade+1","Writhe","Demon Form","Headbutt+1","Second Wind+1","Armaments+1","Warcry+1"],"relics":["Burning Blood","Mummified Hand","Toxic Egg 2","Calipers","Calling Bell","Ancient Tea Set","Darkstone Periapt","Gambling Chip","Juzu Bracelet","Omamori","Shuriken","Potion Belt","Ornamental Fan","Dream Catcher"],"potions_floor_usage":[6,16,16,16,30,30],"damage_taken":[{"damage":10,"enemies":"2 Louse","floor":1,"turns":4},{"damage":5,"enemies":"Cultist","floor":2,"turns":4},{"damage":3,"enemies":"Small Slimes","floor":3,"turns":3},{"damage":13,"enemies":"Blue Slaver","floor":4,"turns":5},{"damage":16,"enemies":"2 Fungi Beasts","floor":5,"turns":4},{"damage":36,"enemies":"Lagavulin","floor":6,"turns":4},{"damage":5,"enemies":"Looter","floor":11,"turns":3},{"damage":4,"enemies":"Gremlin Nob","floor":12,"turns":3},{"damage":12,"enemies":"Blue Slaver","floor":13,"turns":2},{"damage":25,"enemies":"2 Fungi Beasts","floor":14,"turns":4},{"damage":44,"enemies":"Hexaghost","floor":16,"turns":5},{"damage":39,"enemies":"Chosen","floor":18,"turns":4},{"damage":44,"enemies":"Gremlin Leader","floor":24,"turns":6},{"damage":43,"enemies":"2 Thieves","floor":25,"turns":4},{"damage":22,"enemies":"Snake Plant","floor":28,"turns":3},{"damage":37,"enemies":"Centurion and Healer","floor":30,"turns":5},{"damage":48,"enemies":"Collector","floor":33,"turns":3}],"seed_played":"8192006304787325679","potions_obtained":[{"floor":1,"key":"Dexterity Potion"},{"floor":3,"key":"Strength Potion"},{"floor":4,"key":"SkillPotion"},{"floor":5,"key":"Strength Potion"},{"floor":13,"key":"Ancient Potion"},{"floor":18,"key":"Weak Potion"},{"floor":28,"key":"Regen Potion"}],"is_trial":false,"path_per_floor":["M","M","M","M","M","E","?","R","T","R","M","E","M","M","R","B",null,"M","?","?","?","$","R","E","M","T","R","M","?","M","?","R"],"character_chosen":"IRONCLAD","items_purchased":["Shuriken"],"campfire_rested":5,"item_purchase_floors":[22],"current_hp_per_floor":[79,80,83,76,66,36,36,60,60,60,64,69,63,47,74,36,92,59,59,59,65,65,94,56,19,19,48,32,32,15,15,44,0],"gold":126,"neow_bonus":"THREE_RARE_CARDS","is_prod":false,"is_daily":false,"chose_seed":false,"campfire_upgraded":1,"win_rate":0.0,"timestamp":1530320691,"path_taken":["M","M","M","M","M","E","?","R","T","R","M","E","M","M","R","BOSS","M","?","?","?","$","R","E","M","T","R","M","?","M","?","R","BOSS"],"build_version":"2018-06-28","purchased_purges":1,"victory":false,"max_hp_per_floor":[83,83,83,83,83,83,83,83,83,83,86,89,89,92,92,92,92,92,92,92,98,98,98,98,98,98,98,98,98,98,98,98,98],"card_choices":[{"not_picked":["Limit Break","Dark Embrace"],"picked":"Feed","floor":0},{"not_picked":["Spot Weakness","Iron Wave"],"picked":"Heavy Blade","floor":1},{"not_picked":["Infernal Blade","Heavy Blade"],"picked":"Pommel Strike","floor":2},{"not_picked":["Clash","Whirlwind"],"picked":"Thunderclap","floor":3},{"not_picked":["Shrug It Off","Fiend Fire"],"picked":"Anger","floor":4},{"not_picked":["Searing Blow","Shrug It Off"],"picked":"Uppercut","floor":5},{"not_picked":["Iron Wave","Intimidate"],"picked":"Pommel Strike","floor":6},{"not_picked":["Heavy Blade","Iron Wave"],"picked":"Twin Strike","floor":11},{"not_picked":["Shrug It Off+1","Brutality"],"picked":"Bloodletting+1","floor":12},{"not_picked":["Clash","Spot Weakness+1"],"picked":"Dropkick","floor":13},{"not_picked":["Power Through+1","Sever Soul"],"picked":"Sword Boomerang","floor":14},{"not_picked":["Impervious+1","Berserk"],"picked":"Brutality","floor":16},{"not_picked":["Body Slam","Twin Strike"],"picked":"Heavy Blade+1","floor":18},{"not_picked":["Metallicize+1","Headbutt+1"],"picked":"Demon Form","floor":24},{"not_picked":["Flame Barrier+1","Body Slam+1"],"picked":"Headbutt+1","floor":25},{"not_picked":["Sword Boomerang","Anger"],"picked":"Second Wind+1","floor":28},{"not_picked":["Metallicize+1","Barricade"],"picked":"Armaments+1","floor":30},{"not_picked":["Dual Wield+1","Searing Blow"],"picked":"Warcry+1","floor":32}],"player_experience":16000,"relics_obtained":[{"floor":6,"key":"Mummified Hand"},{"floor":9,"key":"Toxic Egg 2"},{"floor":12,"key":"Calipers"},{"floor":17,"key":"Ancient Tea Set"},{"floor":17,"key":"Darkstone Periapt"},{"floor":17,"key":"Gambling Chip"},{"floor":24,"key":"Potion Belt"},{"floor":26,"key":"Ornamental Fan"}],"event_choices":[{"event_name":"The Woman in Blue","player_choice":"Bought 0 Potions","floor":7,"damage_taken":0},{"event_name":"Addict","player_choice":"Obtained Relic","floor":19,"damage_taken":0},{"event_name":"Back to Basics","player_choice":"Elegance","floor":20,"damage_taken":0},{"event_name":"The Mausoleum","player_choice":"Yes","floor":21,"damage_taken":0},{"event_name":"Accursed Blacksmith","player_choice":"Rummage","floor":29,"damage_taken":0},{"event_name":"Bonfire Elementals","player_choice":"BASIC","floor":31,"damage_taken":0}],"boss_relics":[{"not_picked":["Empty Cage","Eternal Feather"],"picked":"Calling Bell"}],"items_purged_floors":[22],"is_endless":false,"potions_floor_spawned":[1,3,4,5,13,18,28],"killed_by":"Collector","ascension_level":0}