{"gold_per_floor":[110,128,143,161,180,180,207,207,207,226,226,241,270,294,294,366,366,386,413,465,37,50,81,101,101,101,127,143,171,171,187,187,263,313,330,430,445,445,465,465,492,504,504,535,545,75,75,110,122,134],"floor_reached":51,"playtime":4164,"items_purged":["Strike_B"],"score":1562,"play_id":"116dcf4a-2203-4682-b9f8-295bc864e5cd","local_time":"20190606211928","is_ascension_mode":true,"campfire_choices":[{"data":"Zap","floor":6.0,"key":"SMITH"},{"data":"Loop","floor":8.0,"key":"SMITH"},{"data":"Sunder","floor":11.0,"key":"SMITH"},{"data":"Go for the Eyes","floor":15.0,"key":"SMITH"},{"floor":25.0,"key":"REST"},{"floor":30.0,"key":"REST"},{"floor":32.0,"key":"REST"},{"floor":40,"key":"REST"},{"floor":47,"key":"REST"},{"floor":49,"key":"REST"}],"neow_cost":"NONE","seed_source_timestamp":0,"circlet_count":0,"master_deck":["AscendersBane","Strike_B","Strike_B","Defend_B+1","Defend_B","Defend_B","Defend_B","Zap+1","Dualcast+1","Go for the Eyes+1","Melter","Self Repair","Compile Driver","Leap","Loop+1","Sunder+1","Beam Cell","Core Surge","Coolheaded","Chill","Reinforced Body","Loop","Coolheaded+1","Hologram","White Noise","Ball Lightning","Defragment","Core Surge","Conserve Battery+1","Glacier","Capacitor","Defragment+1","FTL+1","Leap+1","Doom and Gloom+1","Blizzard+1"],"special_seed":0,"relics":["Cracked Core","Potion Belt","Matryoshka","Pen Nib","Odd Mushroom","Fusion Hammer","Red Mask","DataDisk","Bottled Lightning","Lee\u0027s Waffle","Torii","Vajra","Cables","Happy Flower","Bottled Tornado","Tiny House","Nunchaku","Molten Egg 2","Mummified Hand","War Paint","Calipers","MawBank"],"potions_floor_usage":[41,42,45,50,50,50],"damage_taken":[{"damage":0.0,"enemies":"Cultist","floor":1.0,"turns":3.0},{"damage":4.0,"enemies":"Jaw Worm","floor":2.0,"turns":3.0},{"damage":0.0,"enemies":"2 Louse","floor":3.0,"turns":2.0},{"damage":26.0,"enemies":"Exordium Wildlife","floor":4.0,"turns":4.0},{"damage":3.0,"enemies":"2 Fungi Beasts","floor":5.0,"turns":4.0},{"damage":11.0,"enemies":"Lagavulin","floor":7.0,"turns":6.0},{"damage":10.0,"enemies":"3 Louse","floor":10.0,"turns":4.0},{"damage":15.0,"enemies":"Exordium Wildlife","floor":12.0,"turns":3.0},{"damage":26.0,"enemies":"3 Sentries","floor":13.0,"turns":5.0},{"damage":6.0,"enemies":"The Mushroom Lair","floor":14.0,"turns":3.0},{"damage":9.0,"enemies":"Hexaghost","floor":16.0,"turns":7.0},{"damage":21.0,"enemies":"Shell Parasite","floor":18.0,"turns":4.0},{"damage":36.0,"enemies":"Masked Bandits","floor":19.0,"turns":5.0},{"damage":0.0,"enemies":"Spheric Guardian","floor":22.0,"turns":3.0},{"damage":25.0,"enemies":"Slavers","floor":23.0,"turns":12.0},{"damage":2.0,"enemies":"Centurion and Healer","floor":24.0,"turns":4.0},{"damage":15.0,"enemies":"Book of Stabbing","floor":27.0,"turns":4.0},{"damage":18.0,"enemies":"Snake Plant","floor":28.0,"turns":2.0},{"damage":11.0,"enemies":"Slavers","floor":29.0,"turns":4.0},{"damage":27.0,"enemies":"Shelled Parasite and Fungi","floor":31.0,"turns":8.0},{"damage":18.0,"enemies":"Collector","floor":33.0,"turns":11.0},{"damage":6.0,"enemies":"3 Shapes","floor":35.0,"turns":3.0},{"damage":2.0,"enemies":"Mind Bloom Boss Battle","floor":36.0,"turns":9.0},{"damage":1,"enemies":"3 Darklings","floor":37,"turns":8},{"damage":9,"enemies":"4 Shapes","floor":39,"turns":10},{"damage":63,"enemies":"Giant Head","floor":41,"turns":10},{"damage":22,"enemies":"Maw","floor":42,"turns":7},{"damage":32,"enemies":"Nemesis","floor":44,"turns":7},{"damage":0,"enemies":"Transient","floor":45,"turns":6},{"damage":30,"enemies":"Reptomancer","floor":48,"turns":10},{"damage":0,"enemies":"Donu and Deca","floor":50,"turns":10}],"seed_played":"-1128756436511689655","potions_obtained":[{"floor":2.0,"key":"SpeedPotion"},{"floor":3.0,"key":"SpeedPotion"},{"floor":10.0,"key":"PowerPotion"},{"floor":12.0,"key":"SkillPotion"},{"floor":13.0,"key":"Poison Potion"},{"floor":16.0,"key":"Weak Potion"},{"floor":18.0,"key":"SteroidPotion"},{"floor":23.0,"key":"SpeedPotion"},{"floor":24.0,"key":"Ancient Potion"},{"floor":28.0,"key":"SkillPotion"},{"floor":33.0,"key":"Weak Potion"},{"floor":34.0,"key":"Regen Potion"},{"floor":36,"key":"AttackPotion"},{"floor":39,"key":"FocusPotion"},{"floor":41,"key":"Regen Potion"},{"floor":48,"key":"SmokeBomb"}],"is_trial":false,"path_per_floor":["M","M","M","M","M","R","E","R","T","M","R","M","E","?","R","B",null,"M","?","T","$","M","E","M","R","T","E","M","E","R","M","R","B",null,"M","?","M","?","M","R","E","M","T","E","M","$","R","E","R","B",null],"character_chosen":"DEFECT","items_purchased":["Lee\u0027s Waffle","Reinforced Body","Loop","Calipers","FocusPotion","Doom and Gloom+1"],"campfire_rested":6,"item_purchase_floors":[21,21,21,46,46,46],"current_hp_per_floor":[64,60,60,41,45,45,41,41,41,38,38,30,11,12,12,10,56,42,13,13,78,78,60,65,78,78,63,45,41,64,44,67,56,78,79,83,83,83,81,83,41,33,33,8,15,15,39,16,40,47],"gold":146,"neow_bonus":"TRANSFORM_CARD","is_prod":false,"is_daily":false,"chose_seed":false,"campfire_upgraded":4,"win_rate":0,"timestamp":1559848768,"path_taken":["M","M","M","M","M","R","E","R","T","?","R","M","E","?","R","BOSS","M","?","?","$","M","E","M","R","T","E","M","E","R","M","R","BOSS","M","?","M","?","M","R","E","M","T","E","M","?","R","E","R","BOSS"],"build_version":"2019-01-23","purchased_purges":1,"victory":true,"max_hp_per_floor":[71,71,71,71,71,71,71,71,71,71,71,71,71,71,71,71,71,71,71,71,78,78,78,78,78,78,78,78,78,78,78,78,78,83,83,83,83,83,83,83,83,83,83,83,83,83,83,83,83,83],"card_choices":[{"not_picked":["Streamline","Hello World"],"picked":"Melter","floor":1.0},{"not_picked":["Turbo","Rebound"],"picked":"Self Repair","floor":2.0},{"not_picked":["Force Field","Ball Lightning"],"picked":"Compile Driver","floor":3.0},{"not_picked":["Streamline","Gash"],"picked":"Leap","floor":4.0},{"not_picked":["Compile Driver","Darkness","Barrage"],"picked":"SKIP","floor":5.0},{"not_picked":["Ball Lightning","Beam Cell"],"picked":"Loop","floor":7.0},{"not_picked":["Capacitor","Coolheaded"],"picked":"Sunder","floor":10.0},{"not_picked":["Cold Snap","Compile Driver"],"picked":"Beam Cell","floor":12.0},{"not_picked":["Sweeping Beam","Force Field","Rebound"],"picked":"SKIP","floor":13.0},{"not_picked":["Reboot","Hyperbeam"],"picked":"Core Surge","floor":16.0},{"not_picked":["Static Discharge","Go for the Eyes"],"picked":"Coolheaded","floor":18.0},{"not_picked":["Auto Shields","Stack+1"],"picked":"Chill","floor":19.0},{"not_picked":["Cold Snap","BootSequence"],"picked":"Coolheaded+1","floor":22.0},{"not_picked":["Storm","Barrage"],"picked":"Hologram","floor":23.0},{"not_picked":["Static Discharge","Thunder Strike"],"picked":"White Noise","floor":24.0},{"not_picked":["Beam Cell","Redo"],"picked":"Ball Lightning","floor":27.0},{"not_picked":["Go for the Eyes","Doom and Gloom"],"picked":"Defragment","floor":28.0},{"not_picked":["Doom and Gloom","Compile Driver","Steam Power"],"picked":"SKIP","floor":29.0},{"not_picked":["Rebound","Ball Lightning","Reprogram"],"picked":"SKIP","floor":31.0},{"not_picked":["Machine Learning","Amplify"],"picked":"Core Surge","floor":33.0},{"not_picked":["Recycle+1","Coolheaded"],"picked":"Conserve Battery","floor":34.0},{"not_picked":["Steam","Leap"],"picked":"Glacier","floor":35.0},{"not_picked":["Gash","Leap","Streamline"],"picked":"SKIP","floor":37},{"not_picked":["Sweeping Beam","Blizzard"],"picked":"Capacitor","floor":39},{"not_picked":["Static Discharge","Core Surge"],"picked":"Defragment+1","floor":41},{"not_picked":["Storm","Auto Shields"],"picked":"FTL+1","floor":42},{"not_picked":["Redo","Rebound+1"],"picked":"Leap+1","floor":44},{"not_picked":["Stack+1","Compile Driver+1","Turbo"],"picked":"SKIP","floor":45},{"not_picked":["Storm+1","Turbo"],"picked":"Blizzard+1","floor":48}],"player_experience":468862,"relics_obtained":[{"floor":7.0,"key":"Potion Belt"},{"floor":9.0,"key":"Matryoshka"},{"floor":13.0,"key":"Pen Nib"},{"floor":14.0,"key":"Odd Mushroom"},{"floor":19.0,"key":"Red Mask"},{"floor":20.0,"key":"DataDisk"},{"floor":20.0,"key":"Bottled Lightning"},{"floor":23.0,"key":"Torii"},{"floor":26.0,"key":"Vajra"},{"floor":26.0,"key":"Cables"},{"floor":27.0,"key":"Happy Flower"},{"floor":29.0,"key":"Bottled Tornado"},{"floor":36,"key":"Nunchaku"},{"floor":41,"key":"Molten Egg 2"},{"floor":43,"key":"Mummified Hand"},{"floor":44,"key":"War Paint"},{"floor":48,"key":"MawBank"}],"event_choices":[{"damage_healed":0.0,"max_hp_gain":0.0,"max_hp_loss":0.0,"gold_gain":0.0,"event_name":"Mushrooms","player_choice":"Fought Mushrooms","floor":14.0,"gold_loss":0.0,"damage_taken":0.0},{"damage_healed":0.0,"max_hp_gain":0.0,"max_hp_loss":0.0,"gold_gain":0.0,"event_name":"Masked Bandits","player_choice":"Fought Bandits","floor":19.0,"gold_loss":0.0,"damage_taken":0.0},{"damage_healed":0.0,"max_hp_gain":0.0,"max_hp_loss":0.0,"gold_gain":0.0,"event_name":"MindBloom","player_choice":"Fight","floor":36.0,"gold_loss":0.0,"damage_taken":0.0},{"damage_healed":0,"gold_gain":0,"player_choice":"Ignored","damage_taken":0,"max_hp_gain":0,"max_hp_loss":0,"event_name":"Tomb of Lord Red Mask","floor":38,"gold_loss":0}],"is_beta":false,"boss_relics":[{"not_picked":["White Beast Statue","Philosopher\u0027s Stone"],"picked":"Fusion Hammer"},{"not_picked":["Velvet Choker","Lizard Tail"],"picked":"Tiny House"}],"items_purged_floors":[21],"is_endless":false,"potions_floor_spawned":[2,3,10,12,13,16,18,23,24,28,33,36,39,41,48],"ascension_level":18}