{"gold_per_floor":[10,26,26,26,26,26,46,71,71,71,99,99,113,130,130,228,228,244,97,97,115,127,127,159,159,159,104,122,122,122],"floor_reached":30,"playtime":2576,"items_purged":[],"score":386,"play_id":"24a5f1c4-f908-4db6-9e7d-26179e1d215f","local_time":"20180916141106","is_ascension_mode":true,"campfire_choices":[{"data":"Uppercut","floor":6.0,"key":"SMITH"},{"data":"Strike_R","floor":12.0,"key":"PURGE"},{"floor":15.0,"key":"REST"},{"data":"Strike_R","floor":23.0,"key":"PURGE"},{"floor":25,"key":"REST"}],"neow_cost":"NO_GOLD","seed_source_timestamp":843293497244051,"circlet_count":0,"master_deck":["Strike_R","Strike_R","Defend_R","Defend_R","Defend_R","Defend_R","AscendersBane","Uppercut+1","Thunderclap","Metallicize+1","Cleave","Dropkick","Limit Break+1","Power Through+1","Armaments+1","Barricade+1","Inflame+1","Flex+1","Bloodletting+1","Ghostly Armor+1","Shrug It Off+1","Reaper","Heavy Blade+1","Body Slam","Headbutt+1"],"special_seed":0,"relics":["Burning Blood","Peace Pipe","Toxic Egg 2","Spirit Poop","Frozen Egg 2","Shovel","Lantern","Orrery","Turnip","Kunai","Tiny Chest","Nilry\u0027s Codex"],"potions_floor_usage":[24],"damage_taken":[{"damage":5.0,"enemies":"Jaw Worm","floor":1.0,"turns":4.0},{"damage":6.0,"enemies":"Cultist","floor":2.0,"turns":3.0},{"damage":1.0,"enemies":"2 Louse","floor":7.0,"turns":2.0},{"damage":31.0,"enemies":"Lagavulin","floor":8.0,"turns":9.0},{"damage":7.0,"enemies":"Gremlin Nob","floor":11.0,"turns":5.0},{"damage":7.0,"enemies":"Blue Slaver","floor":13.0,"turns":5.0},{"damage":1.0,"enemies":"2 Fungi Beasts","floor":14.0,"turns":3.0},{"damage":21.0,"enemies":"The Guardian","floor":16.0,"turns":13.0},{"damage":24.0,"enemies":"Spheric Guardian","floor":18.0,"turns":6.0},{"damage":5.0,"enemies":"Chosen","floor":21.0,"turns":8.0},{"damage":0.0,"enemies":"Snake Plant","floor":22.0,"turns":1.0},{"damage":77,"enemies":"Gremlin Leader","floor":24,"turns":9},{"damage":20,"enemies":"Cultist and Chosen","floor":28,"turns":5},{"damage":45,"enemies":"Slavers","floor":30,"turns":4}],"seed_played":"2035194972949806541","potions_obtained":[{"floor":7.0,"key":"Block Potion"},{"floor":13.0,"key":"SkillPotion"},{"floor":16.0,"key":"SteroidPotion"},{"floor":18.0,"key":"SteroidPotion"},{"floor":21.0,"key":"Energy Potion"}],"is_trial":false,"path_per_floor":["M","M","?","?","?","R","M","E","T","$","E","R","M","M","R","B",null,"M","$","?","M","M","R","E","R","T","?","M","?"],"character_chosen":"IRONCLAD","items_purchased":["Reaper"],"campfire_rested":2,"item_purchase_floors":[19],"current_hp_per_floor":[73,73,73,73,73,73,78,53,53,53,52,52,51,56,80,65,76,58,58,58,69,80,80,37,61,61,61,52,36,0],"gold":122,"neow_bonus":"TRANSFORM_TWO_CARDS","is_prod":false,"is_daily":false,"chose_seed":false,"campfire_upgraded":1,"win_rate":0,"timestamp":1537121466,"path_taken":["M","M","?","?","?","R","M","E","T","$","E","R","?","M","R","BOSS","M","$","?","M","M","R","E","R","T","?","?","?","E"],"build_version":"2018-09-06","purchased_purges":0,"victory":false,"max_hp_per_floor":[80,80,80,80,80,80,80,80,80,80,80,80,80,80,80,80,80,80,80,80,80,80,80,80,80,80,80,80,80,80],"card_choices":[{"not_picked":["Havoc","Armaments"],"picked":"Thunderclap","floor":1.0},{"not_picked":["Anger","Perfected Strike"],"picked":"Metallicize","floor":2.0},{"not_picked":["Shrug It Off+1","Clash"],"picked":"Cleave","floor":7.0},{"not_picked":["Searing Blow","Burning Pact+1"],"picked":"Dropkick","floor":8.0},{"not_picked":["Body Slam","Clash"],"picked":"Limit Break+1","floor":11.0},{"not_picked":["Uppercut","Perfected Strike"],"picked":"Power Through+1","floor":13.0},{"not_picked":["Clash","Seeing Red+1"],"picked":"Armaments+1","floor":14.0},{"not_picked":["Impervious+1","Offering+1"],"picked":"Barricade+1","floor":16.0},{"not_picked":["Anger","Disarm+1"],"picked":"Inflame+1","floor":17.0},{"not_picked":["Rampage","Heavy Blade"],"picked":"Flex+1","floor":17.0},{"not_picked":["Pommel Strike","Dual Wield+1"],"picked":"Bloodletting+1","floor":17.0},{"not_picked":["Metallicize+1","Clothesline"],"picked":"Ghostly Armor+1","floor":17.0},{"not_picked":["Shockwave+1","Whirlwind"],"picked":"Shrug It Off+1","floor":17.0},{"not_picked":["Havoc+1","Pommel Strike+1","Infernal Blade+1"],"picked":"SKIP","floor":18.0},{"not_picked":["Wild Strike","Rage+1"],"picked":"Heavy Blade+1","floor":21.0},{"not_picked":["Havoc+1","Feel No Pain+1"],"picked":"Body Slam","floor":22.0},{"not_picked":["Thunderclap","Havoc+1"],"picked":"Headbutt+1","floor":24},{"not_picked":["Limit Break+1","Pommel Strike","Hemokinesis"],"picked":"SKIP","floor":28}],"player_experience":445655,"relics_obtained":[{"floor":8.0,"key":"Frozen Egg 2"},{"floor":9.0,"key":"Shovel"},{"floor":11.0,"key":"Lantern"},{"floor":24,"key":"Turnip"},{"floor":26,"key":"Kunai"},{"floor":29,"key":"Nilry\u0027s Codex"}],"event_choices":[{"event_name":"WeMeetAgain","player_choice":"Card","floor":3.0,"damage_taken":0.0},{"event_name":"Big Fish","player_choice":"Box","floor":4.0,"damage_taken":0.0},{"event_name":"Bonfire Elementals","player_choice":"CURSE","floor":5.0,"damage_taken":0.0},{"event_name":"Accursed Blacksmith","player_choice":"Forge","floor":20.0,"damage_taken":0.0},{"event_name":"Addict","player_choice":"Obtained Relic","floor":27,"damage_taken":0},{"event_name":"Cursed Tome","player_choice":"Obtained Book","floor":29,"damage_taken":0}],"is_beta":false,"boss_relics":[{"not_picked":["Empty Cage","Tiny House"],"picked":"Orrery"}],"items_purged_floors":[],"is_endless":false,"potions_floor_spawned":[7,13,16,18,21],"killed_by":"Slavers","ascension_level":10}