{"gold_per_floor":[363,381,95,95,245,245,279,279],"floor_reached":8,"playtime":554,"items_purged":["Injury"],"score":108,"play_id":"60a0e930-7826-4f76-969f-d7a795eb8f2f","local_time":"20190616183219","is_ascension_mode":true,"campfire_choices":[{"floor":6.0,"key":"REST"}],"neow_cost":"CURSE","seed_source_timestamp":354740244611011,"circlet_count":0,"master_deck":["AscendersBane","Defend_G","Defend_G","Defend_G","Defend_G","Defend_G","Strike_G","Strike_G","Strike_G","Strike_G","Strike_G","Survivor","Neutralize","Acrobatics","Deadly Poison+1","Doubt"],"special_seed":0,"relics":["Ring of the Snake","Medical Kit","Juzu Bracelet"],"potions_floor_usage":[7],"damage_taken":[{"damage":0.0,"enemies":"Small Slimes","floor":1.0,"turns":5.0},{"damage":30.0,"enemies":"Jaw Worm","floor":2.0,"turns":8.0},{"damage":37,"enemies":"Lagavulin","floor":7,"turns":6},{"damage":14,"enemies":"The Mushroom Lair","floor":8,"turns":2}],"seed_played":"-1807380683315404346","potions_obtained":[{"floor":2.0,"key":"PowerPotion"}],"is_trial":false,"path_per_floor":["M","M","$","?","?","R","E","?"],"character_chosen":"THE_SILENT","items_purchased":["Medical Kit"],"campfire_rested":1,"item_purchase_floors":[3],"current_hp_per_floor":[59,29,29,29,29,48,11,0],"gold":279,"neow_bonus":"TWO_FIFTY_GOLD","is_prod":false,"is_daily":false,"chose_seed":false,"campfire_upgraded":0,"win_rate":0,"timestamp":1560702739,"path_taken":["M","M","$","?","?","R","E","?"],"build_version":"2019-01-23","purchased_purges":1,"victory":false,"max_hp_per_floor":[66,66,66,66,66,66,66,66],"card_choices":[{"not_picked":["Eviscerate","Catalyst"],"picked":"Acrobatics","floor":1.0},{"not_picked":["All Out Attack","PiercingWail"],"picked":"Deadly Poison","floor":2.0},{"not_picked":["Acrobatics","Prepared","Infinite Blades"],"picked":"SKIP","floor":7}],"player_experience":532128,"relics_obtained":[{"floor":7,"key":"Juzu Bracelet"}],"event_choices":[{"damage_healed":0.0,"max_hp_gain":0.0,"max_hp_loss":0.0,"gold_gain":0.0,"event_name":"Living Wall","player_choice":"Grow","floor":4.0,"gold_loss":0.0,"damage_taken":0.0,"cards_upgraded":["Deadly Poison"]},{"damage_healed":0.0,"max_hp_gain":0.0,"max_hp_loss":0.0,"gold_gain":150.0,"event_name":"Liars Game","player_choice":"AGREE","floor":5.0,"gold_loss":0.0,"damage_taken":0.0,"cards_obtained":["Doubt"]},{"damage_healed":0,"gold_gain":0,"player_choice":"Fought Mushrooms","damage_taken":0,"max_hp_gain":0,"max_hp_loss":0,"event_name":"Mushrooms","floor":8,"gold_loss":0}],"is_beta":false,"boss_relics":[],"items_purged_floors":[3],"is_endless":false,"potions_floor_spawned":[2],"killed_by":"The Mushroom Lair","ascension_level":20}