{"gold_per_floor":[362,362,23,40,103,103,132,182,205,220,220,236,306,331,343,429,441,471,497,559,621,699,711,738,768,806,818,880,908,90,119,119,119],"floor_reached":33,"playtime":2375,"items_purged":["Strike_G","Strike_G"],"score":583,"play_id":"98596007-0410-4837-b57c-2623178a52b5","local_time":"20190617125146","is_ascension_mode":true,"campfire_choices":[{"data":"Skewer","floor":6.0,"key":"SMITH"},{"floor":11.0,"key":"REST"},{"data":"Caltrops","floor":15.0,"key":"SMITH"},{"floor":23.0,"key":"REST"},{"floor":27.0,"key":"REST"},{"floor":32.0,"key":"REST"}],"neow_cost":"TEN_PERCENT_HP_LOSS","seed_source_timestamp":0,"circlet_count":0,"master_deck":["AscendersBane","Defend_G","Defend_G","Defend_G","Defend_G","Defend_G+1","Strike_G","Strike_G","Strike_G+1","Survivor+1","Neutralize+1","Dagger Spray+1","Skewer+1","Dodge and Roll","Backflip","Footwork","Backflip","Caltrops+1","Corpse Explosion","Eviscerate","Crippling Poison","Backflip"],"special_seed":0,"relics":["Ring of the Snake","SsserpentHead","ClockworkSouvenir","War Paint","Ancient Tea Set","MawBank","Snecko Eye","Omamori","Lantern","Letter Opener","Thread and Needle","Frozen Eye","Whetstone","Meat on the Bone"],"potions_floor_usage":[33],"damage_taken":[{"damage":2.0,"enemies":"Small Slimes","floor":1.0,"turns":7.0},{"damage":1.0,"enemies":"Cultist","floor":4.0,"turns":3.0},{"damage":0.0,"enemies":"2 Louse","floor":5.0,"turns":2.0},{"damage":37.0,"enemies":"Gremlin Nob","floor":7.0,"turns":5.0},{"damage":5.0,"enemies":"Gremlin Gang","floor":10.0,"turns":4.0},{"damage":0.0,"enemies":"Blue Slaver","floor":12.0,"turns":5.0},{"damage":4.0,"enemies":"Looter","floor":13.0,"turns":3.0},{"damage":11.0,"enemies":"3 Sentries","floor":14.0,"turns":6.0},{"damage":8.0,"enemies":"The Guardian","floor":16.0,"turns":15.0},{"damage":0.0,"enemies":"2 Thieves","floor":18.0,"turns":2.0},{"damage":16.0,"enemies":"Spheric Guardian","floor":19.0,"turns":4.0},{"damage":0.0,"enemies":"Cultist and Chosen","floor":22.0,"turns":5.0},{"damage":22.0,"enemies":"Centurion and Healer","floor":24.0,"turns":6.0},{"damage":3.0,"enemies":"Sentry and Sphere","floor":25.0,"turns":4.0},{"damage":0.0,"enemies":"3 Cultists","floor":29.0,"turns":3.0},{"damage":13.0,"enemies":"Slavers","floor":31.0,"turns":2.0},{"damage":59,"enemies":"Champ","floor":33,"turns":15}],"seed_played":"3021255073861629851","potions_obtained":[{"floor":7.0,"key":"SkillPotion"},{"floor":10.0,"key":"Explosive Potion"},{"floor":12.0,"key":"Ancient Potion"},{"floor":16.0,"key":"Explosive Potion"},{"floor":22.0,"key":"Weak Potion"}],"is_trial":false,"path_per_floor":["M","?","$","M","M","R","E","?","T","M","R","M","M","E","R","B",null,"M","M","?","?","M","R","M","M","T","R","T","M","$","E","R","B"],"character_chosen":"THE_SILENT","items_purchased":["ClockworkSouvenir","Skewer","Thread and Needle","Backflip","Frozen Eye","Whetstone"],"campfire_rested":4,"item_purchase_floors":[3,3,30,30,30,30],"current_hp_per_floor":[57,57,57,56,56,56,19,19,19,14,32,32,28,17,17,9,47,47,31,31,31,31,49,27,24,24,42,42,42,42,29,47,0],"gold":119,"neow_bonus":"TWO_FIFTY_GOLD","is_prod":false,"is_daily":false,"chose_seed":false,"campfire_upgraded":2,"win_rate":0,"timestamp":1560768706,"path_taken":["M","?","$","M","?","R","E","?","T","M","R","M","?","E","R","BOSS","M","M","?","?","?","R","M","M","T","R","?","M","$","E","R","BOSS"],"build_version":"2019-01-23","purchased_purges":2,"victory":false,"max_hp_per_floor":[60,60,60,60,60,60,60,60,60,60,60,60,60,60,60,60,60,60,60,60,60,60,60,60,60,60,60,60,60,60,60,60,60],"card_choices":[{"not_picked":["Deflect","Endless Agony"],"picked":"Dagger Spray","floor":1.0},{"not_picked":["Outmaneuver","Choke"],"picked":"Dodge and Roll","floor":4.0},{"not_picked":["Acrobatics","Deadly Poison"],"picked":"Backflip","floor":5.0},{"not_picked":["Slice","Eviscerate","Predator"],"picked":"SKIP","floor":7.0},{"not_picked":["Leg Sweep","Quick Slash"],"picked":"Footwork","floor":10.0},{"not_picked":["Underhanded Strike","Endless Agony","Tactician"],"picked":"SKIP","floor":12.0},{"not_picked":["Acrobatics","Dodge and Roll"],"picked":"Backflip","floor":13.0},{"not_picked":["Bane","Accuracy"],"picked":"Caltrops","floor":14.0},{"not_picked":["Phantasmal Killer","Glass Knife"],"picked":"Corpse Explosion","floor":16.0},{"not_picked":["Acrobatics","Masterful Stab","Eviscerate"],"picked":"SKIP","floor":18.0},{"not_picked":["Acrobatics","Masterful Stab"],"picked":"Eviscerate","floor":18.0},{"not_picked":["Concentrate","Masterful Stab","Prepared+1"],"picked":"SKIP","floor":19.0},{"not_picked":["Cloak And Dagger","Blade Dance","Accuracy"],"picked":"SKIP","floor":22.0},{"not_picked":["Finisher","Accuracy"],"picked":"Crippling Poison","floor":24.0},{"not_picked":["Outmaneuver","Sucker Punch","Skewer"],"picked":"SKIP","floor":25.0},{"not_picked":["Distraction","Calculated Gamble","Acrobatics"],"picked":"SKIP","floor":29.0},{"not_picked":["Heel Hook+1","Bane","All Out Attack+1"],"picked":"SKIP","floor":31.0}],"player_experience":542151,"relics_obtained":[{"floor":7.0,"key":"War Paint"},{"floor":9.0,"key":"Ancient Tea Set"},{"floor":14.0,"key":"MawBank"},{"floor":26.0,"key":"Lantern"},{"floor":28.0,"key":"Letter Opener"},{"floor":31.0,"key":"Meat on the Bone"}],"event_choices":[{"damage_healed":0.0,"max_hp_gain":0.0,"max_hp_loss":0.0,"gold_gain":0.0,"event_name":"FaceTrader","player_choice":"Trade","floor":2.0,"gold_loss":0.0,"damage_taken":0.0,"relics_obtained":["SsserpentHead"]},{"damage_healed":0.0,"max_hp_gain":0.0,"max_hp_loss":0.0,"gold_gain":0.0,"event_name":"Upgrade Shrine","player_choice":"Upgraded","floor":8.0,"gold_loss":0.0,"damage_taken":0.0,"cards_upgraded":["Neutralize"]},{"damage_healed":0.0,"max_hp_gain":0.0,"max_hp_loss":0.0,"gold_gain":0.0,"event_name":"The Mausoleum","player_choice":"Opened","floor":20.0,"gold_loss":0.0,"damage_taken":0.0,"relics_obtained":["Omamori"],"cards_obtained":["Writhe"]},{"cards_removed":["Writhe"],"damage_healed":0.0,"max_hp_gain":0.0,"max_hp_loss":0.0,"gold_gain":0.0,"event_name":"Purifier","player_choice":"Purged","floor":21.0,"gold_loss":0.0,"damage_taken":0.0}],"is_beta":false,"boss_relics":[{"not_picked":["Ectoplasm","Runic Pyramid"],"picked":"Snecko Eye"}],"items_purged_floors":[3,30],"is_endless":false,"potions_floor_spawned":[7,10,12,16,22,31],"killed_by":"Champ","ascension_level":20}