{"gold_per_floor":[18,33,108,108,122,157,232,232,232,232,263,282,316,332,332,431,431,441,314,326,326,219,244,244,279,279,279,306,306,221,241,241,338,338,349,349,449,149,199,210,225,257,283,283,303,303,525,545,545,545,545,545,40,68,68],"floor_reached":55,"playtime":4720,"items_purged":["Defend_G"],"score":851,"play_id":"2141e58a-af34-49b8-8ebe-c2468b357ac1","local_time":"20190511223332","is_ascension_mode":false,"campfire_choices":[{"data":"Terror","floor":8,"key":"SMITH"},{"data":"Neutralize","floor":10,"key":"SMITH"},{"data":"Defend_G","floor":15,"key":"PURGE"},{"data":"Strike_G","floor":24,"key":"PURGE"},{"data":"Parasite","floor":27,"key":"PURGE"},{"data":"Defend_G","floor":29,"key":"PURGE"},{"data":"Strike_G","floor":32,"key":"PURGE"},{"floor":44,"key":"REST"},{"floor":49,"key":"RECALL"},{"data":"Pain","floor":52,"key":"PURGE"}],"neow_cost":"NO_GOLD","seed_source_timestamp":62177548350218,"circlet_count":0,"master_deck":["Defend_G","Defend_G","Strike_G","Strike_G","Strike_G","Survivor","Neutralize+1","Terror+1","Quick Slash","Dodge and Roll","Dash","Backflip","Footwork","Outmaneuver","Unload","Acrobatics","Caltrops+1","Deflect","Footwork+1","Well Laid Plans+1","Blur","Envenom+1","Blur+1","Sadistic Nature+1","Backflip+1","Footwork+1","Sadistic Nature+1","Backflip+1","Prepared+1","After Image+1","Master of Strategy+1","Purity+1","Caltrops+1","Infinite Blades+1","Tools of the Trade+1","Prepared+1"],"relics":["Ring of the Snake","Tingsha","Ninja Scroll","Mango","Peace Pipe","Frozen Egg 2","Cursed Key","Nilry\u0027s Codex","Juzu Bracelet","Red Mask","Toxic Egg 2","StoneCalendar","Mercury Hourglass","Black Star","Prayer Wheel","Pocketwatch","Mummified Hand","The Courier","Dream Catcher","Bag of Preparation","Bag of Marbles"],"potions_floor_usage":[23,39,39,54,55],"damage_taken":[{"damage":1,"enemies":"Cultist","floor":1,"turns":4},{"damage":4,"enemies":"2 Louse","floor":2,"turns":4},{"damage":0,"enemies":"Small Slimes","floor":5,"turns":2},{"damage":1,"enemies":"3 Sentries","floor":6,"turns":10},{"damage":5,"enemies":"Gremlin Nob","floor":11,"turns":4},{"damage":0,"enemies":"2 Fungi Beasts","floor":12,"turns":3},{"damage":0,"enemies":"3 Sentries","floor":13,"turns":10},{"damage":0,"enemies":"3 Louse","floor":14,"turns":2},{"damage":6,"enemies":"The Guardian","floor":16,"turns":14},{"damage":0,"enemies":"Shell Parasite","floor":18,"turns":4},{"damage":0,"enemies":"Spheric Guardian","floor":20,"turns":3},{"damage":0,"enemies":"Gremlin Leader","floor":23,"turns":7},{"damage":0,"enemies":"Masked Bandits","floor":25,"turns":5},{"damage":13,"enemies":"Slavers","floor":28,"turns":6},{"damage":6,"enemies":"3 Cultists","floor":31,"turns":5},{"damage":12,"enemies":"Champ","floor":33,"turns":10},{"damage":4,"enemies":"3 Darklings","floor":35,"turns":5},{"damage":10,"enemies":"Mind Bloom Boss Battle","floor":37,"turns":7},{"damage":28,"enemies":"2 Orb Walkers","floor":39,"turns":6},{"damage":0,"enemies":"Orb Walker","floor":40,"turns":4},{"damage":7,"enemies":"4 Shapes","floor":41,"turns":4},{"damage":5,"enemies":"Nemesis","floor":42,"turns":7},{"damage":10,"enemies":"Spire Growth","floor":45,"turns":5},{"damage":0,"enemies":"3 Darklings","floor":48,"turns":5},{"damage":8,"enemies":"Donu and Deca","floor":50,"turns":9},{"damage":45,"enemies":"Shield and Spear","floor":54,"turns":7},{"damage":45,"enemies":"The Heart","floor":55,"turns":3}],"seed_played":"-3319913160349195588","potions_obtained":[{"floor":1,"key":"Weak Potion"},{"floor":13,"key":"Fire Potion"},{"floor":14,"key":"LiquidBronze"},{"floor":20,"key":"FearPotion"},{"floor":23,"key":"PowerPotion"},{"floor":25,"key":"GhostInAJar"},{"floor":42,"key":"AttackPotion"}],"is_trial":false,"path_per_floor":["M","M","?","?","M","E","?","R","T","R","E","M","E","M","R","B",null,"M","$","M","?","$","E","R","?","T","R","E","R","?","M","R","B",null,"M","?","?","$","?","M","M","E","T","R","M","?","?","M","R","B",null,"R","$","E","B"],"character_chosen":"THE_SILENT","items_purchased":["Caltrops+1","Deflect","Well Laid Plans+1","Blur","Backflip+1","Footwork+1","Sadistic Nature+1","Master of Strategy+1","Purity+1","Caltrops+1","Infinite Blades+1","Tools of the Trade+1"],"campfire_rested":1,"item_purchase_floors":[19,19,22,22,38,38,38,53,53,53,53,53],"current_hp_per_floor":[69,65,54,54,54,67,59,59,59,59,54,54,54,54,54,48,84,84,84,84,68,68,68,68,68,68,68,55,55,55,49,49,37,81,77,77,67,67,39,39,32,27,27,51,41,41,41,41,41,33,81,81,81,36,0],"gold":68,"neow_bonus":"ONE_RARE_RELIC","is_prod":false,"is_daily":false,"chose_seed":false,"campfire_upgraded":2,"win_rate":0,"timestamp":1557628412,"path_taken":["M","?","?","?","?","E","?","R","T","R","E","M","E","?","R","BOSS","M","$","M","?","$","E","R","?","T","R","E","R","?","M","R","BOSS","M","?","?","$","?","M","M","E","T","R","M","?","?","M","R","BOSS","R","$","E","BOSS"],"build_version":"2019-01-23","purchased_purges":1,"victory":false,"max_hp_per_floor":[70,70,70,70,70,84,84,84,84,84,84,84,84,84,84,84,84,84,84,84,84,84,84,84,84,84,81,81,81,81,81,81,81,81,81,81,81,81,81,81,81,81,81,81,81,81,81,81,81,81,81,81,81,81,81],"card_choices":[{"not_picked":["Riddle With Holes","PiercingWail"],"picked":"Terror","floor":1},{"not_picked":["Crippling Poison","Slice"],"picked":"Quick Slash","floor":2},{"not_picked":["Poisoned Stab","Tactician"],"picked":"Dodge and Roll","floor":5},{"not_picked":["Underhanded Strike","Slice"],"picked":"Dash","floor":6},{"not_picked":["Concentrate","Deflect"],"picked":"Backflip","floor":11},{"not_picked":["Backflip","Dagger Throw"],"picked":"Footwork","floor":12},{"not_picked":["Quick Slash","Sucker Punch","Outmaneuver"],"picked":"SKIP","floor":13},{"not_picked":["Concentrate","Underhanded Strike"],"picked":"Outmaneuver","floor":14},{"not_picked":["Venomology","Bullet Time"],"picked":"Unload","floor":16},{"not_picked":["Underhanded Strike","Sucker Punch+1"],"picked":"Acrobatics","floor":18},{"not_picked":["Underhanded Strike","Concentrate"],"picked":"Footwork+1","floor":20},{"not_picked":["Blade Dance+1","Choke","PiercingWail"],"picked":"SKIP","floor":23},{"not_picked":["Cloak And Dagger+1","Tactician+1","Wraith Form v2+1"],"picked":"SKIP","floor":28},{"not_picked":["Eviscerate","Dash","Bane+1"],"picked":"SKIP","floor":31},{"not_picked":["Doppelganger+1","Bullet Time+1"],"picked":"Envenom+1","floor":33},{"not_picked":["Deflect+1","Dagger Throw+1"],"picked":"Blur+1","floor":35},{"not_picked":["Forethought+1","PanicButton+1"],"picked":"Sadistic Nature+1","floor":36},{"not_picked":["Poisoned Stab","Deadly Poison+1"],"picked":"Backflip+1","floor":39},{"not_picked":["Deadly Poison+1","Expertise+1"],"picked":"Prepared+1","floor":40},{"not_picked":["Heel Hook+1","Flying Knee+1","Slice+1"],"picked":"SKIP","floor":40},{"not_picked":["Sucker Punch","PiercingWail+1"],"picked":"After Image+1","floor":41},{"not_picked":["Predator+1","Caltrops+1","Dodge and Roll+1"],"picked":"SKIP","floor":41},{"not_picked":["Poisoned Stab+1","Skewer","Distraction+1"],"picked":"SKIP","floor":42},{"not_picked":["PiercingWail+1","Dagger Spray"],"picked":"Acrobatics+1","floor":44},{"not_picked":["Riddle With Holes","Underhanded Strike+1","Bane"],"picked":"SKIP","floor":45},{"not_picked":["Flying Knee","Underhanded Strike+1","Bane+1"],"picked":"SKIP","floor":45},{"not_picked":["Blur+1","Riddle With Holes","All Out Attack"],"picked":"SKIP","floor":48},{"not_picked":["Caltrops+1","Deflect+1","Predator"],"picked":"SKIP","floor":48},{"not_picked":["Backstab","Finisher+1"],"picked":"Prepared+1","floor":54}],"player_experience":881262,"relics_obtained":[{"floor":6,"key":"Mango"},{"floor":11,"key":"Peace Pipe"},{"floor":13,"key":"Frozen Egg 2"},{"floor":21,"key":"Nilry\u0027s Codex"},{"floor":23,"key":"Juzu Bracelet"},{"floor":25,"key":"Red Mask"},{"floor":26,"key":"Toxic Egg 2"},{"floor":28,"key":"StoneCalendar"},{"floor":37,"key":"Prayer Wheel"},{"floor":39,"key":"Pocketwatch"},{"floor":42,"key":"Mummified Hand"},{"floor":42,"key":"The Courier"},{"floor":43,"key":"Dream Catcher"},{"floor":54,"key":"Bag of Preparation"},{"floor":54,"key":"Bag of Marbles"}],"event_choices":[{"damage_healed":0,"gold_gain":75,"player_choice":"Gather Gold","damage_taken":11,"max_hp_gain":0,"max_hp_loss":0,"event_name":"World of Goop","floor":3,"gold_loss":0},{"damage_healed":0,"gold_gain":0,"player_choice":"Gave Potion","damage_taken":0,"relics_obtained":["Ninja Scroll"],"max_hp_gain":0,"max_hp_loss":0,"event_name":"WeMeetAgain","floor":4,"gold_loss":0},{"damage_healed":0,"gold_gain":75,"player_choice":"Touch","damage_taken":8,"max_hp_gain":0,"max_hp_loss":0,"event_name":"FaceTrader","floor":7,"gold_loss":0},{"damage_healed":0,"gold_gain":0,"player_choice":"Obtained Book","damage_taken":16,"max_hp_gain":0,"max_hp_loss":0,"event_name":"Cursed Tome","floor":21,"gold_loss":0},{"damage_healed":0,"gold_gain":0,"player_choice":"Fought Bandits","damage_taken":0,"max_hp_gain":0,"max_hp_loss":0,"event_name":"Masked Bandits","floor":25,"gold_loss":0},{"damage_healed":0,"gold_gain":0,"player_choice":"Obtained Relic","damage_taken":0,"relics_obtained":["Mercury Hourglass"],"max_hp_gain":0,"max_hp_loss":0,"event_name":"Addict","floor":30,"gold_loss":85},{"damage_healed":0,"gold_gain":0,"player_choice":"Memory 1","damage_taken":0,"max_hp_gain":0,"max_hp_loss":0,"event_name":"SensoryStone","floor":36,"gold_loss":0},{"damage_healed":0,"gold_gain":0,"player_choice":"Fight","damage_taken":0,"max_hp_gain":0,"max_hp_loss":0,"event_name":"MindBloom","floor":37,"gold_loss":0},{"damage_healed":0,"gold_gain":0,"player_choice":"Fight","damage_taken":0,"max_hp_gain":0,"max_hp_loss":0,"event_name":"Mysterious Sphere","floor":39,"gold_loss":0},{"cards_removed":["Acrobatics"],"damage_healed":0,"gold_gain":0,"player_choice":"Removed Skill","damage_taken":0,"max_hp_gain":0,"max_hp_loss":0,"event_name":"Falling","floor":46,"gold_loss":0},{"damage_healed":0,"gold_gain":222,"player_choice":"Wore Mask","damage_taken":0,"max_hp_gain":0,"max_hp_loss":0,"event_name":"Tomb of Lord Red Mask","floor":47,"gold_loss":0}],"is_beta":false,"boss_relics":[{"not_picked":["Fusion Hammer","Runic Dome"],"picked":"Cursed Key"},{"not_picked":["HoveringKite","Calling Bell"],"picked":"Black Star"}],"items_purged_floors":[53],"is_endless":false,"potions_floor_spawned":[1,13,14,20,23,25,28,35,42],"killed_by":"The Heart","ascension_level":0}