{"gold_per_floor":[118,118,118,133,83,119,119,157,205,229,229,249,264,279,279,403,403,428,463,298,298,267,267],"floor_reached":23,"playtime":1624,"items_purged":[],"score":216,"play_id":"df88cbd9-56af-4ad6-93c6-179a31cfabef","local_time":"20190202205257","is_ascension_mode":false,"campfire_choices":[{"data":"Setup","floor":7.0,"key":"SMITH"},{"floor":11.0,"key":"REST"},{"data":"Sucker Punch","floor":15,"key":"SMITH"}],"neow_cost":"NONE","seed_source_timestamp":0,"circlet_count":0,"master_deck":["Defend_G","Defend_G","Defend_G","Defend_G","Defend_G","Strike_G","Strike_G","Strike_G","Strike_G","Survivor","Neutralize","Catalyst","Setup+1","Cloak And Dagger","Dagger Throw","After Image","Escape Plan","Sucker Punch+1","Poisoned Stab","Dagger Spray","Phantasmal Killer","Escape Plan","Leg Sweep+1","Infinite Blades","Dramatic Entrance","Ghostly","Ghostly","Ghostly","Ghostly","Ghostly"],"special_seed":0,"relics":["Ring of the Snake","Golden Idol","Singing Bowl","Odd Mushroom","Omamori","WristBlade","Red Mask"],"potions_floor_usage":[13,19,19],"damage_taken":[{"damage":0.0,"enemies":"2 Louse","floor":1.0,"turns":3.0},{"damage":2.0,"enemies":"Small Slimes","floor":4.0,"turns":5.0},{"damage":30.0,"enemies":"Lagavulin","floor":6.0,"turns":10.0},{"damage":12.0,"enemies":"The Mushroom Lair","floor":8.0,"turns":6.0},{"damage":0.0,"enemies":"Jaw Worm","floor":10.0,"turns":5.0},{"damage":0.0,"enemies":"2 Fungi Beasts","floor":12.0,"turns":5.0},{"damage":0,"enemies":"Gremlin Gang","floor":13,"turns":4},{"damage":0,"enemies":"Blue Slaver","floor":14,"turns":5},{"damage":24,"enemies":"The Guardian","floor":16,"turns":16},{"damage":3,"enemies":"Chosen","floor":18,"turns":5},{"damage":0,"enemies":"Masked Bandits","floor":19,"turns":1},{"damage":0,"enemies":"2 Thieves","floor":22,"turns":5},{"damage":45,"enemies":"Gremlin Leader","floor":23,"turns":10}],"seed_played":"6484066052001647764","potions_obtained":[{"floor":1.0,"key":"PowerPotion"},{"floor":4.0,"key":"Weak Potion"},{"floor":8.0,"key":"Explosive Potion"},{"floor":12.0,"key":"GamblersBrew"},{"floor":13,"key":"Explosive Potion"},{"floor":18,"key":"AttackPotion"}],"is_trial":false,"path_per_floor":["M","?","?","M","?","E","R","?","T","M","R","M","M","M","R","B",null,"M","?","$","?","M","E"],"character_chosen":"THE_SILENT","items_purchased":["Infinite Blades","Dramatic Entrance"],"campfire_rested":1,"item_purchase_floors":[20,20],"current_hp_per_floor":[70,53,53,51,51,21,21,9,9,9,30,30,30,30,30,6,70,67,67,67,35,37,0],"gold":267,"neow_bonus":"ONE_RANDOM_RARE_CARD","is_prod":false,"is_daily":false,"chose_seed":false,"campfire_upgraded":2,"win_rate":0,"timestamp":1549158777,"path_taken":["M","?","?","M","?","E","R","?","T","M","R","M","M","M","R","BOSS","M","?","$","?","M","E"],"build_version":"2019-01-23","purchased_purges":0,"victory":false,"max_hp_per_floor":[70,70,70,70,70,70,70,70,70,70,70,70,70,70,70,70,70,70,70,70,35,37,37],"card_choices":[{"not_picked":["Deadly Poison","Riddle With Holes"],"picked":"Catalyst","floor":1.0},{"not_picked":["Outmaneuver","Accuracy"],"picked":"Cloak And Dagger","floor":4.0},{"not_picked":["Blade Dance","Setup"],"picked":"Dagger Throw","floor":6.0},{"not_picked":["Dagger Throw","Blade Dance"],"picked":"After Image","floor":8.0},{"not_picked":["Underhanded Strike","Riddle With Holes"],"picked":"Escape Plan","floor":10.0},{"not_picked":["Concentrate","Quick Slash"],"picked":"Sucker Punch","floor":12.0},{"not_picked":["Deflect","Quick Slash"],"picked":"Poisoned Stab","floor":13},{"not_picked":["Bane","Caltrops"],"picked":"Dagger Spray","floor":14},{"not_picked":["Die Die Die","Burst"],"picked":"Phantasmal Killer","floor":16},{"not_picked":["Outmaneuver","Acrobatics"],"picked":"Escape Plan","floor":18},{"not_picked":["Dagger Spray","Deflect"],"picked":"Leg Sweep+1","floor":19},{"not_picked":["Flechettes","Sucker Punch","Caltrops"],"picked":"Singing Bowl","floor":22}],"player_experience":650562,"relics_obtained":[{"floor":6.0,"key":"Singing Bowl"},{"floor":8.0,"key":"Odd Mushroom"},{"floor":9.0,"key":"Omamori"},{"floor":19,"key":"Red Mask"}],"event_choices":[{"damage_healed":0.0,"max_hp_gain":0.0,"max_hp_loss":0.0,"gold_gain":0.0,"event_name":"Golden Idol","player_choice":"Take Damage","floor":2.0,"gold_loss":0.0,"damage_taken":17.0,"relics_obtained":["Golden Idol"]},{"damage_healed":0.0,"max_hp_gain":0.0,"max_hp_loss":0.0,"gold_gain":0.0,"cards_transformed":["Grand Finale"],"event_name":"Living Wall","player_choice":"Change","floor":3.0,"gold_loss":0.0,"damage_taken":0.0,"cards_obtained":["Setup"]},{"cards_removed":["Strike_G"],"damage_healed":0.0,"max_hp_gain":0.0,"max_hp_loss":0.0,"gold_gain":0.0,"event_name":"The Cleric","player_choice":"Card Removal","floor":5.0,"gold_loss":50.0,"damage_taken":0.0},{"damage_healed":0.0,"max_hp_gain":0.0,"max_hp_loss":0.0,"gold_gain":0.0,"event_name":"Mushrooms","player_choice":"Fought Mushrooms","floor":8.0,"gold_loss":0.0,"damage_taken":0.0},{"damage_healed":0,"gold_gain":0,"player_choice":"Fought Bandits","damage_taken":0,"max_hp_gain":0,"max_hp_loss":0,"event_name":"Masked Bandits","floor":19,"gold_loss":0},{"damage_healed":0,"gold_gain":0,"player_choice":"Became a Ghost","damage_taken":0,"max_hp_gain":0,"max_hp_loss":35,"event_name":"Ghosts","floor":21,"gold_loss":0,"cards_obtained":["Ghostly","Ghostly","Ghostly","Ghostly","Ghostly"]}],"is_beta":false,"boss_relics":[{"not_picked":["HoveringKite","Orrery"],"picked":"WristBlade"}],"items_purged_floors":[],"is_endless":false,"potions_floor_spawned":[1,4,8,12,13,18],"killed_by":"Gremlin Leader","ascension_level":0}