{"gold_per_floor":[209,221,236,236,252,252,296,296,321,53,53],"floor_reached":11,"playtime":393,"items_purged":["Strike_B"],"score":128,"play_id":"d4679524-f205-4244-b895-5c541bda30e8","local_time":"20190601213421","is_ascension_mode":true,"campfire_choices":[{"data":"Zap","floor":6,"key":"SMITH"},{"floor":8,"key":"REST"}],"neow_cost":"NONE","seed_source_timestamp":84172658418164,"circlet_count":0,"master_deck":["AscendersBane","Strike_B","Strike_B","Strike_B","Defend_B","Defend_B","Defend_B","Defend_B","Zap+1","Dualcast","Go for the Eyes","Loop","Steam","Coolheaded","Self Repair"],"relics":["Cracked Core","Golden Idol","Omamori","Art of War","OrangePellets"],"potions_floor_usage":[11],"damage_taken":[{"damage":1,"enemies":"2 Louse","floor":1,"turns":3},{"damage":0,"enemies":"Small Slimes","floor":2,"turns":2},{"damage":6,"enemies":"Cultist","floor":3,"turns":3},{"damage":13,"enemies":"3 Louse","floor":5,"turns":3},{"damage":41,"enemies":"3 Sentries","floor":7,"turns":8},{"damage":32,"enemies":"The Mushroom Lair","floor":11,"turns":3}],"seed_played":"2726192874956571610","potions_obtained":[{"floor":1,"key":"Block Potion"},{"floor":3,"key":"Swift Potion"}],"is_trial":false,"path_per_floor":["M","M","M","?","M","R","E","R","T","$","?"],"character_chosen":"DEFECT","items_purchased":["OrangePellets"],"campfire_rested":1,"item_purchase_floors":[10],"current_hp_per_floor":[63,63,57,57,44,44,3,22,22,22,0],"gold":53,"neow_bonus":"HUNDRED_GOLD","is_prod":false,"is_daily":false,"chose_seed":false,"campfire_upgraded":1,"win_rate":0,"timestamp":1559417661,"path_taken":["M","M","M","?","M","R","E","R","T","$","?"],"build_version":"2019-01-23","purchased_purges":1,"victory":false,"max_hp_per_floor":[71,71,71,64,64,64,64,64,64,64,64],"card_choices":[{"not_picked":["Steam Power","Scrape"],"picked":"Go for the Eyes","floor":1},{"not_picked":["Leap","Aggregate"],"picked":"Loop","floor":2},{"not_picked":["Recycle","Streamline"],"picked":"Steam","floor":3},{"not_picked":["Beam Cell","Amplify"],"picked":"Coolheaded","floor":5},{"not_picked":["Sweeping Beam","Beam Cell"],"picked":"Self Repair","floor":7}],"player_experience":413981,"relics_obtained":[{"floor":7,"key":"Omamori"},{"floor":9,"key":"Art of War"}],"event_choices":[{"damage_healed":0,"gold_gain":0,"player_choice":"Lose Max HP","damage_taken":0,"relics_obtained":["Golden Idol"],"max_hp_gain":0,"max_hp_loss":7,"event_name":"Golden Idol","floor":4,"gold_loss":0},{"damage_healed":0,"gold_gain":0,"player_choice":"Fought Mushrooms","damage_taken":0,"max_hp_gain":0,"max_hp_loss":0,"event_name":"Mushrooms","floor":11,"gold_loss":0}],"is_beta":false,"boss_relics":[],"items_purged_floors":[10],"is_endless":false,"potions_floor_spawned":[1,3],"killed_by":"The Mushroom Lair","ascension_level":15}