{"gold_per_floor":[116,116,41,41,13,13,40,40,63,63,74,104,379,88,88,166,166,185,201,101,115,127,127,153,153,203,235,235,250,261,261],"floor_reached":31,"playtime":2021,"items_purged":["Regret","Defend_B"],"score":534,"play_id":"9d47f63f-ff6e-4942-9ab6-fca41cf4f764","local_time":"20190704170522","is_ascension_mode":true,"campfire_choices":[{"data":"Defragment","floor":6,"key":"SMITH"},{"data":"Zap","floor":8,"key":"SMITH"},{"floor":10,"key":"REST"},{"data":"Coolheaded","floor":15,"key":"SMITH"},{"floor":23,"key":"REST"},{"floor":25,"key":"REST"}],"neow_cost":"NONE","seed_source_timestamp":354626343336895,"circlet_count":0,"master_deck":["AscendersBane","Strike_B","Strike_B","Strike_B","Defend_B","Defend_B","Defend_B","Zap+1","Dualcast","Sweeping Beam","Defragment+1","Leap","Reprogram","Leap","Coolheaded+1","Coolheaded","Electrodynamics","Doom and Gloom","Cold Snap","Melter","Decay"],"relics":["Cracked Core","Singing Bowl","Orichalcum","Blood Vial","Oddly Smooth Stone","Sozu","Bag of Marbles","Ancient Tea Set","Bottled Lightning"],"potions_floor_usage":[],"damage_taken":[{"damage":0,"enemies":"2 Louse","floor":1,"turns":3},{"damage":36,"enemies":"3 Sentries","floor":7,"turns":8},{"damage":0,"enemies":"Cultist","floor":11,"turns":3},{"damage":6,"enemies":"Lagavulin","floor":12,"turns":7},{"damage":22,"enemies":"The Guardian","floor":16,"turns":17},{"damage":0,"enemies":"Spheric Guardian","floor":18,"turns":7},{"damage":5,"enemies":"Chosen","floor":19,"turns":7},{"damage":11,"enemies":"Centurion and Healer","floor":21,"turns":8},{"damage":23,"enemies":"Shelled Parasite and Fungi","floor":22,"turns":7},{"damage":17,"enemies":"Gremlin Leader","floor":24,"turns":6},{"damage":34,"enemies":"Slavers","floor":27,"turns":4},{"damage":0,"enemies":"Sentry and Sphere","floor":29,"turns":2},{"damage":10,"enemies":"3 Cultists","floor":30,"turns":5},{"damage":35,"enemies":"Book of Stabbing","floor":31,"turns":5}],"seed_played":"-5157419344337176017","potions_obtained":[{"floor":1,"key":"Strength Potion"},{"floor":7,"key":"PowerPotion"}],"is_trial":false,"path_per_floor":["M","?","$","?","$","R","E","R","T","R","M","E","?","$","R","B",null,"M","M","$","M","M","R","E","R","T","E","?","M","M","E"],"character_chosen":"DEFECT","items_purchased":["Defragment","Leap","Oddly Smooth Stone","Coolheaded"],"campfire_rested":3,"item_purchase_floors":[3,5,14,14],"current_hp_per_floor":[64,64,64,64,64,64,28,28,28,49,49,43,43,43,43,23,59,63,60,60,53,32,54,39,61,61,31,31,35,29,0],"gold":261,"neow_bonus":"TRANSFORM_CARD","is_prod":false,"is_daily":false,"chose_seed":false,"campfire_upgraded":3,"win_rate":0,"timestamp":1562274322,"path_taken":["M","?","?","?","$","R","E","R","T","R","M","E","?","$","R","BOSS","M","M","$","?","?","R","E","R","T","E","?","M","M","E"],"build_version":"2019-07-01","purchased_purges":2,"victory":false,"max_hp_per_floor":[71,71,71,71,71,71,71,71,71,71,71,71,71,71,71,71,71,73,73,73,75,75,75,75,75,75,77,77,79,81,81],"card_choices":[{"not_picked":["Darkness","Cold Snap"],"picked":"Sweeping Beam","floor":1},{"not_picked":["Redo","Turbo"],"picked":"Reprogram","floor":7},{"not_picked":["Lockon","Turbo"],"picked":"Leap","floor":11},{"not_picked":["Force Field","Skim"],"picked":"Coolheaded","floor":12},{"not_picked":["Hyperbeam","Biased Cognition"],"picked":"Electrodynamics","floor":16},{"not_picked":["Coolheaded","Hologram","Go for the Eyes"],"picked":"Singing Bowl","floor":18},{"not_picked":["Redo","Auto Shields"],"picked":"Doom and Gloom","floor":19},{"not_picked":["Coolheaded","Darkness+1","Barrage+1"],"picked":"Singing Bowl","floor":21},{"not_picked":["Streamline","Turbo"],"picked":"Cold Snap","floor":22},{"not_picked":["Thunder Strike","Lockon"],"picked":"Melter","floor":24},{"not_picked":["Go for the Eyes","Blizzard","Fusion"],"picked":"Singing Bowl","floor":27},{"not_picked":["Rebound","Chaos","Hologram"],"picked":"Singing Bowl","floor":29},{"not_picked":["Streamline","Chaos","Heatsinks+1"],"picked":"Singing Bowl","floor":30}],"player_experience":1100811,"relics_obtained":[{"floor":7,"key":"Singing Bowl"},{"floor":9,"key":"Orichalcum"},{"floor":12,"key":"Blood Vial"},{"floor":24,"key":"Bag of Marbles"},{"floor":26,"key":"Ancient Tea Set"},{"floor":27,"key":"Bottled Lightning"}],"event_choices":[{"cards_removed":["Meteor Strike"],"damage_healed":0,"gold_gain":0,"player_choice":"Purged","damage_taken":0,"max_hp_gain":0,"max_hp_loss":0,"event_name":"Purifier","floor":2,"gold_loss":0},{"damage_healed":0,"gold_gain":0,"player_choice":"Leave","damage_taken":0,"max_hp_gain":0,"max_hp_loss":0,"event_name":"The Cleric","floor":4,"gold_loss":0},{"damage_healed":0,"gold_gain":275,"player_choice":"Desecrate","damage_taken":0,"max_hp_gain":0,"max_hp_loss":0,"event_name":"Golden Shrine","floor":13,"gold_loss":0,"cards_obtained":["Regret"]},{"damage_healed":0,"gold_gain":0,"player_choice":"Smashed Altar","damage_taken":0,"max_hp_gain":0,"max_hp_loss":0,"event_name":"Forgotten Altar","floor":28,"gold_loss":0,"cards_obtained":["Decay"]}],"is_beta":false,"boss_relics":[{"not_picked":["Cursed Key","Snecko Eye"],"picked":"Sozu"}],"items_purged_floors":[14,20],"is_endless":false,"potions_floor_spawned":[1,7,12,16,18,29],"killed_by":"Book of Stabbing","ascension_level":18}