{"gold_per_floor":[113,38,38,38,38,38,67,77,77,106,106,123,157,171,171,242,242,227,240,240,240],"floor_reached":21,"playtime":630,"items_purged":["Strike_R"],"score":388,"play_id":"deb5b4e9-3589-4393-aa7c-41335613cd50","local_time":"20190916194257","is_ascension_mode":true,"campfire_choices":[{"data":"Bash","floor":6,"key":"SMITH"},{"data":"Sword Boomerang","floor":11,"key":"SMITH"},{"data":"True Grit","floor":15,"key":"SMITH"}],"neow_cost":"NONE","seed_source_timestamp":330602580010500,"circlet_count":0,"master_deck":["AscendersBane","Strike_R","Strike_R","Strike_R","Strike_R","Defend_R","Defend_R","Defend_R","Defend_R","Bash+1","Headbutt","Sword Boomerang+1","True Grit+1","Limit Break","Warcry+1","Burning Pact","Writhe"],"relics":["Burning Blood","NeowsBlessing","Shuriken","Centennial Puzzle","Spirit Poop","PreservedInsect","Sundial","Potion Belt","Shovel","Fusion Hammer","Dream Catcher"],"potions_floor_usage":[21,21],"damage_taken":[{"damage":0,"enemies":"Jaw Worm","floor":1,"turns":1},{"damage":0,"enemies":"Lagavulin","floor":7,"turns":1},{"damage":0,"enemies":"2 Louse","floor":8,"turns":1},{"damage":32,"enemies":"Gremlin Nob","floor":10,"turns":4},{"damage":1,"enemies":"Cultist","floor":12,"turns":3},{"damage":20,"enemies":"Lagavulin","floor":13,"turns":7},{"damage":6,"enemies":"Looter","floor":14,"turns":3},{"damage":33,"enemies":"The Guardian","floor":16,"turns":15},{"damage":20,"enemies":"2 Thieves","floor":18,"turns":4},{"damage":12,"enemies":"Chosen","floor":19,"turns":3},{"damage":42,"enemies":"Masked Bandits","floor":21,"turns":3}],"seed_played":"-6548586055470163411","potions_obtained":[{"floor":7,"key":"FearPotion"},{"floor":12,"key":"GamblersBrew"},{"floor":16,"key":"GamblersBrew"},{"floor":19,"key":"SkillPotion"}],"is_trial":false,"path_per_floor":["M","$","?","?","?","R","E","M","T","E","R","M","E","M","R","B",null,"M","M","?","?"],"character_chosen":"IRONCLAD","items_purchased":[],"campfire_rested":0,"item_purchase_floors":[],"current_hp_per_floor":[74,74,63,63,63,63,69,75,75,49,49,54,40,40,40,13,60,46,40,40,0],"gold":240,"neow_bonus":"THREE_ENEMY_KILL","is_prod":false,"is_daily":false,"chose_seed":false,"campfire_upgraded":3,"win_rate":0,"timestamp":1568655777,"path_taken":["M","$","?","?","?","R","E","M","T","E","R","M","E","M","R","BOSS","M","M","?","?"],"build_version":"2019-09-12","purchased_purges":1,"victory":false,"max_hp_per_floor":[75,75,75,75,75,75,75,75,75,75,75,75,75,75,75,75,75,75,75,75,75],"card_choices":[{"not_picked":["Clash","Pommel Strike"],"picked":"Headbutt","floor":1},{"not_picked":["Clash","Second Wind","Power Through"],"picked":"SKIP","floor":7},{"not_picked":["Sentinel","Second Wind"],"picked":"Sword Boomerang","floor":8},{"not_picked":["Thunderclap","Cleave","Heavy Blade"],"picked":"SKIP","floor":10},{"not_picked":["Second Wind","Clothesline","Clash"],"picked":"SKIP","floor":12},{"not_picked":["Wild Strike","Bludgeon"],"picked":"True Grit","floor":13},{"not_picked":["Havoc","Thunderclap","Heavy Blade"],"picked":"SKIP","floor":14},{"not_picked":["Offering","Juggernaut"],"picked":"Limit Break","floor":16},{"not_picked":["Clash","Rage"],"picked":"Warcry+1","floor":18},{"not_picked":["Infernal Blade+1","Thunderclap"],"picked":"Burning Pact","floor":19}],"player_experience":844562,"relics_obtained":[{"floor":7,"key":"PreservedInsect"},{"floor":9,"key":"Sundial"},{"floor":10,"key":"Potion Belt"},{"floor":13,"key":"Shovel"}],"event_choices":[{"damage_healed":0,"gold_gain":0,"player_choice":"Success","damage_taken":11,"relics_obtained":["Shuriken"],"max_hp_gain":0,"max_hp_loss":0,"event_name":"Scrap Ooze","floor":3,"gold_loss":0},{"damage_healed":0,"gold_gain":0,"player_choice":"Box","damage_taken":0,"relics_obtained":["Centennial Puzzle"],"max_hp_gain":0,"max_hp_loss":0,"event_name":"Big Fish","floor":4,"gold_loss":0,"cards_obtained":["Regret"]},{"cards_removed":["Regret"],"damage_healed":0,"gold_gain":0,"player_choice":"Offered Curse","damage_taken":0,"relics_obtained":["Spirit Poop"],"max_hp_gain":0,"max_hp_loss":0,"event_name":"Bonfire Elementals","floor":5,"gold_loss":0},{"damage_healed":0,"gold_gain":0,"player_choice":"Opened","damage_taken":0,"relics_obtained":["Dream Catcher"],"max_hp_gain":0,"max_hp_loss":0,"event_name":"The Mausoleum","floor":20,"gold_loss":0,"cards_obtained":["Writhe"]},{"damage_healed":0,"gold_gain":0,"player_choice":"Fought Bandits","damage_taken":0,"max_hp_gain":0,"max_hp_loss":0,"event_name":"Masked Bandits","floor":21,"gold_loss":0}],"is_beta":true,"boss_relics":[{"not_picked":["Runic Dome","Astrolabe"],"picked":"Fusion Hammer"}],"items_purged_floors":[2],"is_endless":false,"potions_floor_spawned":[7,12,16,19],"killed_by":"Masked Bandits","ascension_level":15}