{"gold_per_floor":[18,18,18,29,29,29,41,41,41,68,79,91,91,102,102,204,204,223,234,309,309,234,234,2,2,2,30,41,41,68,84,84,181,181,192,202,202,213,228,228,228,228,283,295,295,310,81,94,94,94],"floor_reached":51,"playtime":2985,"items_purged":["Strike_R","Thunderclap+1"],"score":789,"play_id":"ac784461-d169-4e0d-92f5-d4214ad1c9e4","local_time":"20181015214433","is_ascension_mode":false,"campfire_choices":[{"data":"Carnage","floor":6.0,"key":"SMITH"},{"data":"Bash","floor":8.0,"key":"SMITH"},{"data":"Uppercut","floor":13.0,"key":"SMITH"},{"data":"Rupture","floor":15.0,"key":"SMITH"},{"data":"Offering","floor":23.0,"key":"SMITH"},{"data":"Defend_R","floor":25.0,"key":"SMITH"},{"floor":29,"key":"REST"},{"data":"Double Tap","floor":32,"key":"SMITH"},{"data":"Rampage","floor":40,"key":"SMITH"},{"data":"Brutality","floor":42,"key":"SMITH"},{"data":"Thunderclap","floor":45,"key":"SMITH"},{"data":"Dual Wield","floor":49,"key":"SMITH"}],"neow_cost":"NO_GOLD","seed_source_timestamp":1024094002373256,"circlet_count":0,"master_deck":["Defend_R+1","Defend_R+1","Defend_R+1","Bash+1","Double Tap+1","Carnage+1","Uppercut+1","Rupture+1","Offering+1","Pummel+1","Rampage+1","Brutality+1","Metallicize+1","Inflame+1","Sword Boomerang+1","Dual Wield+1"],"special_seed":0,"relics":["Burning Blood","Happy Flower","Bronze Scales","Eternal Feather","Paper Frog","War Paint","Ancient Tea Set","Bird Faced Urn","Dream Catcher","Runic Pyramid","Calipers","Boot"],"potions_floor_usage":[31,39,50,50,50,50],"damage_taken":[{"damage":1.0,"enemies":"Cultist","floor":1.0,"turns":3.0},{"damage":7.0,"enemies":"Small Slimes","floor":4.0,"turns":3.0},{"damage":6.0,"enemies":"Jaw Worm","floor":7.0,"turns":2.0},{"damage":0.0,"enemies":"Gremlin Nob","floor":10.0,"turns":2.0},{"damage":20.0,"enemies":"Gremlin Gang","floor":11.0,"turns":3.0},{"damage":0.0,"enemies":"Blue Slaver","floor":12.0,"turns":1.0},{"damage":11.0,"enemies":"Lots of Slimes","floor":14.0,"turns":3.0},{"damage":23.0,"enemies":"The Guardian","floor":16.0,"turns":5.0},{"damage":6.0,"enemies":"Chosen","floor":18.0,"turns":1.0},{"damage":24.0,"enemies":"Shell Parasite","floor":19.0,"turns":3.0},{"damage":18,"enemies":"Slavers","floor":27,"turns":3},{"damage":18,"enemies":"Centurion and Healer","floor":28,"turns":3},{"damage":20,"enemies":"Gremlin Leader","floor":30,"turns":3},{"damage":6,"enemies":"Snecko","floor":31,"turns":2},{"damage":33,"enemies":"Collector","floor":33,"turns":3},{"damage":18,"enemies":"3 Darklings","floor":35,"turns":3},{"damage":10,"enemies":"Orb Walker","floor":36,"turns":2},{"damage":21,"enemies":"Sphere and 2 Shapes","floor":38,"turns":5},{"damage":23,"enemies":"4 Shapes","floor":39,"turns":4},{"damage":3,"enemies":"Mind Bloom Boss Battle","floor":41,"turns":6},{"damage":22,"enemies":"Maw","floor":44,"turns":5},{"damage":22,"enemies":"Spire Growth","floor":46,"turns":3},{"damage":10,"enemies":"Transient","floor":48,"turns":5},{"damage":29,"enemies":"Time Eater","floor":50,"turns":3}],"seed_played":"-1943419791699897040","potions_obtained":[{"floor":1.0,"key":"SmokeBomb"},{"floor":11.0,"key":"Swift Potion"},{"floor":12.0,"key":"PowerPotion"},{"floor":16.0,"key":"BloodPotion"},{"floor":18.0,"key":"SkillPotion"},{"floor":33,"key":"EntropicBrew"},{"floor":44,"key":"LiquidBronze"}],"is_trial":false,"path_per_floor":["M","?","$","M","?","R","M","R","T","E","M","M","R","M","R","B",null,"M","M","?","T","?","R","$","R","T","E","M","R","E","M","R","B",null,"M","M","?","M","M","R","?","R","T","M","R","M","$","M","R","B"],"character_chosen":"IRONCLAD","items_purchased":["War Paint","Dual Wield","Weak Potion"],"campfire_rested":1,"item_purchase_floors":[24,47,47],"current_hp_per_floor":[80,80,80,79,79,79,79,79,79,80,66,72,72,67,67,50,80,80,62,54,54,54,60,60,66,66,54,44,74,62,72,78,53,80,70,68,68,59,50,59,70,79,79,67,76,67,67,73,80,67],"gold":94,"neow_bonus":"REMOVE_TWO","is_prod":false,"is_daily":false,"chose_seed":false,"campfire_upgraded":11,"win_rate":0,"timestamp":1539654273,"path_taken":["M","?","$","?","?","R","M","R","T","E","?","M","R","M","R","BOSS","M","M","?","?","?","R","$","R","T","E","M","R","E","M","R","BOSS","M","M","?","M","?","R","?","R","T","M","R","M","$","M","R","BOSS"],"build_version":"2018-10-11","purchased_purges":2,"victory":true,"max_hp_per_floor":[80,80,80,80,80,80,80,80,80,80,80,80,80,80,80,80,80,80,80,80,80,80,80,80,80,80,80,80,80,80,80,80,80,80,80,80,80,80,80,80,80,80,80,80,80,80,80,80,80,80],"card_choices":[{"not_picked":["Feel No Pain","Wild Strike"],"picked":"Headbutt","floor":1.0},{"not_picked":["Anger","Warcry"],"picked":"Carnage","floor":4.0},{"not_picked":["Fiend Fire","Havoc","Clash"],"picked":"SKIP","floor":7.0},{"not_picked":["Burning Pact","Hemokinesis"],"picked":"Uppercut","floor":10.0},{"not_picked":["Perfected Strike","Searing Blow","Reckless Charge"],"picked":"SKIP","floor":11.0},{"not_picked":["Clash","Wild Strike"],"picked":"Thunderclap","floor":12.0},{"not_picked":["Havoc","Wild Strike"],"picked":"Rupture","floor":14.0},{"not_picked":["Juggernaut","Fiend Fire"],"picked":"Offering","floor":16.0},{"not_picked":["Clothesline","Pommel Strike","Body Slam"],"picked":"SKIP","floor":18.0},{"not_picked":["Searing Blow","Evolve","Flex"],"picked":"SKIP","floor":19.0},{"not_picked":["Anger","Armaments"],"picked":"Pummel+1","floor":27},{"not_picked":["Wild Strike+1","Body Slam","Twin Strike"],"picked":"SKIP","floor":28},{"not_picked":["Seeing Red","Entrench"],"picked":"Rampage","floor":30},{"not_picked":["Flex","Inflame","Blood for Blood"],"picked":"SKIP","floor":31},{"not_picked":["Demon Form","Feed"],"picked":"Brutality","floor":33},{"not_picked":["Reckless Charge","Shockwave+1","Carnage+1"],"picked":"SKIP","floor":35},{"not_picked":["Cleave+1","Ghostly Armor"],"picked":"Metallicize+1","floor":36},{"not_picked":["Clothesline+1","Anger"],"picked":"Inflame+1","floor":38},{"not_picked":["Evolve","Clash","Battle Trance+1"],"picked":"SKIP","floor":39},{"not_picked":["Havoc+1","Intimidate+1"],"picked":"Sword Boomerang+1","floor":44},{"not_picked":["Second Wind+1","Havoc","Body Slam+1"],"picked":"SKIP","floor":46},{"not_picked":["Hemokinesis","Evolve","Cleave+1"],"picked":"SKIP","floor":48}],"player_experience":513568,"relics_obtained":[{"floor":9.0,"key":"Happy Flower"},{"floor":10.0,"key":"Bronze Scales"},{"floor":21.0,"key":"Paper Frog"},{"floor":26.0,"key":"Ancient Tea Set"},{"floor":27,"key":"Bird Faced Urn"},{"floor":30,"key":"Dream Catcher"},{"floor":41,"key":"Calipers"},{"floor":43,"key":"Boot"}],"event_choices":[{"event_name":"Transmorgrifier","player_choice":"Transform","floor":2.0,"damage_taken":0.0},{"event_name":"Purifier","player_choice":"One Purge","floor":5.0,"damage_taken":0.0},{"event_name":"FaceTrader","player_choice":"Touch","floor":20.0,"damage_taken":0.0},{"event_name":"Beggar","player_choice":"Gave Gold","floor":22.0,"damage_taken":0.0},{"event_name":"Falling","player_choice":"Removed Attack","floor":37,"damage_taken":0},{"event_name":"MindBloom","player_choice":"Fight","floor":41,"damage_taken":0}],"is_beta":false,"boss_relics":[{"not_picked":["Runic Cube","Tiny House"],"picked":"Eternal Feather"},{"not_picked":["Astrolabe","Calling Bell"],"picked":"Runic Pyramid"}],"items_purged_floors":[24,47],"is_endless":false,"potions_floor_spawned":[1,11,12,16,18,27,28,33,36,38,44],"ascension_level":0}