{"gold_per_floor":[109,89,100,110,126,126,154,229,229,256,256,356,356,366,366,470,470,490,508,522,522,203,203,238,238,238,257,172,172,192,192,192,288,288,300,300,21,0,0,34,34,363,363,363,220,233,246,246,246,246,246,246,146,177,177],"floor_reached":56,"playtime":3709,"items_purged":["Power Through+1","Strike_R+1"],"score":1256,"play_id":"0826f8d4-a398-4a8b-a0c8-4195b1f579cc","local_time":"20190420233208","is_ascension_mode":false,"campfire_choices":[{"data":"Berserk","floor":6.0,"key":"SMITH"},{"data":"Bash","floor":13.0,"key":"SMITH"},{"data":"Carnage","floor":15.0,"key":"SMITH"},{"data":"Uppercut","floor":23,"key":"SMITH"},{"data":"Double Tap","floor":25,"key":"SMITH"},{"data":"Rage","floor":29,"key":"SMITH"},{"data":"Power Through","floor":32,"key":"SMITH"},{"data":"Barricade","floor":41,"key":"SMITH"},{"data":"Impervious","floor":44,"key":"SMITH"},{"floor":49,"key":"RECALL"},{"data":"Sword Boomerang","floor":52,"key":"SMITH"}],"neow_cost":"NONE","seed_source_timestamp":1313509097283450,"circlet_count":0,"master_deck":["Strike_R+1","Strike_R+1","Strike_R+1","Strike_R+1","Defend_R+1","Defend_R+1","Defend_R+1","Defend_R+1","Bash+1","Berserk+1","Intimidate","Battle Trance","Infernal Blade","Disarm","Rage+1","Carnage+1","Double Tap+1","Cleave","Shrug It Off","Spot Weakness+1","Uppercut+1","Shockwave+1","Metallicize+1","Shrug It Off+1","Headbutt","Barricade+1","Sword Boomerang+1","Impervious+1","Madness","Madness","Disarm+1","Metallicize","Ghostly Armor+1","Seeing Red+1"],"special_seed":0,"relics":["Burning Blood","Regal Pillow","Gremlin Horn","Bottled Lightning","Sozu","Bottled Flame","Gambling Chip","Anchor","Runic Pyramid","ClockworkSouvenir","Red Mask","StoneCalendar","Old Coin","Darkstone Periapt","Art of War"],"potions_floor_usage":[55,55],"damage_taken":[{"damage":3.0,"enemies":"Small Slimes","floor":1.0,"turns":5.0},{"damage":9.0,"enemies":"Cultist","floor":3.0,"turns":4.0},{"damage":1.0,"enemies":"Jaw Worm","floor":4.0,"turns":3.0},{"damage":25.0,"enemies":"Gremlin Gang","floor":5.0,"turns":5.0},{"damage":7.0,"enemies":"3 Sentries","floor":7.0,"turns":4.0},{"damage":26.0,"enemies":"Lagavulin","floor":10.0,"turns":8.0},{"damage":0.0,"enemies":"Looter","floor":14.0,"turns":2.0},{"damage":13,"enemies":"Hexaghost","floor":16,"turns":10},{"damage":22,"enemies":"2 Thieves","floor":18,"turns":3},{"damage":11,"enemies":"Shell Parasite","floor":19,"turns":6},{"damage":19,"enemies":"Snake Plant","floor":20,"turns":5},{"damage":0,"enemies":"Slavers","floor":24,"turns":5},{"damage":9,"enemies":"Shelled Parasite and Fungi","floor":27,"turns":5},{"damage":0,"enemies":"Cultist and Chosen","floor":30,"turns":4},{"damage":28,"enemies":"Automaton","floor":33,"turns":7},{"damage":4,"enemies":"3 Darklings","floor":35,"turns":4},{"damage":0,"enemies":"Nemesis","floor":40,"turns":7},{"damage":0,"enemies":"Giant Head","floor":42,"turns":8},{"damage":6,"enemies":"3 Shapes","floor":46,"turns":6},{"damage":0,"enemies":"Writhing Mass","floor":47,"turns":7},{"damage":18,"enemies":"Time Eater","floor":50,"turns":14},{"damage":10,"enemies":"Shield and Spear","floor":54,"turns":6},{"damage":55,"enemies":"The Heart","floor":55,"turns":11}],"seed_played":"4717605263501387031","potions_obtained":[{"floor":1.0,"key":"AttackPotion"},{"floor":2.0,"key":"FairyPotion"},{"floor":3.0,"key":"AttackPotion"},{"floor":10.0,"key":"EssenceOfSteel"},{"floor":14.0,"key":"SteroidPotion"}],"is_trial":false,"path_per_floor":["M","?","M","M","M","R","E","?","T","E","$","?","R","M","R","B",null,"M","M","M","?","$","R","E","R","T","M","?","R","M","?","R","B",null,"M","?","$","?","?","E","R","E","T","R","$","M","M","?","R","B",null,"R","$","E","B",null],"character_chosen":"IRONCLAD","items_purchased":["Uppercut","Bottled Flame","Impervious","ClockworkSouvenir","Metallicize"],"campfire_rested":0,"item_purchase_floors":[22,22,37,37,45],"current_hp_per_floor":[80,80,77,80,61,61,60,49,49,29,29,29,29,35,35,28,80,64,59,46,46,46,46,52,52,52,49,49,49,55,55,55,33,80,80,80,80,80,70,76,76,80,80,80,80,80,80,80,80,68,80,80,80,76,27],"gold":177,"neow_bonus":"ONE_RANDOM_RARE_CARD","is_prod":false,"is_daily":false,"chose_seed":false,"campfire_upgraded":10,"win_rate":0,"timestamp":1555817528,"path_taken":["M","?","?","?","M","R","E","?","T","E","$","?","R","?","R","BOSS","M","M","M","?","$","R","E","R","T","M","?","R","M","?","R","BOSS","M","?","$","?","?","E","R","E","T","R","$","M","M","?","R","BOSS","R","$","E","BOSS"],"build_version":"2019-01-23","purchased_purges":2,"victory":true,"max_hp_per_floor":[80,80,80,80,80,80,80,80,80,80,80,80,80,80,80,80,80,80,80,80,80,80,80,80,80,80,80,80,80,80,80,80,80,80,80,80,80,80,80,80,80,80,80,80,80,80,80,80,80,80,80,80,80,80,80],"card_choices":[{"not_picked":["Cleave","Second Wind"],"picked":"Intimidate","floor":1.0},{"not_picked":["Havoc","Wild Strike"],"picked":"Battle Trance","floor":3.0},{"not_picked":["Havoc","Body Slam"],"picked":"Power Through","floor":4.0},{"not_picked":["Pummel","Juggernaut"],"picked":"Infernal Blade","floor":5.0},{"not_picked":["Hemokinesis","Inflame"],"picked":"Disarm","floor":7.0},{"not_picked":["Clash","Shrug It Off"],"picked":"Rage","floor":10.0},{"not_picked":["Sword Boomerang","Warcry"],"picked":"Carnage","floor":14.0},{"not_picked":["Limit Break","Brutality"],"picked":"Double Tap","floor":16},{"not_picked":["Flex","Bloodletting"],"picked":"Cleave","floor":18},{"not_picked":["Dropkick","Sword Boomerang+1"],"picked":"Shrug It Off","floor":19},{"not_picked":["Reckless Charge","Infernal Blade"],"picked":"Spot Weakness+1","floor":20},{"not_picked":["Entrench","Clothesline"],"picked":"Shockwave+1","floor":24},{"not_picked":["Perfected Strike","Corruption"],"picked":"Metallicize+1","floor":27},{"not_picked":["Rampage","Disarm"],"picked":"Shrug It Off+1","floor":30},{"not_picked":["Immolate","Feed"],"picked":"Barricade","floor":33},{"not_picked":["Armaments+1","True Grit+1"],"picked":"Sword Boomerang","floor":35},{"not_picked":["Whirlwind","Evolve"],"picked":"Disarm+1","floor":40},{"not_picked":["Clash","Infernal Blade","Rupture"],"picked":"SKIP","floor":42},{"not_picked":["Fire Breathing+1","Thunderclap+1","Perfected Strike"],"picked":"SKIP","floor":46},{"not_picked":["True Grit","Seeing Red"],"picked":"Ghostly Armor+1","floor":47},{"not_picked":["Perfected Strike","Cleave+1"],"picked":"Seeing Red+1","floor":54}],"player_experience":815688,"relics_obtained":[{"floor":7.0,"key":"Regal Pillow"},{"floor":9.0,"key":"Gremlin Horn"},{"floor":10.0,"key":"Bottled Lightning"},{"floor":24,"key":"Gambling Chip"},{"floor":40,"key":"StoneCalendar"},{"floor":42,"key":"Old Coin"},{"floor":43,"key":"Darkstone Periapt"},{"floor":54,"key":"Art of War"}],"event_choices":[{"damage_healed":0.0,"max_hp_gain":0.0,"max_hp_loss":0.0,"gold_gain":0.0,"event_name":"The Woman in Blue","player_choice":"Bought 1 Potion","floor":2.0,"gold_loss":0.0,"damage_taken":0.0},{"damage_healed":0.0,"max_hp_gain":0.0,"max_hp_loss":0.0,"gold_gain":75.0,"event_name":"World of Goop","player_choice":"Gather Gold","floor":8.0,"gold_loss":0.0,"damage_taken":11.0},{"damage_healed":0.0,"max_hp_gain":0.0,"max_hp_loss":0.0,"gold_gain":100.0,"event_name":"Wheel of Change","player_choice":"Gold","floor":12.0,"gold_loss":0.0,"damage_taken":0.0},{"damage_healed":0,"gold_gain":0,"player_choice":"Simplicity","damage_taken":0,"max_hp_gain":0,"max_hp_loss":0,"event_name":"Back to Basics","floor":21,"gold_loss":0,"cards_upgraded":["Strike_R","Strike_R","Strike_R","Strike_R","Strike_R","Defend_R","Defend_R","Defend_R","Defend_R"]},{"damage_healed":0,"gold_gain":0,"player_choice":"Obtained Relic","damage_taken":0,"relics_obtained":["Anchor"],"max_hp_gain":0,"max_hp_loss":0,"event_name":"Addict","floor":28,"gold_loss":85},{"damage_healed":0,"gold_gain":0,"player_choice":"Read","damage_taken":0,"max_hp_gain":0,"max_hp_loss":0,"event_name":"The Library","floor":31,"gold_loss":0,"cards_obtained":["Headbutt"]},{"damage_healed":0,"gold_gain":0,"player_choice":"Memory 1","damage_taken":0,"max_hp_gain":0,"max_hp_loss":0,"event_name":"SensoryStone","floor":36,"gold_loss":0},{"damage_healed":0,"gold_gain":0,"player_choice":"Paid","damage_taken":0,"relics_obtained":["Red Mask"],"max_hp_gain":0,"max_hp_loss":0,"event_name":"Tomb of Lord Red Mask","floor":38,"gold_loss":21},{"damage_healed":0,"gold_gain":0,"player_choice":"Embrace Madness","damage_taken":10,"max_hp_gain":0,"max_hp_loss":0,"event_name":"Winding Halls","floor":39,"gold_loss":0,"cards_obtained":["Madness","Madness"]},{"damage_healed":0,"gold_gain":0,"player_choice":"Ignored","damage_taken":0,"max_hp_gain":0,"max_hp_loss":0,"event_name":"Mysterious Sphere","floor":48,"gold_loss":0}],"is_beta":false,"boss_relics":[{"not_picked":["Snecko Eye","Calling Bell"],"picked":"Sozu"},{"not_picked":["Coffee Dripper","White Beast Statue"],"picked":"Runic Pyramid"}],"items_purged_floors":[45,53],"is_endless":false,"potions_floor_spawned":[1,3,10,14,18,20,27,47],"ascension_level":0}