{"gold_per_floor":[115,65,140,153,167,193,211,211,235,235,254,274,274,289,289,387,387,403,417,417,417,433,433,443,368,393,407,422,422,422,422,422,422],"floor_reached":33,"playtime":2170,"items_purged":["Havoc"],"score":251,"play_id":"92e62578-0210-4cc1-ad79-9801567854f7","local_time":"20190108191001","is_ascension_mode":false,"campfire_choices":[{"data":"Armaments","floor":8.0,"key":"SMITH"},{"data":"Body Slam","floor":10.0,"key":"SMITH"},{"data":"Entrench","floor":13.0,"key":"SMITH"},{"data":"Shockwave","floor":15.0,"key":"SMITH"},{"floor":23,"key":"RECALL"},{"data":"Double Tap","floor":29,"key":"SMITH"},{"data":"RitualDagger","floor":32,"key":"SMITH"}],"neow_cost":"PERCENT_DAMAGE","seed_source_timestamp":870682286107846,"circlet_count":0,"master_deck":["Strike_R+1","Strike_R+1","Defend_R+1","Defend_R+1","Bash","Armaments+1","Impervious","Shockwave+1","Shrug It Off","Cleave","Offering","Body Slam+1","Entrench+1","Thunderclap","Double Tap+1","Reaper","Headbutt","Cleave+1","RitualDagger+1"],"special_seed":0,"relics":["Black Blood","Pen Nib","Bag of Preparation","Nilry\u0027s Codex"],"potions_floor_usage":[33],"damage_taken":[{"damage":3.0,"enemies":"Small Slimes","floor":1.0,"turns":4.0},{"damage":3.0,"enemies":"Jaw Worm","floor":4.0,"turns":4.0},{"damage":1.0,"enemies":"Cultist","floor":5.0,"turns":3.0},{"damage":19.0,"enemies":"Lagavulin","floor":6.0,"turns":8.0},{"damage":6.0,"enemies":"Red Slaver","floor":7.0,"turns":4.0},{"damage":2.0,"enemies":"Exordium Wildlife","floor":11.0,"turns":6.0},{"damage":1.0,"enemies":"2 Fungi Beasts","floor":12.0,"turns":3.0},{"damage":8.0,"enemies":"Large Slime","floor":14.0,"turns":5.0},{"damage":33.0,"enemies":"Hexaghost","floor":16.0,"turns":8.0},{"damage":6.0,"enemies":"2 Thieves","floor":18.0,"turns":1.0},{"damage":6,"enemies":"Spheric Guardian","floor":19,"turns":3},{"damage":11,"enemies":"Shelled Parasite and Fungi","floor":22,"turns":3},{"damage":6,"enemies":"Snake Plant","floor":24,"turns":1},{"damage":10,"enemies":"3 Cultists","floor":27,"turns":5},{"damage":6,"enemies":"Centurion and Healer","floor":28,"turns":2},{"damage":84,"enemies":"Automaton","floor":33,"turns":10}],"seed_played":"7537841886912608183","potions_obtained":[{"floor":4.0,"key":"Fire Potion"},{"floor":5.0,"key":"Weak Potion"},{"floor":6.0,"key":"GamblersBrew"},{"floor":11.0,"key":"EssenceOfSteel"},{"floor":14.0,"key":"Energy Potion"},{"floor":16.0,"key":"LiquidBronze"}],"is_trial":false,"path_per_floor":["M","?","?","M","M","E","M","R","T","R","M","M","R","M","R","B",null,"M","M","?","?","M","R","M","$","T","M","M","R","?","?","R","B"],"character_chosen":"IRONCLAD","items_purchased":[],"campfire_rested":0,"item_purchase_floors":[],"current_hp_per_floor":[59,59,48,51,56,43,43,43,43,43,47,52,52,50,50,23,80,80,80,80,80,79,79,80,80,80,80,80,80,74,58,58,0],"gold":422,"neow_bonus":"TRANSFORM_TWO_CARDS","is_prod":false,"is_daily":false,"chose_seed":false,"campfire_upgraded":6,"win_rate":0,"timestamp":1546992601,"path_taken":["M","?","?","M","M","E","M","R","T","R","M","M","R","M","R","BOSS","M","M","?","?","M","R","M","$","T","?","M","R","?","?","R","BOSS"],"build_version":"2019-01-03v4","purchased_purges":1,"victory":false,"max_hp_per_floor":[80,80,80,80,80,80,80,80,80,80,80,80,80,80,80,80,80,80,80,80,80,80,80,80,80,80,80,80,80,80,80,80,80],"card_choices":[{"not_picked":["Clash","Burning Pact"],"picked":"Shockwave","floor":1.0},{"not_picked":["Dual Wield","Clash"],"picked":"Shrug It Off","floor":4.0},{"not_picked":["Body Slam","Fire Breathing"],"picked":"Cleave","floor":5.0},{"not_picked":["Clash","Burning Pact"],"picked":"Offering","floor":6.0},{"not_picked":["Flame Barrier","Wild Strike"],"picked":"Body Slam","floor":7.0},{"not_picked":["Thunderclap","Clash"],"picked":"Entrench","floor":11.0},{"not_picked":["Havoc","Ghostly Armor"],"picked":"Thunderclap","floor":12.0},{"not_picked":["Dropkick","Wild Strike","Warcry"],"picked":"SKIP","floor":14.0},{"not_picked":["Immolate","Bludgeon"],"picked":"Double Tap","floor":16.0},{"not_picked":["Corruption","Fire Breathing+1","Flex+1"],"picked":"SKIP","floor":18.0},{"not_picked":["Iron Wave","Havoc+1","Thunderclap"],"picked":"SKIP","floor":19},{"not_picked":["Shrug It Off","True Grit"],"picked":"Headbutt","floor":22},{"not_picked":["Rampage","Clash","Spot Weakness"],"picked":"SKIP","floor":24},{"not_picked":["Infernal Blade+1","Shockwave"],"picked":"Cleave+1","floor":27},{"not_picked":["Flex","Feed","Pommel Strike"],"picked":"SKIP","floor":28}],"player_experience":618173,"relics_obtained":[{"floor":6.0,"key":"Pen Nib"},{"floor":9.0,"key":"Bag of Preparation"},{"floor":31,"key":"Nilry\u0027s Codex"}],"event_choices":[{"cards_removed":["Defend_R"],"damage_healed":0.0,"max_hp_gain":0.0,"max_hp_loss":0.0,"gold_gain":0.0,"event_name":"The Cleric","player_choice":"Card Removal","floor":2.0,"gold_loss":50.0,"damage_taken":0.0},{"damage_healed":0.0,"max_hp_gain":0.0,"max_hp_loss":0.0,"gold_gain":75.0,"event_name":"World of Goop","player_choice":"Gather Gold","floor":3.0,"gold_loss":0.0,"damage_taken":11.0},{"damage_healed":0,"gold_gain":0,"cards_transformed":["Strike_R","Strike_R"],"player_choice":"Became Test Subject","damage_taken":0,"max_hp_gain":0,"max_hp_loss":0,"event_name":"Drug Dealer","floor":20,"gold_loss":0,"cards_obtained":["Havoc","Reaper"]},{"damage_healed":0,"gold_gain":0,"player_choice":"Simplicity","damage_taken":0,"max_hp_gain":0,"max_hp_loss":0,"event_name":"Back to Basics","floor":21,"gold_loss":0,"cards_upgraded":["Strike_R","Strike_R","Defend_R","Defend_R"]},{"damage_healed":0,"gold_gain":0,"player_choice":"Joined the Cult","damage_taken":6,"max_hp_gain":0,"max_hp_loss":0,"event_name":"Nest","floor":30,"gold_loss":0,"cards_obtained":["RitualDagger"]},{"damage_healed":0,"gold_gain":0,"player_choice":"Obtained Book","damage_taken":16,"max_hp_gain":0,"max_hp_loss":0,"event_name":"Cursed Tome","floor":31,"gold_loss":0}],"is_beta":false,"boss_relics":[{"not_picked":["Black Star","Snecko Eye"],"picked":"Black Blood"}],"items_purged_floors":[25],"is_endless":false,"potions_floor_spawned":[4,5,6,11,14,16,24,27],"killed_by":"Automaton","ascension_level":0}