{"gold_per_floor":[119,119,0,0,15,43,43,74,86,98,134,176,216,263,275,287],"floor_reached":16,"playtime":929,"items_purged":[],"score":252,"play_id":"b9131389-adc7-4939-bebc-a9affef9c520","local_time":"20190608145622","is_ascension_mode":true,"campfire_choices":[{"floor":7.0,"key":"REST"},{"data":"Scrape","floor":10.0,"key":"SMITH"},{"data":"Gash","floor":15,"key":"SMITH"}],"neow_cost":"CURSE","seed_source_timestamp":664556975261444,"circlet_count":0,"master_deck":["AscendersBane","Strike_B","Strike_B+1","Strike_B","Strike_B","Defend_B","Defend_B+1","Defend_B","Defend_B","Zap","Dualcast","Parasite","Gash","Scrape+1","Self Repair","Pain","Cold Snap","Leap","Genetic Algorithm","Gash+1","White Noise"],"special_seed":0,"relics":["Cracked Core","WingedGreaves","WarpedTongs","Letter Opener","MawBank","Art of War","Orichalcum","Dream Catcher","Emotion Chip"],"potions_floor_usage":[16],"damage_taken":[{"damage":2.0,"enemies":"2 Louse","floor":1.0,"turns":3.0},{"damage":3.0,"enemies":"Cultist","floor":5.0,"turns":3.0},{"damage":33.0,"enemies":"Gremlin Nob","floor":6.0,"turns":4.0},{"damage":2.0,"enemies":"Lagavulin","floor":8.0,"turns":8.0},{"damage":4.0,"enemies":"Jaw Worm","floor":12.0,"turns":5.0},{"damage":13,"enemies":"3 Sentries","floor":13,"turns":8},{"damage":47,"enemies":"Gremlin Nob","floor":14,"turns":5},{"damage":16,"enemies":"Hexaghost","floor":16,"turns":7}],"seed_played":"883135876250218025","potions_obtained":[{"floor":5.0,"key":"AttackPotion"},{"floor":12,"key":"PowerPotion"},{"floor":14,"key":"AttackPotion"}],"is_trial":false,"path_per_floor":["M","?","$","?","M","E","R","E","T","R","T","M","E","E","R","B"],"character_chosen":"DEFECT","items_purchased":["Scrape","Self Repair"],"campfire_rested":1,"item_purchase_floors":[3,3],"current_hp_per_floor":[62,41,41,41,48,25,46,54,54,54,54,60,54,14,14,0],"gold":287,"neow_bonus":"ONE_RARE_RELIC","is_prod":false,"is_daily":false,"chose_seed":false,"campfire_upgraded":2,"win_rate":0,"timestamp":1559998582,"path_taken":["M","?","$","?","?","E","R","E","T","R","?","?","E","E","R","BOSS"],"build_version":"2019-01-23","purchased_purges":0,"victory":false,"max_hp_per_floor":[71,71,71,71,71,71,71,71,71,71,71,71,71,71,71,71],"card_choices":[{"not_picked":["Leap","Compile Driver"],"picked":"Gash","floor":1.0},{"not_picked":["Rebound","Heatsinks"],"picked":"Cold Snap","floor":5.0},{"not_picked":["Redo","Blizzard"],"picked":"Leap","floor":6.0},{"not_picked":["Chaos","Turbo"],"picked":"Genetic Algorithm","floor":8.0},{"not_picked":["Defragment","Coolheaded"],"picked":"Gash","floor":12},{"not_picked":["Barrage","Redo"],"picked":"White Noise","floor":13},{"not_picked":["Doom and Gloom","Rebound","Stack"],"picked":"SKIP","floor":14}],"player_experience":484008,"relics_obtained":[{"floor":6.0,"key":"Letter Opener"},{"floor":8.0,"key":"MawBank"},{"floor":9.0,"key":"Art of War"},{"floor":11.0,"key":"Orichalcum"},{"floor":13,"key":"Dream Catcher"},{"floor":14,"key":"Emotion Chip"}],"event_choices":[{"damage_healed":0.0,"max_hp_gain":0.0,"max_hp_loss":0.0,"gold_gain":0.0,"event_name":"Shining Light","player_choice":"Entered Light","floor":2.0,"gold_loss":0.0,"damage_taken":21.0,"cards_upgraded":["Strike_B","Defend_B"]},{"damage_healed":0.0,"max_hp_gain":0.0,"max_hp_loss":0.0,"gold_gain":0.0,"event_name":"Accursed Blacksmith","player_choice":"Rummage","floor":4.0,"gold_loss":0.0,"damage_taken":0.0,"relics_obtained":["WarpedTongs"],"cards_obtained":["Pain"]}],"is_beta":false,"boss_relics":[],"items_purged_floors":[],"is_endless":false,"potions_floor_spawned":[5,12,14],"killed_by":"Hexaghost","ascension_level":20}