{"gold_per_floor":[118,293,304,83,97,97,115,115,115,115,115,133,133,167,167,272,272,288,288,302,302,312,312,237,237,283,283,303,303,317,344,344,442,442,455,473,16,35,51,51,71,71,144,144,155,155,155,181,181,181],"floor_reached":50,"playtime":3858,"items_purged":["Doubt","Strike_B"],"score":512,"play_id":"fdb1d720-edd4-4cc5-ad93-7148c1a34987","local_time":"20180831183014","is_ascension_mode":false,"campfire_choices":[{"data":"Zap","floor":6,"key":"SMITH"},{"data":"Sweeping Beam","floor":8,"key":"SMITH"},{"floor":13,"key":"REST"},{"data":"Chaos","floor":15,"key":"SMITH"},{"floor":23,"key":"REST"},{"data":"Buffer","floor":25,"key":"SMITH"},{"data":"Doom and Gloom","floor":29,"key":"SMITH"},{"floor":32,"key":"REST"},{"data":"Defragment","floor":40,"key":"SMITH"},{"data":"Barrage","floor":44,"key":"SMITH"},{"data":"Auto Shields","floor":46,"key":"SMITH"},{"floor":49,"key":"REST"}],"neow_cost":"CURSE","seed_source_timestamp":1354216889851584,"circlet_count":0,"master_deck":["Defend_B","Defend_B","Zap+1","Dualcast","Glacier+1","Chaos+1","Cold Snap","Buffer+1","Ball Lightning+1","Sweeping Beam+1","Rebound","Conserve Battery","Seek","Beam Cell","Barrage+1","Sweeping Beam","Doom and Gloom+1","Auto Shields+1","Steam+1","Creative AI","Stack+1","Defragment+1","Meteor Strike","Darkness+1","Barrage","Streamline","Barrage+1","Steam+1"],"relics":["Cracked Core","Pen Nib","Bottled Lightning","Matryoshka","Velvet Choker","Bag of Marbles","Regal Pillow","Sundial","Toxic Egg 2","Philosopher\u0027s Stone","Runic Capacitor","Vajra","Dodecahedron","Torii","Anchor"],"potions_floor_usage":[14,16,16,16,20,21,28,31,33,39,50,50,50],"damage_taken":[{"damage":11,"enemies":"2 Louse","floor":1,"turns":3},{"damage":2,"enemies":"Jaw Worm","floor":3,"turns":4},{"damage":1,"enemies":"Small Slimes","floor":5,"turns":3},{"damage":9,"enemies":"Exordium Wildlife","floor":7,"turns":3},{"damage":0,"enemies":"3 Louse","floor":12,"turns":2},{"damage":9,"enemies":"3 Sentries","floor":14,"turns":3},{"damage":0,"enemies":"Slime Boss","floor":16,"turns":8},{"damage":12,"enemies":"Shell Parasite","floor":18,"turns":3},{"damage":0,"enemies":"Spheric Guardian","floor":20,"turns":3},{"damage":23,"enemies":"Colosseum Slavers","floor":21,"turns":2},{"damage":3,"enemies":"Cultist and Chosen","floor":22,"turns":5},{"damage":4,"enemies":"Centurion and Healer","floor":28,"turns":4},{"damage":4,"enemies":"Snecko","floor":30,"turns":3},{"damage":11,"enemies":"Slavers","floor":31,"turns":4},{"damage":39,"enemies":"Collector","floor":33,"turns":8},{"damage":0,"enemies":"3 Shapes","floor":35,"turns":1},{"damage":0,"enemies":"Orb Walker","floor":36,"turns":2},{"damage":22,"enemies":"3 Darklings","floor":38,"turns":3},{"damage":2,"enemies":"Spire Growth","floor":39,"turns":4},{"damage":0,"enemies":"Reptomancer","floor":41,"turns":6},{"damage":0,"enemies":"3 Darklings","floor":45,"turns":1},{"damage":26,"enemies":"Mind Bloom Boss Battle","floor":47,"turns":5},{"damage":69,"enemies":"Time Eater","floor":50,"turns":10}],"seed_played":"2727957658610610310","potions_obtained":[{"floor":3,"key":"SteroidPotion"},{"floor":5,"key":"EntropicBrew"},{"floor":12,"key":"SkillPotion"},{"floor":14,"key":"SteroidPotion"},{"floor":16,"key":"Explosive Potion"},{"floor":18,"key":"PowerPotion"},{"floor":20,"key":"Fire Potion"},{"floor":30,"key":"PowerPotion"},{"floor":33,"key":"Block Potion"},{"floor":35,"key":"GamblersBrew"},{"floor":38,"key":"Energy Potion"},{"floor":45,"key":"Ancient Potion"}],"is_trial":false,"path_per_floor":["M","?","M","$","M","R","M","R","T","?","?","M","R","E","R","B",null,"M","?","M","?","M","R","?","R","T","?","M","R","M","E","R","B",null,"M","M","$","M","M","R","M","?","T","R","M","R","?","T","R"],"character_chosen":"DEFECT","items_purchased":["Pen Nib","Runic Capacitor","Meteor Strike"],"campfire_rested":4,"item_purchase_floors":[4,37,37],"current_hp_per_floor":[64,64,62,62,61,61,52,52,52,45,31,31,52,43,43,43,72,60,60,60,37,34,55,55,55,55,55,51,51,47,36,72,33,72,72,72,72,50,48,48,48,48,48,48,48,48,22,22,58,0],"gold":181,"neow_bonus":"TRANSFORM_TWO_CARDS","is_prod":false,"is_daily":false,"chose_seed":false,"campfire_upgraded":8,"win_rate":0,"timestamp":1535754614,"path_taken":["M","?","M","?","M","R","M","R","T","?","?","M","R","E","R","BOSS","M","?","M","?","M","R","?","R","T","?","?","R","M","E","R","BOSS","M","M","$","M","M","R","M","?","T","R","M","R","?","?","R","BOSS"],"build_version":"2018-08-30","purchased_purges":2,"victory":false,"max_hp_per_floor":[75,75,75,75,75,75,75,75,75,72,72,72,72,72,72,72,72,72,72,72,72,72,72,72,72,72,72,72,72,72,72,72,72,72,72,72,72,72,72,72,72,72,72,72,72,72,72,72,72,72],"card_choices":[{"not_picked":["Rebound","Stack"],"picked":"Cold Snap","floor":1},{"not_picked":["Chill","Hologram"],"picked":"Buffer","floor":3},{"not_picked":["Turbo","Go for the Eyes"],"picked":"Ball Lightning","floor":5},{"not_picked":["Defragment","Aggregate"],"picked":"Sweeping Beam","floor":7},{"not_picked":["Consume","Blizzard"],"picked":"Rebound","floor":12},{"not_picked":["Compile Driver","Streamline"],"picked":"Conserve Battery","floor":14},{"not_picked":["All For One","Rainbow"],"picked":"Seek","floor":16},{"not_picked":["Redo","Rebound"],"picked":"Beam Cell","floor":18},{"not_picked":["Redo","Fusion"],"picked":"Barrage","floor":20},{"not_picked":["Streamline","Steam"],"picked":"Sweeping Beam","floor":22},{"not_picked":["Loop+1","Hyperbeam"],"picked":"Doom and Gloom","floor":28},{"not_picked":["Undo","Beam Cell"],"picked":"Auto Shields","floor":30},{"not_picked":["Chaos","Genetic Algorithm"],"picked":"Steam","floor":31},{"not_picked":["Multi-Cast+1","Rainbow+1"],"picked":"Creative AI","floor":33},{"not_picked":["Streamline+1","Gash"],"picked":"Stack+1","floor":35},{"not_picked":["Sweeping Beam+1","Redo+1"],"picked":"Defragment","floor":36},{"not_picked":["Turbo+1","Gash+1"],"picked":"Darkness+1","floor":38},{"not_picked":["Go for the Eyes","Darkness+1"],"picked":"Barrage","floor":39},{"not_picked":["BootSequence+1","Sunder+1"],"picked":"Streamline","floor":41},{"not_picked":["Steam Power+1","Conserve Battery+1"],"picked":"Barrage+1","floor":45},{"not_picked":["Thunder Strike","Streamline+1"],"picked":"Steam+1","floor":47}],"player_experience":338333,"relics_obtained":[{"floor":9,"key":"Bottled Lightning"},{"floor":14,"key":"Matryoshka"},{"floor":26,"key":"Bag of Marbles"},{"floor":26,"key":"Regal Pillow"},{"floor":31,"key":"Toxic Egg 2"},{"floor":43,"key":"Vajra"},{"floor":43,"key":"Dodecahedron"},{"floor":47,"key":"Torii"},{"floor":48,"key":"Anchor"}],"event_choices":[{"event_name":"Liars Game","player_choice":"agreed","floor":2,"damage_taken":0},{"event_name":"Golden Wing","player_choice":"Card Removal","floor":10,"damage_taken":0},{"event_name":"Shining Light","player_choice":"Entered Light","floor":11,"damage_taken":0},{"event_name":"Purifier","player_choice":"One Purge","floor":19,"damage_taken":0},{"event_name":"Colosseum","player_choice":"Fight","floor":21,"damage_taken":0},{"event_name":"Colosseum","player_choice":"Fled From Nobs","floor":21,"damage_taken":0},{"event_name":"Beggar","player_choice":"Gave Gold","floor":24,"damage_taken":0},{"event_name":"The Mausoleum","player_choice":"Yes","floor":27,"damage_taken":0},{"event_name":"Falling","player_choice":"Removed Skill","floor":42,"damage_taken":0},{"event_name":"MindBloom","player_choice":"Fight","floor":47,"damage_taken":0}],"is_beta":false,"boss_relics":[{"not_picked":["Sozu","Orrery"],"picked":"Velvet Choker"},{"not_picked":["Coffee Dripper","Eternal Feather"],"picked":"Philosopher\u0027s Stone"}],"items_purged_floors":[4,37],"is_endless":false,"potions_floor_spawned":[3,5,12,14,16,18,20,30,33,35,38,45],"killed_by":"Time Eater","ascension_level":0}