{"gold_per_floor":[111,111,111,75,92,123,133,168,168,203,203,218,53,228,228,332,332,344,344,82,100,100],"floor_reached":22,"playtime":1283,"items_purged":["Doubt"],"score":363,"play_id":"4d5f9d1f-0ad9-4e69-8ce9-24b78c612951","local_time":"20190528193947","is_ascension_mode":true,"campfire_choices":[{"floor":11.0,"key":"REST"},{"floor":15.0,"key":"REST"}],"neow_cost":"NONE","seed_source_timestamp":8590123277198,"circlet_count":0,"master_deck":["AscendersBane","Strike_B","Strike_B","Defend_B","Defend_B","Defend_B","Defend_B","Zap","Dualcast","Hologram","Defragment","Conserve Battery","Gash","Doom and Gloom","Ball Lightning","Loop","Gash","Defragment","Coolheaded","Capacitor","Sweeping Beam","Buffer","Sweeping Beam","Auto Shields"],"special_seed":0,"relics":["Cracked Core","NeowsBlessing","Art of War","Pantograph","The Courier","Potion Belt","Cursed Key","Bottled Tornado"],"potions_floor_usage":[22,22],"damage_taken":[{"damage":0.0,"enemies":"Cultist","floor":1.0,"turns":1.0},{"damage":0.0,"enemies":"2 Louse","floor":5.0,"turns":1.0},{"damage":0.0,"enemies":"3 Sentries","floor":6.0,"turns":2.0},{"damage":1.0,"enemies":"Jaw Worm","floor":7.0,"turns":4.0},{"damage":23.0,"enemies":"Lagavulin","floor":8.0,"turns":7.0},{"damage":32.0,"enemies":"Gremlin Nob","floor":10.0,"turns":4.0},{"damage":9.0,"enemies":"Looter","floor":12.0,"turns":4.0},{"damage":40.0,"enemies":"Slime Boss","floor":16.0,"turns":10.0},{"damage":25,"enemies":"Spheric Guardian","floor":18,"turns":5},{"damage":35,"enemies":"3 Byrds","floor":21,"turns":5},{"damage":11,"enemies":"Sentry and Sphere","floor":22,"turns":3}],"seed_played":"2396271122971513101","potions_obtained":[{"floor":6.0,"key":"Poison Potion"},{"floor":7.0,"key":"AttackPotion"},{"floor":12.0,"key":"Block Potion"},{"floor":16,"key":"FearPotion"}],"is_trial":false,"path_per_floor":["M","?","?","$","M","E","M","E","T","E","R","M","$","?","R","B",null,"M","?","$","M","M"],"character_chosen":"DEFECT","items_purchased":["Defragment","Defragment","Coolheaded","Capacitor","Sweeping Beam","Bottled Tornado"],"campfire_rested":2,"item_purchase_floors":[4,13,13,13,13,20],"current_hp_per_floor":[68,61,61,61,61,61,60,37,37,5,27,18,18,18,40,25,63,38,38,38,3,0],"gold":100,"neow_bonus":"THREE_ENEMY_KILL","is_prod":false,"is_daily":false,"chose_seed":false,"campfire_upgraded":0,"win_rate":0,"timestamp":1559065187,"path_taken":["M","?","?","$","M","E","?","E","T","E","R","M","?","?","R","BOSS","BOSS","M","?","$","M","M"],"build_version":"2019-01-23","purchased_purges":1,"victory":false,"max_hp_per_floor":[75,75,75,75,75,75,75,75,75,75,75,75,75,75,75,75,75,75,75,75,75,75],"card_choices":[{"not_picked":["Fusion","Barrage"],"picked":"Hologram","floor":1.0},{"not_picked":["Beam Cell","Redo"],"picked":"Conserve Battery","floor":5.0},{"not_picked":["Scrape","Thunder Strike"],"picked":"Gash","floor":6.0},{"not_picked":["Double Energy","Rebound"],"picked":"Doom and Gloom","floor":7.0},{"not_picked":["Turbo","Recycle"],"picked":"Ball Lightning","floor":8.0},{"not_picked":["Ball Lightning","Redo"],"picked":"Loop","floor":10.0},{"not_picked":["Ball Lightning","Cold Snap"],"picked":"Gash","floor":12.0},{"not_picked":["Rainbow","All For One"],"picked":"Buffer","floor":16},{"not_picked":["Beam Cell","Steam"],"picked":"Sweeping Beam","floor":18},{"not_picked":["Darkness+1","Turbo"],"picked":"Auto Shields","floor":21}],"player_experience":367441,"relics_obtained":[{"floor":6.0,"key":"Art of War"},{"floor":8.0,"key":"Pantograph"},{"floor":9.0,"key":"The Courier"},{"floor":10.0,"key":"Potion Belt"}],"event_choices":[{"cards_removed":["Strike_B"],"damage_healed":0.0,"max_hp_gain":0.0,"max_hp_loss":0.0,"gold_gain":0.0,"event_name":"Golden Wing","player_choice":"Card Removal","floor":2.0,"gold_loss":0.0,"damage_taken":7.0},{"cards_removed":["Strike_B"],"damage_healed":0.0,"max_hp_gain":0.0,"max_hp_loss":0.0,"gold_gain":0.0,"event_name":"Bonfire Elementals","player_choice":"Offered Basic","floor":3.0,"gold_loss":0.0,"damage_taken":0.0},{"damage_healed":0.0,"max_hp_gain":0.0,"max_hp_loss":0.0,"gold_gain":175.0,"event_name":"Liars Game","player_choice":"AGREE","floor":14.0,"gold_loss":0.0,"damage_taken":0.0,"cards_obtained":["Doubt"]},{"damage_healed":0,"gold_gain":0,"player_choice":"Ignored","damage_taken":0,"max_hp_gain":0,"max_hp_loss":0,"event_name":"Vampires","floor":19,"gold_loss":0}],"is_beta":false,"boss_relics":[{"not_picked":["Lizard Tail","White Beast Statue"],"picked":"Cursed Key"}],"items_purged_floors":[20],"is_endless":false,"potions_floor_spawned":[6,7,12,16],"killed_by":"Sentry and Sphere","ascension_level":12}