{"gold_per_floor":[11,11,11,25,25,25,57,57,57,81,81,92,110,13,13,116,116,131,46,46,79,79,79,106,106,131,145,100,100,111,311,311,411,411,423,423,436,454,306,306,94,94,119,130,147,147,42,42,42,42],"floor_reached":50,"playtime":4511,"items_purged":["Regret","Strike_G"],"score":615,"play_id":"c403d594-44a9-4af9-966f-36a627ba1ae9","local_time":"20180816213905","is_ascension_mode":true,"campfire_choices":[{"floor":6,"key":"REST"},{"data":"Predator","floor":8,"key":"SMITH"},{"floor":11,"key":"REST"},{"floor":15,"key":"REST"},{"floor":23,"key":"REST"},{"floor":25,"key":"REST"},{"data":"Phantasmal Killer","floor":29,"key":"SMITH"},{"data":"Outmaneuver","floor":32,"key":"SMITH"},{"floor":40,"key":"REST"},{"data":"Apotheosis","floor":42,"key":"SMITH"},{"floor":46,"key":"REST"},{"floor":49,"key":"REST"}],"neow_cost":"NO_GOLD","seed_source_timestamp":68916092769634,"circlet_count":0,"master_deck":["Defend_G","Defend_G","Defend_G","Defend_G+1","Defend_G+1","Strike_G","Strike_G","Strike_G","Survivor+1","Neutralize","Predator+1","Caltrops+1","Blur","Dodge and Roll","Dagger Throw","Outmaneuver+1","Dagger Spray","Phantasmal Killer+1","All Out Attack","Predator+1","Leg Sweep","After Image","Dash","Outmaneuver","Choke","Phantasmal Killer","Setup+1","PiercingWail+1","Sucker Punch+1","Apotheosis+1","All Out Attack","Footwork+1","Trip","Terror"],"relics":["Ring of the Snake","Torii","Oddly Smooth Stone","Ginger","Bird Faced Urn","Odd Mushroom","Velvet Choker","War Paint","Red Mask","Bronze Scales","Pen Nib","Lizard Tail","Dream Catcher"],"potions_floor_usage":[7,16,21,33,37,44,45,50,50,50],"damage_taken":[{"damage":1,"enemies":"2 Louse","floor":1,"turns":2},{"damage":4,"enemies":"Cultist","floor":4,"turns":4},{"damage":18,"enemies":"Gremlin Nob","floor":7,"turns":5},{"damage":16,"floor":10,"turns":5},{"damage":4,"enemies":"Jaw Worm","floor":12,"turns":3},{"damage":4,"enemies":"Blue Slaver","floor":13,"turns":3},{"damage":23,"enemies":"Slime Boss","floor":16,"turns":11},{"damage":25,"enemies":"Spheric Guardian","floor":18,"turns":6},{"damage":11,"floor":21,"turns":4},{"damage":11,"enemies":"Book of Stabbing","floor":24,"turns":6},{"damage":1,"enemies":"Chosen","floor":27,"turns":4},{"damage":0,"enemies":"3 Cultists","floor":30,"turns":4},{"damage":50,"enemies":"Automaton","floor":33,"turns":9},{"damage":29,"enemies":"3 Darklings","floor":35,"turns":5},{"damage":7,"enemies":"3 Shapes","floor":37,"turns":6},{"damage":11,"enemies":"3 Darklings","floor":38,"turns":9},{"damage":3,"enemies":"Spire Growth","floor":44,"turns":6},{"damage":17,"enemies":"Flame Bruiser 2 Orb","floor":45,"turns":3},{"damage":115,"enemies":"Awakened One","floor":50,"turns":18}],"seed_played":"-1979308303953509361","potions_obtained":[{"floor":4,"key":"Weak Potion"},{"floor":10,"key":"Ancient Potion"},{"floor":12,"key":"PowerPotion"},{"floor":13,"key":"SkillPotion"},{"floor":30,"key":"Energy Potion"},{"floor":36,"key":"Explosive Potion"},{"floor":36,"key":"Weak Potion"},{"floor":44,"key":"PowerPotion"},{"floor":45,"key":"Dexterity Potion"}],"is_trial":false,"path_per_floor":["M","?","?","M","?","R","E","R","T","?","R","M","M","$","R","B",null,"M","?","?","?","?","R","E","R","T","M","$","R","M","?","R","B",null,"M","?","M","M","$","R","$","R","T","M","M","R","$","$","R"],"character_chosen":"THE_SILENT","items_purchased":["Dagger Spray","Outmaneuver","Dexterity Potion","Apotheosis","Trip"],"campfire_rested":8,"item_purchase_floors":[14,28,39,41,47],"current_hp_per_floor":[62,62,62,58,44,65,47,47,47,31,52,48,44,44,65,46,64,41,41,41,30,30,51,42,63,63,64,64,64,68,68,68,20,58,31,31,28,21,21,42,42,42,42,41,26,47,47,47,68,0],"gold":42,"neow_bonus":"ONE_RARE_RELIC","is_prod":false,"is_daily":false,"chose_seed":false,"campfire_upgraded":4,"win_rate":0,"timestamp":1534469945,"path_taken":["M","?","?","M","?","R","E","R","T","?","R","?","M","$","R","BOSS","M","?","?","?","?","R","E","R","T","M","$","R","?","?","R","BOSS","M","?","M","M","$","R","?","R","T","M","?","R","?","$","R","BOSS"],"build_version":"2018-08-09","purchased_purges":2,"victory":false,"max_hp_per_floor":[70,70,70,70,70,70,70,70,70,70,70,70,70,70,70,70,70,70,70,70,70,70,70,70,70,70,70,70,70,70,70,70,70,70,70,70,70,70,70,70,70,70,70,70,70,70,70,70,70,70],"card_choices":[{"not_picked":["Underhanded Strike","Dodge and Roll"],"picked":"Predator","floor":1},{"not_picked":["Expertise","Bouncing Flask"],"picked":"Caltrops","floor":4},{"not_picked":["Predator","Distraction"],"picked":"Blur","floor":7},{"not_picked":["Bane","Acrobatics"],"picked":"Dodge and Roll","floor":10},{"not_picked":["Escape Plan","Backflip"],"picked":"Dagger Throw","floor":12},{"not_picked":["Cloak And Dagger","Tactician"],"picked":"Outmaneuver","floor":13},{"not_picked":["Bullet Time","Tools of the Trade"],"picked":"Phantasmal Killer","floor":16},{"not_picked":["Flying Knee","Acrobatics+1"],"picked":"All Out Attack","floor":18},{"not_picked":["Bane+1","Flying Knee"],"picked":"Leg Sweep","floor":21},{"not_picked":["Masterful Stab","Dagger Spray+1"],"picked":"After Image","floor":24},{"not_picked":["Blur","Backstab"],"picked":"Dash","floor":27},{"not_picked":["Deadly Poison","Noxious Fumes"],"picked":"Choke","floor":30},{"not_picked":["Corpse Explosion","Glass Knife"],"picked":"Phantasmal Killer","floor":33},{"not_picked":["Tactician","Distraction"],"picked":"Setup+1","floor":35},{"not_picked":["Acrobatics","Outmaneuver"],"picked":"PiercingWail+1","floor":37},{"not_picked":["Slice+1","Well Laid Plans+1"],"picked":"Sucker Punch+1","floor":38},{"not_picked":["Prepared+1","Poisoned Stab"],"picked":"All Out Attack","floor":44},{"not_picked":["Underhanded Strike+1","Dash"],"picked":"Footwork+1","floor":45},{"not_picked":["Bane","Burst"],"picked":"Terror","floor":49}],"player_experience":295993,"relics_obtained":[{"floor":7,"key":"Ginger"},{"floor":9,"key":"Bird Faced Urn"},{"floor":10,"key":"Odd Mushroom"},{"floor":21,"key":"Red Mask"},{"floor":24,"key":"Bronze Scales"},{"floor":26,"key":"Pen Nib"},{"floor":43,"key":"Dream Catcher"}],"event_choices":[{"event_name":"Bonfire Elementals","player_choice":"BASIC","floor":2,"damage_taken":0},{"event_name":"Big Fish","player_choice":"Box","floor":3,"damage_taken":0},{"event_name":"Shining Light","player_choice":"Entered Light","floor":5,"damage_taken":0},{"event_name":"Mushrooms","player_choice":"Fought Mushrooms","floor":10,"damage_taken":0},{"event_name":"Addict","player_choice":"Obtained Relic","floor":19,"damage_taken":0},{"event_name":"Duplicator","player_choice":"One dupe","floor":20,"damage_taken":0},{"event_name":"Masked Bandits","player_choice":"Fought Bandits","floor":21,"damage_taken":0},{"event_name":"Ghosts","player_choice":"Ignored","floor":22,"damage_taken":0},{"event_name":"The Joust","player_choice":"Bet on Owner","floor":31,"damage_taken":0},{"event_name":"The Lab","player_choice":"Got Potions","floor":36,"damage_taken":0}],"is_beta":false,"boss_relics":[{"not_picked":["Calling Bell","Tiny House"],"picked":"Velvet Choker"},{"not_picked":["Cursed Key","HoveringKite"],"picked":"Lizard Tail"}],"items_purged_floors":[14,39],"is_endless":false,"potions_floor_spawned":[4,10,12,13,30,44,45],"killed_by":"Awakened One","ascension_level":6}