{"gold_per_floor":[112,112,15,28,43,69,46,80,134,163,183,194,209,227,227,300,300,315,33,33,47,47,82,82,115,190,216,216,233,247,266,266,338,338,348,348,348,360,360,360,393,406,433,460,479,479,479,509,509,509],"floor_reached":50,"playtime":2713,"items_purged":["Strike_R","Defend_R"],"score":1155,"play_id":"4defad4b-4e9b-4294-afd4-ab480a579770","local_time":"20190818161504","is_ascension_mode":true,"campfire_choices":[{"data":"True Grit","floor":15.0,"key":"SMITH"},{"floor":24,"key":"REST"},{"floor":28,"key":"REST"},{"data":"Uppercut","floor":32,"key":"SMITH"},{"floor":40,"key":"RECALL"},{"floor":47,"key":"REST"},{"floor":49,"key":"REST"}],"neow_cost":"NONE","seed_source_timestamp":0,"circlet_count":0,"master_deck":["AscendersBane","Defend_R","Defend_R","Defend_R","Bash","Sword Boomerang","Thunderclap","Infernal Blade","Evolve","Armaments+1","Shrug It Off+1","Double Tap","Uppercut+1","True Grit+1","Bludgeon","Whirlwind+1","Wild Strike+1","Pummel+1","Corruption","Shrug It Off","Power Through+1","Exhume","Bludgeon","Double Tap","Battle Trance","Limit Break"],"special_seed":0,"relics":["Burning Blood","Bag of Preparation","Shuriken","War Paint","Ancient Tea Set","Anchor","Odd Mushroom","Astrolabe","Happy Flower","Lantern","Pocketwatch","Nunchaku","Unceasing Top","Fusion Hammer","Gremlin Horn","Art of War","Smiling Mask","Ice Cream"],"potions_floor_usage":[23,33,33],"damage_taken":[{"damage":4.0,"enemies":"Small Slimes","floor":1.0,"turns":3.0},{"damage":1.0,"enemies":"Cultist","floor":4.0,"turns":3.0},{"damage":0.0,"enemies":"2 Louse","floor":5.0,"turns":2.0},{"damage":37.0,"enemies":"Gremlin Nob","floor":6.0,"turns":5.0},{"damage":25.0,"enemies":"Lagavulin","floor":8.0,"turns":6.0},{"damage":17.0,"enemies":"3 Sentries","floor":10.0,"turns":9.0},{"damage":4.0,"enemies":"The Mushroom Lair","floor":11.0,"turns":3.0},{"damage":1.0,"enemies":"Gremlin Gang","floor":12.0,"turns":3.0},{"damage":0.0,"enemies":"2 Fungi Beasts","floor":13.0,"turns":4.0},{"damage":3.0,"enemies":"Blue Slaver","floor":14.0,"turns":3.0},{"damage":10,"enemies":"Slime Boss","floor":16,"turns":8},{"damage":6,"enemies":"Spheric Guardian","floor":18,"turns":3},{"damage":13,"enemies":"Shell Parasite","floor":21,"turns":4},{"damage":23,"enemies":"Book of Stabbing","floor":23,"turns":4},{"damage":32,"enemies":"Gremlin Leader","floor":25,"turns":4},{"damage":7,"enemies":"Slavers","floor":27,"turns":6},{"damage":18,"enemies":"Snake Plant","floor":29,"turns":4},{"damage":0,"enemies":"Centurion and Healer","floor":30,"turns":4},{"damage":4,"enemies":"Chosen and Byrds","floor":31,"turns":6},{"damage":33,"enemies":"Automaton","floor":33,"turns":10},{"damage":2,"enemies":"Orb Walker","floor":35,"turns":3},{"damage":0,"enemies":"3 Shapes","floor":38,"turns":2},{"damage":0,"enemies":"Giant Head","floor":41,"turns":5},{"damage":3,"enemies":"Spire Growth","floor":42,"turns":4},{"damage":25,"enemies":"Nemesis","floor":44,"turns":7},{"damage":0,"enemies":"Sphere and 2 Shapes","floor":45,"turns":4},{"damage":33,"enemies":"Giant Head","floor":48,"turns":8},{"damage":80,"enemies":"Time Eater","floor":50,"turns":5}],"seed_played":"873983268126326548","potions_obtained":[{"floor":5.0,"key":"EntropicBrew"},{"floor":6.0,"key":"Poison Potion"},{"floor":11.0,"key":"Weak Potion"},{"floor":16,"key":"Fire Potion"},{"floor":23,"key":"Swift Potion"},{"floor":29,"key":"FearPotion"},{"floor":30,"key":"Block Potion"},{"floor":33,"key":"Dexterity Potion"},{"floor":38,"key":"Fire Potion"}],"is_trial":false,"path_per_floor":["M","?","$","M","M","E","$","E","T","E","?","M","M","M","R","B",null,"M","$","?","M","?","E","R","E","T","E","R","M","M","M","R","B",null,"M","?","$","M","?","R","E","M","T","E","M","?","R","E","R","B"],"character_chosen":"IRONCLAD","items_purchased":["Thunderclap","Armaments","Happy Flower","Corruption"],"campfire_rested":4,"item_purchase_floors":[3,7,19,19],"current_hp_per_floor":[70,70,70,75,75,44,44,25,25,14,16,21,27,30,30,26,63,63,63,42,35,35,18,42,16,16,15,39,27,33,35,35,8,62,66,66,66,72,72,72,76,76,76,57,63,63,76,49,71,0],"gold":509,"neow_bonus":"RANDOM_COMMON_RELIC","is_prod":false,"is_daily":false,"chose_seed":false,"campfire_upgraded":2,"win_rate":0,"timestamp":1566137704,"path_taken":["M","?","$","M","?","E","?","E","T","E","?","M","M","M","R","BOSS","M","$","?","M","?","E","R","E","T","E","R","M","?","M","R","BOSS","M","?","$","M","?","R","E","M","T","E","?","?","R","E","R","BOSS"],"build_version":"2019-07-17","purchased_purges":2,"victory":false,"max_hp_per_floor":[75,75,75,75,75,75,75,75,75,75,75,75,75,75,75,75,75,75,75,80,80,80,80,80,80,80,80,80,80,80,80,80,80,80,80,80,80,80,76,76,76,76,76,76,76,76,76,76,76,76],"card_choices":[{"not_picked":["Wild Strike","Perfected Strike"],"picked":"Sword Boomerang","floor":1.0},{"not_picked":["Havoc","Dual Wield","Clash"],"picked":"SKIP","floor":4.0},{"not_picked":["Havoc","Power Through"],"picked":"Infernal Blade","floor":5.0},{"not_picked":["Cleave","Combust"],"picked":"Evolve","floor":6.0},{"not_picked":["Cleave","Sword Boomerang"],"picked":"Shrug It Off","floor":8.0},{"not_picked":["Rampage","Feel No Pain"],"picked":"Double Tap","floor":10.0},{"not_picked":["True Grit","Warcry"],"picked":"Uppercut","floor":11.0},{"not_picked":["Thunderclap","Seeing Red"],"picked":"True Grit","floor":12.0},{"not_picked":["Cleave","Sever Soul","Blood for Blood"],"picked":"SKIP","floor":13.0},{"not_picked":["Fire Breathing","Blood for Blood","Second Wind"],"picked":"SKIP","floor":14.0},{"not_picked":["Offering","Juggernaut"],"picked":"Bludgeon","floor":16},{"not_picked":["Blood for Blood","Fire Breathing","Sever Soul"],"picked":"SKIP","floor":18},{"not_picked":["Pommel Strike","Rage","Thunderclap"],"picked":"SKIP","floor":21},{"not_picked":["Sword Boomerang","True Grit+1"],"picked":"Shrug It Off","floor":23},{"not_picked":["Iron Wave","Juggernaut"],"picked":"Power Through+1","floor":25},{"not_picked":["Heavy Blade","Flex+1"],"picked":"Exhume","floor":27},{"not_picked":["Wild Strike+1","Thunderclap","Flex"],"picked":"SKIP","floor":29},{"not_picked":["Armaments+1","Bloodletting"],"picked":"Bludgeon","floor":30},{"not_picked":["Dual Wield","Anger","Clash"],"picked":"SKIP","floor":31},{"not_picked":["Feed","Reaper"],"picked":"Double Tap","floor":33},{"not_picked":["Anger","True Grit"],"picked":"Battle Trance","floor":35},{"not_picked":["Iron Wave","Flex","Heavy Blade"],"picked":"SKIP","floor":38},{"not_picked":["Blood for Blood+1","Clash","Perfected Strike"],"picked":"SKIP","floor":41},{"not_picked":["Uppercut","Burning Pact","Entrench"],"picked":"SKIP","floor":42},{"not_picked":["Dropkick+1","Sword Boomerang+1"],"picked":"Limit Break","floor":44},{"not_picked":["Body Slam+1","True Grit","Sever Soul+1"],"picked":"SKIP","floor":45},{"not_picked":["Immolate","Clothesline","Body Slam"],"picked":"SKIP","floor":48}],"player_experience":739123,"relics_obtained":[{"floor":6.0,"key":"Shuriken"},{"floor":8.0,"key":"War Paint"},{"floor":9.0,"key":"Ancient Tea Set"},{"floor":10.0,"key":"Anchor"},{"floor":11.0,"key":"Odd Mushroom"},{"floor":23,"key":"Pocketwatch"},{"floor":25,"key":"Nunchaku"},{"floor":27,"key":"Unceasing Top"},{"floor":41,"key":"Gremlin Horn"},{"floor":43,"key":"Art of War"},{"floor":44,"key":"Smiling Mask"},{"floor":48,"key":"Ice Cream"}],"event_choices":[{"cards_removed":["Strike_R"],"damage_healed":0.0,"max_hp_gain":0.0,"max_hp_loss":0.0,"gold_gain":0.0,"event_name":"Bonfire Elementals","player_choice":"Offered Basic","floor":2.0,"gold_loss":0.0,"damage_taken":0.0},{"damage_healed":0.0,"max_hp_gain":0.0,"max_hp_loss":0.0,"gold_gain":0.0,"event_name":"Mushrooms","player_choice":"Fought Mushrooms","floor":11.0,"gold_loss":0.0,"damage_taken":0.0},{"damage_healed":0,"gold_gain":0,"player_choice":"Shed Blood","damage_taken":26,"max_hp_gain":5,"max_hp_loss":0,"event_name":"Forgotten Altar","floor":20,"gold_loss":0},{"damage_healed":0,"gold_gain":0,"player_choice":"Gave Potion","damage_taken":0,"relics_obtained":["Lantern"],"max_hp_gain":0,"max_hp_loss":0,"event_name":"WeMeetAgain","floor":22,"gold_loss":0},{"damage_healed":0,"gold_gain":0,"player_choice":"Memory 1","damage_taken":0,"max_hp_gain":0,"max_hp_loss":0,"event_name":"SensoryStone","floor":36,"gold_loss":0},{"damage_healed":0,"gold_gain":0,"player_choice":"Max HP","damage_taken":0,"max_hp_gain":0,"max_hp_loss":4,"event_name":"Winding Halls","floor":39,"gold_loss":0},{"damage_healed":0,"gold_gain":0,"player_choice":"Ignored","damage_taken":0,"max_hp_gain":0,"max_hp_loss":0,"event_name":"Tomb of Lord Red Mask","floor":46,"gold_loss":0}],"is_beta":false,"boss_relics":[{"not_picked":["Eternal Feather","Ectoplasm"],"picked":"Astrolabe"},{"not_picked":["Lizard Tail","Black Star"],"picked":"Fusion Hammer"}],"items_purged_floors":[3,19],"is_endless":false,"potions_floor_spawned":[5,6,11,12,16,23,29,30,31,33,38,41,45],"killed_by":"Time Eater","ascension_level":15}