{"gold_per_floor":[363,363,382,382,398,398,437,460,460,499,524,540,584,616,628,768,780,812,850,480,503,24,62,82,82,108,108,133,133,133,172,172,301,301,326,326,349,682,699,726,726,726,749,767,786,786,801,377,377,377,377,377,21,49,49],"floor_reached":56,"playtime":4408,"items_purged":["Pain","Doubt","Strike_R"],"score":1339,"play_id":"c5ff5c15-8137-4c25-bd83-ccf49e5efd6a","local_time":"20190816213313","is_ascension_mode":false,"campfire_choices":[{"floor":6.0,"key":"REST"},{"floor":15.0,"key":"REST"},{"data":"Decay","floor":25.0,"key":"PURGE"},{"data":"Injury","floor":29.0,"key":"PURGE"},{"data":"Limit Break","floor":32.0,"key":"SMITH"},{"data":"Demon Form","floor":41.0,"key":"SMITH"},{"floor":46.0,"key":"RECALL"},{"data":"Strike_R","floor":49.0,"key":"PURGE"},{"data":"Strike_R","floor":52.0,"key":"PURGE"}],"neow_cost":"PERCENT_DAMAGE","seed_source_timestamp":2167306216037153,"circlet_count":0,"master_deck":["Strike_R","Strike_R","Defend_R","Defend_R","Defend_R+1","Defend_R","Bash","Rampage","Power Through","Inflame","Burning Pact+1","Disarm","Impervious","Anger","Seeing Red","True Grit","Limit Break+1","Shrug It Off+1","Battle Trance+1","True Grit+1","Rage+1","Feed","Sword Boomerang+1","Good Instincts+1","Purity+1","Flex+1","Demon Form+1","Madness+1","Madness+1","Thunderclap","Feel No Pain+1","Heavy Blade","Headbutt"],"special_seed":0,"relics":["Burning Blood","WarpedTongs","Darkstone Periapt","The Courier","War Paint","MawBank","Calling Bell","Centennial Puzzle","Gremlin Horn","Peace Pipe","Toxic Egg 2","Red Skull","Meat on the Bone","Happy Flower","Kunai","Oddly Smooth Stone","Bag of Marbles","Shovel","Runic Pyramid","Mummified Hand","PreservedInsect","Anchor","ClockworkSouvenir","Pantograph","Paper Frog"],"potions_floor_usage":[55,55,55],"damage_taken":[{"damage":6.0,"enemies":"Jaw Worm","floor":1.0,"turns":5.0},{"damage":0.0,"enemies":"2 Louse","floor":3.0,"turns":3.0},{"damage":2.0,"enemies":"Cultist","floor":5.0,"turns":3.0},{"damage":45.0,"enemies":"3 Sentries","floor":7.0,"turns":7.0},{"damage":2.0,"enemies":"Red Slaver","floor":8.0,"turns":3.0},{"damage":7.0,"enemies":"Lagavulin","floor":10.0,"turns":7.0},{"damage":12.0,"enemies":"Looter","floor":11.0,"turns":4.0},{"damage":6.0,"enemies":"2 Fungi Beasts","floor":12.0,"turns":4.0},{"damage":20.0,"enemies":"Gremlin Nob","floor":13.0,"turns":5.0},{"damage":12.0,"enemies":"3 Louse","floor":14.0,"turns":4.0},{"damage":11.0,"enemies":"Slime Boss","floor":16.0,"turns":8.0},{"damage":45.0,"enemies":"Spheric Guardian","floor":18.0,"turns":12.0},{"damage":28.0,"enemies":"2 Thieves","floor":21.0,"turns":4.0},{"damage":28.0,"enemies":"Book of Stabbing","floor":23.0,"turns":7.0},{"damage":8.0,"enemies":"3 Cultists","floor":24.0,"turns":5.0},{"damage":2.0,"enemies":"Snake Plant","floor":28.0,"turns":5.0},{"damage":7.0,"enemies":"Slavers","floor":31.0,"turns":8.0},{"damage":36.0,"enemies":"Collector","floor":33.0,"turns":9.0},{"damage":11.0,"enemies":"3 Shapes","floor":35.0,"turns":5.0},{"damage":3.0,"enemies":"Orb Walker","floor":37.0,"turns":5.0},{"damage":2.0,"enemies":"Sphere and 2 Shapes","floor":39.0,"turns":7.0},{"damage":3.0,"enemies":"Giant Head","floor":40.0,"turns":7.0},{"damage":10.0,"enemies":"4 Shapes","floor":44.0,"turns":5.0},{"damage":14.0,"enemies":"Jaw Worm Horde","floor":45.0,"turns":6.0},{"damage":1.0,"enemies":"3 Darklings","floor":47.0,"turns":5.0},{"damage":1.0,"enemies":"Awakened One","floor":50.0,"turns":9.0},{"damage":0.0,"enemies":"Shield and Spear","floor":54.0,"turns":7.0},{"damage":86,"enemies":"The Heart","floor":55,"turns":11}],"seed_played":"8464819120180574788","potions_obtained":[{"floor":1.0,"key":"Regen Potion"},{"floor":7.0,"key":"Dexterity Potion"},{"floor":12.0,"key":"Weak Potion"},{"floor":13.0,"key":"Energy Potion"},{"floor":14.0,"key":"LiquidBronze"},{"floor":18.0,"key":"SmokeBomb"},{"floor":24.0,"key":"Block Potion"},{"floor":28.0,"key":"SkillPotion"},{"floor":33.0,"key":"AttackPotion"},{"floor":44.0,"key":"EssenceOfSteel"},{"floor":47.0,"key":"Explosive Potion"},{"floor":54.0,"key":"Weak Potion"}],"is_trial":false,"path_per_floor":["M","?","M","?","M","R","E","M","T","E","M","M","E","M","R","B",null,"M","T","$","M","$","E","M","R","T","?","M","R","?","E","R","B",null,"M","?","M","?","M","E","R","?","T","M","M","R","M","$","R","B",null,"R","$","E","B",null],"character_chosen":"IRONCLAD","items_purchased":["Toxic Egg 2","Red Skull","Meat on the Bone","Happy Flower","Battle Trance+1","True Grit+1","Anchor","Heavy Blade","Headbutt","Fruit Juice","PowerPotion","ClockworkSouvenir","Pantograph"],"campfire_rested":2,"item_purchase_floors":[20,20,22,22,22,22,48,48,48,48,48,53,53],"current_hp_per_floor":[56,36,42,42,46,70,31,35,35,49,43,43,29,23,47,42,98,59,59,59,37,37,27,37,37,37,37,53,53,53,64,64,46,98,96,91,98,98,106,113,113,99,99,98,94,94,102,107,107,115,131,131,131,135,71],"gold":49,"neow_bonus":"TWO_FIFTY_GOLD","is_prod":false,"is_daily":false,"chose_seed":false,"campfire_upgraded":2,"win_rate":0,"timestamp":1566005593,"path_taken":["M","?","M","?","M","R","E","M","T","E","?","M","E","M","R","BOSS","M","?","$","M","$","E","M","R","T","?","M","R","?","E","R","BOSS","M","?","M","?","M","E","R","?","T","?","M","R","M","?","R","BOSS","R","$","E","BOSS"],"build_version":"2019-07-17","purchased_purges":3,"victory":true,"max_hp_per_floor":[80,80,80,80,80,80,80,80,80,80,80,80,80,80,80,80,98,98,98,98,98,98,98,98,98,98,98,98,98,98,98,98,98,98,101,101,105,105,109,113,113,113,113,116,120,120,123,128,128,131,131,131,131,135,139],"card_choices":[{"not_picked":["Bloodletting","Warcry"],"picked":"Rampage","floor":1.0},{"not_picked":["Perfected Strike","Sentinel"],"picked":"Power Through","floor":3.0},{"not_picked":["Hemokinesis","Armaments"],"picked":"Inflame","floor":5.0},{"not_picked":["Warcry","Entrench"],"picked":"Burning Pact","floor":7.0},{"not_picked":["Pummel","Heavy Blade"],"picked":"Disarm","floor":8.0},{"not_picked":["Shrug It Off","Flex"],"picked":"Impervious","floor":10.0},{"not_picked":["Clothesline","Shockwave"],"picked":"Anger","floor":11.0},{"not_picked":["Perfected Strike","Dropkick","Pommel Strike"],"picked":"SKIP","floor":12.0},{"not_picked":["Sever Soul","Flame Barrier"],"picked":"Seeing Red","floor":13.0},{"not_picked":["Wild Strike","Perfected Strike"],"picked":"True Grit","floor":14.0},{"not_picked":["Exhume","Juggernaut"],"picked":"Limit Break","floor":16.0},{"not_picked":["Blood for Blood+1","Reckless Charge","Uppercut"],"picked":"SKIP","floor":18.0},{"not_picked":["Body Slam","Cleave"],"picked":"Shrug It Off+1","floor":21.0},{"not_picked":["Perfected Strike+1","Cleave","Inflame"],"picked":"SKIP","floor":23.0},{"not_picked":["Feel No Pain","Wild Strike","Sever Soul"],"picked":"SKIP","floor":24.0},{"not_picked":["True Grit+1","Hemokinesis"],"picked":"Rage+1","floor":28.0},{"not_picked":["Anger+1","Fire Breathing+1","Shrug It Off+1"],"picked":"SKIP","floor":31.0},{"not_picked":["Juggernaut","Limit Break+1"],"picked":"Feed","floor":33.0},{"not_picked":["True Grit+1","Entrench+1"],"picked":"Sword Boomerang+1","floor":35.0},{"not_picked":["Deep Breath+1","Jack Of All Trades+1"],"picked":"Good Instincts+1","floor":36.0},{"not_picked":["Deep Breath+1","Swift Strike"],"picked":"Purity+1","floor":36.0},{"not_picked":["Heavy Blade+1","Evolve+1"],"picked":"Flex+1","floor":37.0},{"not_picked":["Infernal Blade+1","Anger+1","Body Slam"],"picked":"SKIP","floor":39.0},{"not_picked":["Juggernaut","Perfected Strike+1"],"picked":"Demon Form","floor":40.0},{"not_picked":["Combust","Clothesline+1","Warcry+1"],"picked":"SKIP","floor":44.0},{"not_picked":["Headbutt","Fire Breathing+1","Thunderclap"],"picked":"SKIP","floor":45.0},{"not_picked":["Headbutt","Fire Breathing+1"],"picked":"Thunderclap","floor":45.0},{"not_picked":["Sever Soul+1","Flex+1"],"picked":"Feel No Pain+1","floor":47.0},{"not_picked":["Demon Form","Wild Strike","Body Slam"],"picked":"SKIP","floor":54.0}],"player_experience":1251273,"relics_obtained":[{"floor":7.0,"key":"Darkstone Periapt"},{"floor":9.0,"key":"The Courier"},{"floor":10.0,"key":"War Paint"},{"floor":13.0,"key":"MawBank"},{"floor":17.0,"key":"Centennial Puzzle"},{"floor":17.0,"key":"Gremlin Horn"},{"floor":17.0,"key":"Peace Pipe"},{"floor":23.0,"key":"Kunai"},{"floor":26.0,"key":"Oddly Smooth Stone"},{"floor":31.0,"key":"Shovel"},{"floor":40.0,"key":"Mummified Hand"},{"floor":43.0,"key":"PreservedInsect"},{"floor":54.0,"key":"Paper Frog"}],"event_choices":[{"damage_healed":0.0,"max_hp_gain":0.0,"max_hp_loss":0.0,"gold_gain":0.0,"event_name":"Golden Idol","player_choice":"Take Damage","floor":2.0,"gold_loss":0.0,"damage_taken":20.0,"relics_obtained":["Golden Idol"]},{"damage_healed":0.0,"max_hp_gain":0.0,"max_hp_loss":0.0,"gold_gain":0.0,"event_name":"Accursed Blacksmith","player_choice":"Rummage","floor":4.0,"gold_loss":0.0,"damage_taken":0.0,"relics_obtained":["WarpedTongs"],"cards_obtained":["Pain"]},{"damage_healed":0.0,"max_hp_gain":0.0,"max_hp_loss":0.0,"gold_gain":0.0,"event_name":"Vampires","player_choice":"Ignored","floor":27.0,"gold_loss":0.0,"damage_taken":0.0},{"damage_healed":0.0,"max_hp_gain":0.0,"max_hp_loss":0.0,"gold_gain":0.0,"event_name":"The Mausoleum","player_choice":"Opened","floor":30.0,"gold_loss":0.0,"damage_taken":0.0,"relics_obtained":["Bag of Marbles"]},{"damage_healed":0.0,"max_hp_gain":0.0,"max_hp_loss":0.0,"gold_gain":0.0,"event_name":"SensoryStone","player_choice":"Memory 2","floor":36.0,"gold_loss":0.0,"damage_taken":5.0},{"damage_healed":0.0,"max_hp_gain":0.0,"max_hp_loss":0.0,"gold_gain":333.0,"event_name":"The Moai Head","player_choice":"Gave Idol","floor":38.0,"relics_lost":["Golden Idol"],"gold_loss":0.0,"damage_taken":0.0},{"damage_healed":0.0,"max_hp_gain":0.0,"max_hp_loss":0.0,"gold_gain":0.0,"event_name":"Winding Halls","player_choice":"Embrace Madness","floor":42.0,"gold_loss":0.0,"damage_taken":14.0,"cards_obtained":["Madness","Madness"]}],"is_beta":false,"boss_relics":[{"not_picked":["Ectoplasm","Black Star"],"picked":"Calling Bell"},{"not_picked":["Velvet Choker","Orrery"],"picked":"Runic Pyramid"}],"items_purged_floors":[20,22,48],"is_endless":false,"potions_floor_spawned":[1,7,12,13,14,18,24,28,33,37,44,47,54],"ascension_level":0}