{"gold_per_floor":[117,133,133,145,95,95,122,122,146,163,16,43,43,115,115,211,211,229,244,259,259,271,271,284,284,284,284,5,5,18,18,18,116,116,131,178,76,76,176,176,240,240,266,300,318,333,333,50,50,50],"floor_reached":51,"playtime":4558,"items_purged":[],"score":711,"play_id":"9d08122f-a377-4508-baf9-8f1b8fac1ba2","local_time":"20181105200902","is_ascension_mode":false,"campfire_choices":[{"data":"All Out Attack","floor":6,"key":"SMITH"},{"data":"Cloak And Dagger","floor":8,"key":"SMITH"},{"floor":15,"key":"REST"},{"data":"Well Laid Plans","floor":23,"key":"SMITH"},{"data":"Dagger Spray","floor":25,"key":"SMITH"},{"data":"Neutralize","floor":27,"key":"SMITH"},{"data":"Bane","floor":32,"key":"SMITH"},{"data":"Phantasmal Killer","floor":40,"key":"SMITH"},{"floor":42,"key":"REST"},{"data":"Terror","floor":49,"key":"SMITH"}],"neow_cost":"NONE","seed_source_timestamp":1701598340363888,"circlet_count":0,"master_deck":["Defend_G","Defend_G","Defend_G","Defend_G","Defend_G","Strike_G","Strike_G","Strike_G","Survivor","Neutralize+1","Well Laid Plans+1","Cloak And Dagger+1","All Out Attack+1","Footwork","Backstab","Crippling Poison","Deflect","Adrenaline","Deflect","Quick Slash","Cloak And Dagger","RitualDagger","Corpse Explosion","Dagger Spray+1","PiercingWail","Bane+1","Phantasmal Killer+1","Blur","Prepared","Dodge and Roll","Madness","Calculated Gamble+1","Terror+1"],"relics":["Ring of the Snake","Dream Catcher","Blood Vial","Vajra","Oddly Smooth Stone","Bronze Scales","Snake Skull","Sozu","Nunchaku","Bottled Flame","Eternal Feather","Thread and Needle","Mango","Tiny Chest","Centennial Puzzle","Bag of Marbles","TwistedFunnel"],"potions_floor_usage":[50,50],"damage_taken":[{"damage":3,"enemies":"Jaw Worm","floor":1,"turns":6},{"damage":0,"enemies":"Small Slimes","floor":2,"turns":4},{"damage":2,"enemies":"2 Louse","floor":4,"turns":3},{"damage":14,"enemies":"3 Sentries","floor":7,"turns":4},{"damage":0,"enemies":"2 Fungi Beasts","floor":10,"turns":3},{"damage":14,"enemies":"Gremlin Nob","floor":12,"turns":4},{"damage":13,"enemies":"Slime Boss","floor":16,"turns":10},{"damage":0,"enemies":"3 Byrds","floor":18,"turns":2},{"damage":3,"enemies":"Shell Parasite","floor":19,"turns":5},{"damage":4,"enemies":"3 Cultists","floor":20,"turns":5},{"damage":0,"enemies":"Centurion and Healer","floor":22,"turns":4},{"damage":0,"enemies":"Shelled Parasite and Fungi","floor":24,"turns":4},{"damage":0,"enemies":"Snecko","floor":30,"turns":4},{"damage":8,"enemies":"Automaton","floor":33,"turns":10},{"damage":0,"enemies":"Orb Walker","floor":35,"turns":3},{"damage":47,"enemies":"2 Orb Walkers","floor":36,"turns":6},{"damage":0,"enemies":"Mind Bloom Boss Battle","floor":39,"turns":5},{"damage":34,"enemies":"Reptomancer","floor":41,"turns":7},{"damage":8,"enemies":"Nemesis","floor":44,"turns":7},{"damage":0,"enemies":"3 Darklings","floor":45,"turns":1},{"damage":16,"enemies":"Writhing Mass","floor":46,"turns":6},{"damage":6,"enemies":"Donu and Deca","floor":50,"turns":7}],"seed_played":"7159261662900752832","potions_obtained":[{"floor":4,"key":"Block Potion"},{"floor":7,"key":"Strength Potion"},{"floor":10,"key":"Weak Potion"}],"is_trial":false,"path_per_floor":["M","M","?","M","?","R","E","R","T","M","$","E","?","?","R","B",null,"M","M","M","?","M","R","M","R","T","R","$","?","M","?","R","B",null,"M","?","$","?","?","R","E","R","T","E","M","M","?","$","R","B",null],"character_chosen":"THE_SILENT","items_purchased":["Oddly Smooth Stone","PiercingWail","Bottled Flame","Prepared","Dodge and Roll","TwistedFunnel","Terror"],"campfire_rested":2,"item_purchase_floors":[11,28,28,37,37,48,48],"current_hp_per_floor":[67,67,67,65,65,65,51,51,51,53,53,41,23,23,44,33,70,70,67,65,59,61,61,63,63,63,63,63,50,52,52,52,46,75,75,28,28,28,44,62,30,74,74,68,70,56,56,56,74,70],"gold":50,"neow_bonus":"REMOVE_CARD","is_prod":false,"is_daily":false,"chose_seed":false,"campfire_upgraded":8,"win_rate":0,"timestamp":1541466542,"path_taken":["M","M","?","M","?","R","E","R","T","M","?","E","?","?","R","BOSS","M","M","M","?","M","R","M","R","T","R","$","?","M","?","R","BOSS","M","?","$","?","?","R","E","R","T","E","M","M","?","$","R","BOSS"],"build_version":"2018-11-01","purchased_purges":0,"victory":true,"max_hp_per_floor":[70,70,70,70,70,70,70,70,70,70,70,70,70,70,70,70,70,70,70,70,70,70,70,70,70,70,70,70,75,75,75,75,75,75,75,75,75,75,89,89,89,89,89,89,89,89,86,86,86,86],"card_choices":[{"not_picked":["Underhanded Strike","PiercingWail"],"picked":"Well Laid Plans","floor":1},{"not_picked":["Masterful Stab","Deflect"],"picked":"Cloak And Dagger","floor":2},{"not_picked":["Bane","Masterful Stab"],"picked":"All Out Attack","floor":4},{"not_picked":["Backflip","Night Terror"],"picked":"Footwork","floor":7},{"not_picked":["Blur","Bane"],"picked":"Backstab","floor":10},{"not_picked":["Acrobatics","Riddle With Holes"],"picked":"Crippling Poison","floor":12},{"not_picked":["Cloak And Dagger","Tactician"],"picked":"Deflect","floor":15},{"not_picked":["Doppelganger","Burst"],"picked":"Adrenaline","floor":16},{"not_picked":["Tactician","Escape Plan"],"picked":"Deflect","floor":18},{"not_picked":["Backflip","Sucker Punch"],"picked":"Quick Slash","floor":19},{"not_picked":["Prepared","Slice+1"],"picked":"Cloak And Dagger","floor":20},{"not_picked":["Dodge and Roll","Finisher"],"picked":"Corpse Explosion","floor":22},{"not_picked":["Outmaneuver+1","Dash"],"picked":"Dagger Spray","floor":24},{"not_picked":["Calculated Gamble","Poisoned Stab"],"picked":"Bane","floor":30},{"not_picked":["A Thousand Cuts","Bullet Time"],"picked":"Phantasmal Killer","floor":33},{"not_picked":["Predator","All Out Attack+1"],"picked":"Blur","floor":35},{"not_picked":["Chrysalis","Jack Of All Trades"],"picked":"Madness","floor":38},{"not_picked":["Dash","Quick Slash","Sucker Punch+1"],"picked":"SKIP","floor":41},{"not_picked":["Setup+1","Sucker Punch+1"],"picked":"Calculated Gamble+1","floor":42},{"not_picked":["Burst","Skewer","Deflect"],"picked":"SKIP","floor":44},{"not_picked":["Dodge and Roll","Deflect","Well Laid Plans+1"],"picked":"SKIP","floor":45},{"not_picked":["Deadly Poison","Crippling Poison","Footwork"],"picked":"SKIP","floor":46}],"player_experience":545513,"relics_obtained":[{"floor":7,"key":"Blood Vial"},{"floor":9,"key":"Vajra"},{"floor":12,"key":"Bronze Scales"},{"floor":26,"key":"Nunchaku"},{"floor":36,"key":"Thread and Needle"},{"floor":39,"key":"Mango"},{"floor":41,"key":"Tiny Chest"},{"floor":43,"key":"Centennial Puzzle"},{"floor":44,"key":"Bag of Marbles"}],"event_choices":[{"damage_healed":0,"gold_gain":0,"player_choice":"Box","damage_taken":0,"relics_obtained":["Dream Catcher"],"max_hp_gain":0,"max_hp_loss":0,"event_name":"Big Fish","floor":3,"gold_loss":0,"cards_obtained":["Regret"]},{"cards_removed":["Regret"],"damage_healed":0,"gold_gain":0,"player_choice":"Card Removal","damage_taken":0,"max_hp_gain":0,"max_hp_loss":0,"event_name":"The Cleric","floor":5,"gold_loss":50},{"damage_healed":0,"gold_gain":0,"player_choice":"Success","damage_taken":18,"relics_obtained":["Snake Skull"],"max_hp_gain":0,"max_hp_loss":0,"event_name":"Scrap Ooze","floor":13,"gold_loss":0},{"damage_healed":0,"gold_gain":72,"player_choice":"Gained Gold","damage_taken":0,"max_hp_gain":0,"max_hp_loss":0,"event_name":"Golden Wing","floor":14,"gold_loss":0},{"damage_healed":0,"gold_gain":0,"player_choice":"Joined the Cult","damage_taken":6,"max_hp_gain":0,"max_hp_loss":0,"event_name":"Nest","floor":21,"gold_loss":0,"cards_obtained":["RitualDagger"]},{"damage_healed":0,"gold_gain":0,"player_choice":"Shed Blood","damage_taken":18,"max_hp_gain":5,"max_hp_loss":0,"event_name":"Forgotten Altar","floor":29,"gold_loss":0},{"cards_removed":["Strike_G"],"damage_healed":0,"gold_gain":0,"player_choice":"Offered Basic","damage_taken":0,"max_hp_gain":0,"max_hp_loss":0,"event_name":"Bonfire Elementals","floor":31,"gold_loss":0},{"damage_healed":0,"gold_gain":0,"player_choice":"Fight","damage_taken":0,"max_hp_gain":0,"max_hp_loss":0,"event_name":"Mysterious Sphere","floor":36,"gold_loss":0},{"damage_healed":0,"gold_gain":0,"player_choice":"Memory 1","damage_taken":0,"max_hp_gain":0,"max_hp_loss":0,"event_name":"SensoryStone","floor":38,"gold_loss":0},{"damage_healed":0,"gold_gain":0,"player_choice":"Fight","damage_taken":0,"max_hp_gain":0,"max_hp_loss":0,"event_name":"MindBloom","floor":39,"gold_loss":0},{"cards_removed":["Parasite"],"damage_healed":0,"gold_gain":0,"player_choice":"Removed Curses","damage_taken":0,"max_hp_gain":0,"max_hp_loss":0,"event_name":"Fountain of Cleansing","floor":47,"gold_loss":0}],"is_beta":false,"boss_relics":[{"not_picked":["Fusion Hammer","Snecko Eye"],"picked":"Sozu"},{"not_picked":["Coffee Dripper","Tiny House"],"picked":"Eternal Feather"}],"items_purged_floors":[],"is_endless":false,"potions_floor_spawned":[4,7,10,16,30,33,36,44,45,46],"ascension_level":0}