{"gold_per_floor":[119,269,288,288,306,341,341,341,341,341,356,375,407,457,457,536,536,456,456,471,386,51,51,67,67,67,87,11,11],"floor_reached":29,"playtime":1360,"items_purged":["Doubt"],"score":439,"play_id":"4436e234-1431-4d67-83fb-b469cb499cef","local_time":"20190605214347","is_ascension_mode":true,"campfire_choices":[{"floor":8.0,"key":"REST"},{"floor":10.0,"key":"REST"},{"floor":15,"key":"REST"},{"floor":23,"key":"REST"},{"floor":25,"key":"REST"}],"neow_cost":"NONE","seed_source_timestamp":429082659319319,"circlet_count":0,"master_deck":["AscendersBane","Strike_B","Strike_B","Strike_B","Defend_B","Defend_B","Defend_B","Defend_B","Zap","Dualcast","Go for the Eyes","Genetic Algorithm","BootSequence","Hologram","Conserve Battery","Compile Driver","Biased Cognition","Coolheaded","Writhe","Steam+1","Doom and Gloom","Defragment","Sunder","Reinforced Body","Barrage","Conserve Battery","Defragment"],"special_seed":0,"relics":["Fusion Hammer","Singing Bowl","Sundial","Blue Candle","Inserter","Prayer Wheel","Bag of Preparation","OrangePellets","Symbiotic Virus"],"potions_floor_usage":[13,16],"damage_taken":[{"damage":1.0,"enemies":"Cultist","floor":1.0,"turns":4.0},{"damage":5.0,"enemies":"Small Slimes","floor":3.0,"turns":3.0},{"damage":0.0,"enemies":"2 Louse","floor":5.0,"turns":3.0},{"damage":19.0,"enemies":"Lagavulin","floor":6.0,"turns":8.0},{"damage":0.0,"enemies":"Lots of Slimes","floor":11.0,"turns":5.0},{"damage":20.0,"enemies":"2 Fungi Beasts","floor":12.0,"turns":6.0},{"damage":45,"enemies":"3 Sentries","floor":13,"turns":11},{"damage":36,"enemies":"The Guardian","floor":16,"turns":14},{"damage":6,"enemies":"2 Thieves","floor":18,"turns":4},{"damage":27,"enemies":"Shell Parasite","floor":20,"turns":13},{"damage":38,"enemies":"Cultist and Chosen","floor":24,"turns":8},{"damage":17,"enemies":"Sentry and Sphere","floor":27,"turns":6},{"damage":16,"enemies":"3 Cultists","floor":29,"turns":3}],"seed_played":"2431006719652406993","potions_obtained":[{"floor":6.0,"key":"LiquidBronze"},{"floor":12.0,"key":"Regen Potion"},{"floor":20,"key":"GamblersBrew"}],"is_trial":false,"path_per_floor":["M","?","M","?","M","E","?","R","T","R","M","M","E","?","R","B",null,"M","?","M","?","$","R","M","R","T","M","$","M"],"character_chosen":"DEFECT","items_purchased":["OrangePellets","Defragment","Defragment"],"campfire_rested":5,"item_purchase_floors":[22,22,28],"current_hp_per_floor":[63,63,58,58,58,39,39,60,60,71,73,53,10,10,32,11,59,53,53,26,26,26,48,10,32,32,15,15,0],"gold":11,"neow_bonus":"BOSS_RELIC","is_prod":false,"is_daily":false,"chose_seed":false,"campfire_upgraded":0,"win_rate":0,"timestamp":1559763827,"path_taken":["M","?","M","?","?","E","?","R","T","R","M","?","E","?","R","BOSS","M","?","M","?","$","R","M","R","T","M","$","M"],"build_version":"2019-01-23","purchased_purges":1,"victory":false,"max_hp_per_floor":[71,71,71,71,71,71,71,71,71,71,73,73,75,75,75,75,75,75,75,75,75,75,75,75,75,75,75,75,75],"card_choices":[{"not_picked":["Gash","Turbo"],"picked":"Go for the Eyes","floor":1.0},{"not_picked":["Lockon","Gash"],"picked":"Genetic Algorithm","floor":3.0},{"not_picked":["Beam Cell","Cold Snap"],"picked":"Hologram","floor":5.0},{"not_picked":["Barrage","Fusion"],"picked":"Conserve Battery","floor":6.0},{"not_picked":["Thunder Strike","Hologram","Rebound"],"picked":"Singing Bowl","floor":11.0},{"not_picked":["Stack","Conserve Battery"],"picked":"Compile Driver","floor":12.0},{"not_picked":["Double Energy","Redo","Hologram"],"picked":"Singing Bowl","floor":13},{"not_picked":["Core Surge","Multi-Cast"],"picked":"Biased Cognition","floor":16},{"not_picked":["Leap","Barrage"],"picked":"Coolheaded","floor":18},{"not_picked":["Beam Cell","Chill"],"picked":"Steam+1","floor":20},{"not_picked":["Heatsinks","Hello World"],"picked":"Doom and Gloom","floor":20},{"not_picked":["Sweeping Beam","Leap"],"picked":"Sunder","floor":24},{"not_picked":["Cold Snap","Steam Power"],"picked":"Reinforced Body","floor":24},{"not_picked":["Cold Snap+1","Reinforced Body"],"picked":"Barrage","floor":27},{"not_picked":["Heatsinks","Skim+1"],"picked":"Conserve Battery","floor":27}],"player_experience":461998,"relics_obtained":[{"floor":6.0,"key":"Singing Bowl"},{"floor":9.0,"key":"Sundial"},{"floor":13,"key":"Blue Candle"},{"floor":26,"key":"Symbiotic Virus"}],"event_choices":[{"damage_healed":0.0,"max_hp_gain":0.0,"max_hp_loss":0.0,"gold_gain":150.0,"event_name":"Liars Game","player_choice":"AGREE","floor":2.0,"gold_loss":0.0,"damage_taken":0.0,"cards_obtained":["Doubt"]},{"damage_healed":0.0,"max_hp_gain":0.0,"max_hp_loss":0.0,"gold_gain":0.0,"cards_transformed":["Strike_B"],"event_name":"Transmorgrifier","player_choice":"Transformed","floor":4.0,"gold_loss":0.0,"damage_taken":0.0,"cards_obtained":["BootSequence"]},{"damage_healed":0.0,"max_hp_gain":0.0,"max_hp_loss":0.0,"gold_gain":0.0,"event_name":"Match and Keep!","player_choice":"0 cards matched","floor":7.0,"gold_loss":0.0,"damage_taken":0.0,"cards_obtained":[]},{"damage_healed":0.0,"max_hp_gain":0.0,"max_hp_loss":0.0,"gold_gain":0.0,"event_name":"Match and Keep!","player_choice":"0 cards matched","floor":7.0,"gold_loss":0.0,"damage_taken":0.0,"cards_obtained":[]},{"damage_healed":0,"gold_gain":50,"player_choice":"Pray","damage_taken":0,"max_hp_gain":0,"max_hp_loss":0,"event_name":"Golden Shrine","floor":14,"gold_loss":0},{"damage_healed":0,"gold_gain":0,"player_choice":"Opened","damage_taken":0,"relics_obtained":["Prayer Wheel"],"max_hp_gain":0,"max_hp_loss":0,"event_name":"The Mausoleum","floor":19,"gold_loss":0,"cards_obtained":["Writhe"]},{"damage_healed":0,"gold_gain":0,"player_choice":"Obtained Relic","damage_taken":0,"relics_obtained":["Bag of Preparation"],"max_hp_gain":0,"max_hp_loss":0,"event_name":"Addict","floor":21,"gold_loss":85}],"is_beta":false,"boss_relics":[{"not_picked":["Runic Pyramid","Black Star"],"picked":"Inserter"}],"items_purged_floors":[22],"is_endless":false,"potions_floor_spawned":[6,12,20],"killed_by":"3 Cultists","ascension_level":18}