{"gold_per_floor":[109,129,129,50,65,100,100,133,205,216,216,243,260,260,260,364,364,383,370,382,394,410,410,425,425,504,266,266,266,266,266,266,364,364,381,18,18,41,60,60,80,80,153,172,187,187,203,203,203,203],"floor_reached":51,"playtime":4256,"items_purged":["Strike_G"],"score":644,"play_id":"b1ed17dc-30a8-4cdb-917c-b479ca2da759","local_time":"20181124212018","is_ascension_mode":false,"campfire_choices":[{"floor":7.0,"key":"REST"},{"data":"Predator","floor":11.0,"key":"SMITH"},{"data":"Dodge and Roll","floor":15.0,"key":"SMITH"},{"floor":23.0,"key":"REST"},{"floor":25.0,"key":"REST"},{"floor":28.0,"key":"REST"},{"floor":32.0,"key":"REST"},{"data":"Terror","floor":40.0,"key":"SMITH"},{"floor":42.0,"key":"REST"},{"data":"J.A.X.","floor":46,"key":"SMITH"},{"data":"Finisher","floor":49,"key":"SMITH"}],"neow_cost":"TEN_PERCENT_HP_LOSS","seed_source_timestamp":3347512148571557,"circlet_count":0,"master_deck":["Defend_G","Defend_G","Defend_G","Defend_G","Strike_G","Strike_G","Survivor","Neutralize+1","Infinite Blades+1","Dodge and Roll+1","Predator+1","Finisher+1","Deflect","Cloak And Dagger","Underhanded Strike","Quick Slash","Malaise","Sucker Punch+1","Flying Knee","Deflect","Blur","Footwork+1","J.A.X.+1","Corpse Explosion","Cloak And Dagger+1","Mayhem+1","Dark Shackles","Writhe","Terror+1","Poisoned Stab+1","Decay","Parasite"],"special_seed":0,"relics":["Ring of the Snake","Gambling Chip","Potion Belt","The Courier","Frozen Egg 2","Lizard Tail","Letter Opener","Bag of Preparation","Cursed Key","Centennial Puzzle","Bottled Flame"],"potions_floor_usage":[50,50,50,50],"damage_taken":[{"damage":2.0,"enemies":"Small Slimes","floor":1.0,"turns":4.0},{"damage":0.0,"enemies":"2 Louse","floor":2.0,"turns":3.0},{"damage":0.0,"enemies":"Cultist","floor":5.0,"turns":3.0},{"damage":18.0,"enemies":"Lagavulin","floor":6.0,"turns":5.0},{"damage":10.0,"enemies":"3 Sentries","floor":8.0,"turns":4.0},{"damage":0.0,"enemies":"2 Fungi Beasts","floor":10.0,"turns":3.0},{"damage":7.0,"enemies":"Gremlin Nob","floor":12.0,"turns":3.0},{"damage":2.0,"enemies":"Blue Slaver","floor":13.0,"turns":4.0},{"damage":18.0,"enemies":"The Guardian","floor":16.0,"turns":9.0},{"damage":0.0,"enemies":"Shell Parasite","floor":18.0,"turns":7.0},{"damage":12.0,"enemies":"2 Thieves","floor":19.0,"turns":4.0},{"damage":21.0,"enemies":"Shelled Parasite and Fungi","floor":20.0,"turns":8.0},{"damage":22.0,"enemies":"3 Cultists","floor":21.0,"turns":6.0},{"damage":15.0,"enemies":"Centurion and Healer","floor":22.0,"turns":7.0},{"damage":12.0,"enemies":"Snake Plant","floor":24.0,"turns":6.0},{"damage":24.0,"enemies":"Colosseum Slavers","floor":31.0,"turns":5.0},{"damage":35.0,"enemies":"Automaton","floor":33.0,"turns":10.0},{"damage":23.0,"enemies":"3 Darklings","floor":35.0,"turns":3.0},{"damage":0.0,"enemies":"3 Shapes","floor":39.0,"turns":4.0},{"damage":3.0,"enemies":"Transient","floor":41.0,"turns":5.0},{"damage":3,"enemies":"Jaw Worm Horde","floor":44,"turns":1},{"damage":3,"enemies":"Writhing Mass","floor":45,"turns":4},{"damage":8,"enemies":"Sphere and 2 Shapes","floor":47,"turns":5},{"damage":54,"enemies":"Donu and Deca","floor":50,"turns":7}],"seed_played":"3908266648845765828","potions_obtained":[{"floor":1.0,"key":"Dexterity Potion"},{"floor":5.0,"key":"Explosive Potion"},{"floor":8.0,"key":"AttackPotion"},{"floor":10.0,"key":"LiquidBronze"},{"floor":18.0,"key":"FairyPotion"},{"floor":19.0,"key":"AttackPotion"},{"floor":22.0,"key":"LiquidBronze"},{"floor":44,"key":"Regen Potion"}],"is_trial":false,"path_per_floor":["M","M","?","$","M","E","R","E","T","M","R","E","M","?","R","B",null,"M","M","M","M","M","R","M","R","T","$","R","?","?","?","R","B",null,"M","$","?","T","M","R","M","R","T","M","M","R","M","?","R","B",null],"character_chosen":"THE_SILENT","items_purchased":["Predator","Footwork+1","Regen Potion","Regen Potion","Mayhem+1","GhostInAJar","Strength Potion","Regen Potion","Regen Potion"],"campfire_rested":6,"item_purchase_floors":[4,27,27,27,36,36,36,36,36],"current_hp_per_floor":[61,61,48,48,48,30,48,38,38,38,38,31,29,29,29,11,63,63,51,30,8,1,19,7,25,25,25,43,43,43,19,37,54,63,40,40,40,40,40,40,37,55,55,52,49,49,41,41,41,52],"gold":203,"neow_bonus":"REMOVE_TWO","is_prod":false,"is_daily":false,"chose_seed":false,"campfire_upgraded":5,"win_rate":0,"timestamp":1543112418,"path_taken":["M","M","?","$","M","E","R","E","T","M","R","E","M","?","R","BOSS","M","M","?","M","M","R","M","R","T","$","R","?","?","?","R","BOSS","M","$","?","?","M","R","?","R","T","M","M","R","M","?","R","BOSS"],"build_version":"2018-11-15","purchased_purges":1,"victory":true,"max_hp_per_floor":[63,63,63,63,63,63,63,63,63,63,63,63,63,63,63,63,63,63,63,63,63,63,63,63,63,63,63,63,63,63,63,63,63,63,63,63,63,63,63,63,63,63,63,63,63,63,63,63,63,63],"card_choices":[{"not_picked":["Eviscerate","Outmaneuver"],"picked":"Infinite Blades","floor":1.0},{"not_picked":["Catalyst","Caltrops"],"picked":"Dodge and Roll","floor":2.0},{"not_picked":["Outmaneuver","Dagger Throw"],"picked":"Finisher","floor":5.0},{"not_picked":["Prepared","Endless Agony"],"picked":"Dagger Spray","floor":6.0},{"not_picked":["Masterful Stab","Dash"],"picked":"Deflect","floor":8.0},{"not_picked":["Bane","Dagger Spray"],"picked":"Cloak And Dagger","floor":10.0},{"not_picked":["Dash","PiercingWail"],"picked":"Underhanded Strike","floor":12.0},{"not_picked":["Catalyst","Quick Slash","Caltrops+1"],"picked":"SKIP","floor":13.0},{"not_picked":["After Image+1","Die Die Die"],"picked":"Malaise","floor":16.0},{"not_picked":["Quick Slash+1","Calculated Gamble+1"],"picked":"Sucker Punch+1","floor":18.0},{"not_picked":["Poisoned Stab","Finisher","Flechettes+1"],"picked":"SKIP","floor":19.0},{"not_picked":["Concentrate","Dodge and Roll"],"picked":"Flying Knee","floor":20.0},{"not_picked":["Dodge and Roll+1","Cloak And Dagger"],"picked":"Deflect","floor":21.0},{"not_picked":["Outmaneuver+1","Expertise+1","Cloak And Dagger"],"picked":"SKIP","floor":22.0},{"not_picked":["Wraith Form v2+1","Tactician+1"],"picked":"Blur","floor":24.0},{"not_picked":["Malaise","Adrenaline"],"picked":"Corpse Explosion","floor":33.0},{"not_picked":["Bane","Choke"],"picked":"Cloak And Dagger+1","floor":35.0},{"not_picked":["PanicButton","Good Instincts"],"picked":"Dark Shackles","floor":37.0},{"not_picked":["All Out Attack+1","Acrobatics"],"picked":"Terror","floor":39.0},{"not_picked":["Predator","Bouncing Flask+1"],"picked":"Poisoned Stab+1","floor":41.0},{"not_picked":["Calculated Gamble","Deadly Poison","Heel Hook+1"],"picked":"SKIP","floor":44},{"not_picked":["Cloak And Dagger+1","Blade Dance+1","Poisoned Stab+1"],"picked":"SKIP","floor":45},{"not_picked":["Concentrate+1","Skewer+1","Outmaneuver+1"],"picked":"SKIP","floor":47}],"player_experience":573390,"relics_obtained":[{"floor":6.0,"key":"Gambling Chip"},{"floor":8.0,"key":"Potion Belt"},{"floor":9.0,"key":"The Courier"},{"floor":12.0,"key":"Frozen Egg 2"},{"floor":26.0,"key":"Letter Opener"},{"floor":38.0,"key":"Centennial Puzzle"},{"floor":43.0,"key":"Bottled Flame"}],"event_choices":[{"damage_healed":0.0,"max_hp_gain":0.0,"max_hp_loss":0.0,"gold_gain":0.0,"event_name":"Shining Light","player_choice":"Entered Light","floor":3.0,"gold_loss":0.0,"damage_taken":13.0,"cards_upgraded":["Neutralize","Infinite Blades"]},{"damage_healed":0.0,"max_hp_gain":0.0,"max_hp_loss":0.0,"gold_gain":0.0,"cards_transformed":["Strike_G"],"event_name":"Transmorgrifier","player_choice":"Transformed","floor":14.0,"gold_loss":0.0,"damage_taken":0.0,"cards_obtained":["Quick Slash"]},{"damage_healed":0.0,"max_hp_gain":0.0,"max_hp_loss":0.0,"gold_gain":0.0,"event_name":"Drug Dealer","player_choice":"Obtain J.A.X.","floor":29.0,"gold_loss":0.0,"damage_taken":0.0,"cards_obtained":["J.A.X."]},{"damage_healed":0.0,"max_hp_gain":0.0,"max_hp_loss":0.0,"gold_gain":0.0,"event_name":"The Mausoleum","player_choice":"Opened","floor":30.0,"gold_loss":0.0,"damage_taken":0.0,"relics_obtained":["Bag of Preparation"]},{"damage_healed":0.0,"max_hp_gain":0.0,"max_hp_loss":0.0,"gold_gain":0.0,"event_name":"Colosseum","player_choice":"Fight","floor":31.0,"gold_loss":0.0,"damage_taken":0.0},{"damage_healed":0.0,"max_hp_gain":0.0,"max_hp_loss":0.0,"gold_gain":0.0,"event_name":"Colosseum","player_choice":"Fled From Nobs","floor":31.0,"gold_loss":0.0,"damage_taken":0.0},{"damage_healed":0.0,"max_hp_gain":0.0,"max_hp_loss":0.0,"gold_gain":0.0,"event_name":"SensoryStone","player_choice":"Memory 1","floor":37.0,"gold_loss":0.0,"damage_taken":0.0},{"cards_removed":["Dagger Spray"],"damage_healed":0,"gold_gain":0,"player_choice":"Removed Attack","damage_taken":0,"max_hp_gain":0,"max_hp_loss":0,"event_name":"Falling","floor":48,"gold_loss":0}],"is_beta":false,"boss_relics":[{"not_picked":["Runic Pyramid","Ectoplasm"],"picked":"Lizard Tail"},{"not_picked":["Runic Dome","Snecko Eye"],"picked":"Cursed Key"}],"items_purged_floors":[27],"is_endless":false,"potions_floor_spawned":[1,5,8,10,18,19,22,44,45],"ascension_level":0}