{"gold_per_floor":[368,7,22,35,54,54,64,93,116,151,171,171,171,246,246,347,347,360,379,294,304,304,304,317,350,376,390,390,390,390,415,415,512,512,527,544,544,544,325,654,654,654,654,688,688,688,705,725,725,725,725,725,121,156,156],"floor_reached":56,"playtime":4536,"items_purged":["Strike_R+1","Strike_R+1"],"score":1332,"play_id":"604c8580-21dc-47b5-9bf1-a2ad10b01c06","local_time":"20190913222701","is_ascension_mode":false,"campfire_choices":[{"data":"Inflame","floor":6,"key":"SMITH"},{"data":"True Grit","floor":12,"key":"SMITH"},{"data":"Whirlwind","floor":15,"key":"SMITH"},{"floor":23,"key":"RECALL"},{"floor":29,"key":"REST"},{"floor":32,"key":"REST"},{"floor":41,"key":"REST"},{"floor":45,"key":"REST"},{"floor":49,"key":"REST"},{"floor":52,"key":"REST"}],"neow_cost":"CURSE","seed_source_timestamp":1602682255698329,"circlet_count":0,"master_deck":["Strike_R+1","Strike_R+1","Defend_R+1","Defend_R+1","Defend_R+1","Defend_R+1","Bash","True Grit+1","Inflame+1","Whirlwind+1","Blood for Blood","Battle Trance","Thunderclap","Feed","Anger+1","RitualDagger","True Grit","Offering","Immolate","Demon Form","Madness","Madness","Shrug It Off","Heavy Blade+1","Shrug It Off","Dark Shackles"],"relics":["Burning Blood","Champion Belt","Juzu Bracelet","Ancient Tea Set","Centennial Puzzle","Fusion Hammer","Blood Vial","Mango","PreservedInsect","Dead Branch","Black Star","Lantern","Pocketwatch","Old Coin","Red Skull","Unceasing Top","Art of War","Anchor","Happy Flower","Nunchaku"],"potions_floor_usage":[16,16,25,25,42,55,55,55],"damage_taken":[{"damage":1,"enemies":"Cultist","floor":1,"turns":3},{"damage":10,"enemies":"2 Louse","floor":3,"turns":3},{"damage":0,"enemies":"Small Slimes","floor":4,"turns":3},{"damage":22,"enemies":"Exordium Thugs","floor":5,"turns":4},{"damage":14,"enemies":"Lots of Slimes","floor":7,"turns":3},{"damage":18,"enemies":"3 Sentries","floor":8,"turns":4},{"damage":24,"enemies":"Gremlin Nob","floor":10,"turns":4},{"damage":0,"enemies":"3 Louse","floor":11,"turns":1},{"damage":33,"enemies":"The Guardian","floor":16,"turns":12},{"damage":0,"enemies":"3 Byrds","floor":18,"turns":3},{"damage":1,"enemies":"Spheric Guardian","floor":19,"turns":3},{"damage":1,"enemies":"Centurion and Healer","floor":21,"turns":5},{"damage":13,"enemies":"Shelled Parasite and Fungi","floor":24,"turns":4},{"damage":24,"enemies":"Slavers","floor":25,"turns":6},{"damage":13,"enemies":"Snecko","floor":27,"turns":5},{"damage":6,"enemies":"Book of Stabbing","floor":31,"turns":2},{"damage":68,"enemies":"Automaton","floor":33,"turns":10},{"damage":9,"enemies":"Orb Walker","floor":35,"turns":2},{"damage":25,"enemies":"3 Shapes","floor":36,"turns":6},{"damage":30,"enemies":"Reptomancer","floor":40,"turns":6},{"damage":6,"enemies":"Writhing Mass","floor":42,"turns":2},{"damage":51,"enemies":"Nemesis","floor":44,"turns":9},{"damage":8,"enemies":"Spire Growth","floor":47,"turns":5},{"damage":37,"enemies":"Maw","floor":48,"turns":9},{"damage":94,"enemies":"Awakened One","floor":50,"turns":10},{"damage":12,"enemies":"Shield and Spear","floor":54,"turns":4},{"damage":125,"enemies":"The Heart","floor":55,"turns":8}],"seed_played":"-6077881457308216079","potions_obtained":[{"floor":7,"key":"LiquidBronze"},{"floor":8,"key":"FairyPotion"},{"floor":10,"key":"Poison Potion"},{"floor":16,"key":"FearPotion"},{"floor":19,"key":"Poison Potion"},{"floor":21,"key":"AttackPotion"},{"floor":33,"key":"SmokeBomb"},{"floor":47,"key":"SkillPotion"}],"is_trial":false,"path_per_floor":["M","$","M","M","M","R","M","E","T","E","M","R","?","?","R","B",null,"M","M","?","M","?","R","M","E","T","M","?","R","?","E","R","B",null,"M","M","?","?","$","E","R","M","T","E","R","?","M","M","R","B",null,"R","$","E","B",null],"character_chosen":"IRONCLAD","items_purchased":["Champion Belt","Inflame","Lantern","Art of War","Anchor","Strength Potion","Shrug It Off","Dark Shackles"],"campfire_rested":6,"item_purchase_floors":[2,2,39,53,53,53,53,53],"current_hp_per_floor":[80,80,76,80,64,64,56,44,44,26,32,32,37,29,29,13,85,88,88,88,91,85,85,83,84,84,82,82,114,111,114,114,55,117,117,103,103,88,88,66,102,104,104,64,101,101,104,78,117,34,135,135,135,132,15],"gold":156,"neow_bonus":"TWO_FIFTY_GOLD","is_prod":false,"is_daily":false,"chose_seed":false,"campfire_upgraded":3,"win_rate":0,"timestamp":1568428021,"path_taken":["M","$","?","?","M","R","M","E","T","E","M","R","?","?","R","BOSS","M","M","?","M","?","R","M","E","T","M","?","R","?","E","R","BOSS","M","M","?","?","$","E","R","M","T","E","R","?","M","M","R","BOSS","R","$","E","BOSS"],"build_version":"2019-07-17","purchased_purges":2,"victory":true,"max_hp_per_floor":[80,80,80,80,80,80,80,80,80,80,80,80,85,85,85,85,85,88,88,88,91,91,91,94,111,111,114,114,114,111,114,114,117,117,120,123,123,123,123,123,123,123,123,126,126,126,129,132,132,135,135,135,135,138,138],"card_choices":[{"not_picked":["Warcry","Sentinel"],"picked":"True Grit","floor":1},{"not_picked":["Shockwave","Clash"],"picked":"Whirlwind","floor":3},{"not_picked":["Entrench","Body Slam"],"picked":"Blood for Blood","floor":4},{"not_picked":["Perfected Strike","Armaments"],"picked":"Battle Trance","floor":5},{"not_picked":["Warcry","Iron Wave","Searing Blow"],"picked":"SKIP","floor":7},{"not_picked":["Body Slam","Rampage","Anger"],"picked":"SKIP","floor":8},{"not_picked":["Dual Wield","Berserk"],"picked":"Thunderclap","floor":10},{"not_picked":["Warcry","Clash","Twin Strike"],"picked":"SKIP","floor":11},{"not_picked":["Berserk","Brutality"],"picked":"Feed","floor":16},{"not_picked":["Twin Strike","Searing Blow","Clothesline"],"picked":"SKIP","floor":18},{"not_picked":["Heavy Blade+1","Pommel Strike"],"picked":"Anger+1","floor":19},{"not_picked":["Evolve","Sword Boomerang","Intimidate"],"picked":"SKIP","floor":21},{"not_picked":["Body Slam","Iron Wave+1"],"picked":"True Grit","floor":24},{"not_picked":["Thunderclap","Entrench"],"picked":"Offering","floor":25},{"not_picked":["Flex","Havoc","Anger"],"picked":"SKIP","floor":27},{"not_picked":["Warcry","Clash"],"picked":"Immolate","floor":31},{"not_picked":["Fiend Fire","Limit Break"],"picked":"Demon Form","floor":33},{"not_picked":["Iron Wave","Warcry+1","Anger+1"],"picked":"SKIP","floor":35},{"not_picked":["Cleave","Havoc+1","Pummel"],"picked":"SKIP","floor":36},{"not_picked":["Sentinel","Inflame+1","Flex+1"],"picked":"SKIP","floor":40},{"not_picked":["Blood for Blood+1","Clothesline+1","Bloodletting"],"picked":"SKIP","floor":44},{"not_picked":["Armaments+1","Sever Soul+1"],"picked":"Shrug It Off","floor":47},{"not_picked":["Blood for Blood+1","Clothesline+1"],"picked":"Heavy Blade+1","floor":48},{"not_picked":["Body Slam+1","Anger+1","Evolve"],"picked":"SKIP","floor":54}],"player_experience":1274829,"relics_obtained":[{"floor":8,"key":"Juzu Bracelet"},{"floor":9,"key":"Ancient Tea Set"},{"floor":10,"key":"Centennial Puzzle"},{"floor":25,"key":"Mango"},{"floor":26,"key":"PreservedInsect"},{"floor":31,"key":"Dead Branch"},{"floor":40,"key":"Pocketwatch"},{"floor":40,"key":"Old Coin"},{"floor":44,"key":"Red Skull"},{"floor":44,"key":"Unceasing Top"},{"floor":54,"key":"Happy Flower"},{"floor":54,"key":"Nunchaku"}],"event_choices":[{"damage_healed":0,"gold_gain":0,"player_choice":"Donut","damage_taken":0,"max_hp_gain":5,"max_hp_loss":0,"event_name":"Big Fish","floor":13,"gold_loss":0},{"damage_healed":0,"gold_gain":75,"player_choice":"Touch","damage_taken":8,"max_hp_gain":0,"max_hp_loss":0,"event_name":"FaceTrader","floor":14,"gold_loss":0},{"damage_healed":0,"gold_gain":0,"player_choice":"Obtained Relic","damage_taken":0,"relics_obtained":["Blood Vial"],"max_hp_gain":0,"max_hp_loss":0,"event_name":"Addict","floor":20,"gold_loss":85},{"damage_healed":0,"gold_gain":0,"player_choice":"Joined the Cult","damage_taken":6,"max_hp_gain":0,"max_hp_loss":0,"event_name":"Nest","floor":22,"gold_loss":0,"cards_obtained":["RitualDagger"]},{"damage_healed":0,"gold_gain":0,"player_choice":"Simplicity","damage_taken":0,"max_hp_gain":0,"max_hp_loss":0,"event_name":"Back to Basics","floor":28,"gold_loss":0,"cards_upgraded":["Strike_R","Strike_R","Strike_R","Strike_R","Strike_R","Defend_R","Defend_R","Defend_R","Defend_R"]},{"cards_removed":["Parasite"],"damage_healed":0,"gold_gain":0,"player_choice":"Removed Curses","damage_taken":0,"max_hp_gain":0,"max_hp_loss":0,"event_name":"Fountain of Cleansing","floor":30,"gold_loss":0},{"cards_removed":["Strike_R"],"damage_healed":0,"gold_gain":0,"player_choice":"Removed Attack","damage_taken":0,"max_hp_gain":0,"max_hp_loss":0,"event_name":"Falling","floor":37,"gold_loss":0},{"damage_healed":0,"gold_gain":0,"player_choice":"Embrace Madness","damage_taken":15,"max_hp_gain":0,"max_hp_loss":0,"event_name":"Winding Halls","floor":38,"gold_loss":0,"cards_obtained":["Madness","Madness"]},{"damage_healed":0,"gold_gain":0,"player_choice":"Ignored","damage_taken":0,"max_hp_gain":0,"max_hp_loss":0,"event_name":"Tomb of Lord Red Mask","floor":46,"gold_loss":0}],"is_beta":false,"boss_relics":[{"not_picked":["Mark of Pain","Coffee Dripper"],"picked":"Fusion Hammer"},{"not_picked":["Eternal Feather","Velvet Choker"],"picked":"Black Star"}],"items_purged_floors":[39,53],"is_endless":false,"potions_floor_spawned":[7,8,10,16,19,21,24,33,42,47],"ascension_level":0}