{"gold_per_floor":[117,292,303,317,317,317,350,350,350,363,363,363,377,412,412,515,515,530,530,543,224,236,265,265,290,314,314,328,341,341,360,360,464,464,474,474,492,293,307,339,339,108,108,108,18,18,33,68,68,68,68,68,17,46,46],"floor_reached":55,"playtime":3175,"items_purged":["Strike_G","Strike_G"],"score":800,"play_id":"04d9065d-cc78-4038-9a0e-b5dc55f57d24","local_time":"20190814194226","is_ascension_mode":false,"campfire_choices":[{"data":"Neutralize","floor":6.0,"key":"SMITH"},{"data":"Crippling Poison","floor":8.0,"key":"SMITH"},{"data":"Deadly Poison","floor":11.0,"key":"SMITH"},{"data":"Survivor","floor":15.0,"key":"SMITH"},{"data":"Blur","floor":27,"key":"SMITH"},{"data":"Deflect","floor":30,"key":"SMITH"},{"data":"Corpse Explosion","floor":32,"key":"SMITH"},{"floor":41,"key":"RECALL"},{"data":"Corpse Explosion","floor":44,"key":"SMITH"},{"data":"PiercingWail","floor":46,"key":"SMITH"},{"floor":49,"key":"REST"},{"data":"Good Instincts","floor":52,"key":"SMITH"}],"neow_cost":"NONE","seed_source_timestamp":1989215263859417,"circlet_count":0,"master_deck":["Defend_G","Defend_G","Defend_G","Defend_G","Survivor+1","Neutralize+1","Deep Breath","Deadly Poison+1","Dash","Crippling Poison+1","Blur+1","Flying Knee","Cloak And Dagger+1","Heel Hook","Corpse Explosion+1","Adrenaline+1","Dagger Spray+1","Flying Knee+1","Blur+1","Noxious Fumes+1","PiercingWail+1","Deflect+1","Corpse Explosion+1","Burst+1","Good Instincts+1","Caltrops+1","Deadly Poison+1"],"special_seed":0,"relics":["Ring of the Snake","Turnip","WingedGreaves","Strawberry","Astrolabe","ClockworkSouvenir","FossilizedHelix","Potion Belt","Oddly Smooth Stone","Lizard Tail","Mercury Hourglass","War Paint","Shuriken","Paper Crane"],"potions_floor_usage":[25,25,33,33,40,40,48,50,54,55,55,55,55,55],"damage_taken":[{"damage":5.0,"enemies":"Jaw Worm","floor":1.0,"turns":5.0},{"damage":0.0,"enemies":"Small Slimes","floor":3.0,"turns":5.0},{"damage":0.0,"enemies":"2 Louse","floor":4.0,"turns":3.0},{"damage":7.0,"enemies":"Gremlin Nob","floor":7.0,"turns":5.0},{"damage":20.0,"enemies":"Large Slime","floor":10.0,"turns":7.0},{"damage":3.0,"enemies":"2 Fungi Beasts","floor":13.0,"turns":3.0},{"damage":9.0,"enemies":"Lagavulin","floor":14.0,"turns":7.0},{"damage":13.0,"enemies":"Hexaghost","floor":16.0,"turns":9.0},{"damage":0.0,"enemies":"Shell Parasite","floor":18.0,"turns":4.0},{"damage":6,"enemies":"2 Thieves","floor":20,"turns":3},{"damage":0,"enemies":"3 Cultists","floor":22,"turns":4},{"damage":0,"enemies":"Gremlin Leader","floor":23,"turns":5},{"damage":12,"enemies":"Book of Stabbing","floor":25,"turns":6},{"damage":0,"enemies":"Snake Plant","floor":28,"turns":4},{"damage":0,"enemies":"Snecko","floor":29,"turns":4},{"damage":0,"enemies":"Centurion and Healer","floor":31,"turns":6},{"damage":25,"enemies":"Automaton","floor":33,"turns":9},{"damage":0,"enemies":"3 Shapes","floor":35,"turns":3},{"damage":1,"enemies":"3 Darklings","floor":37,"turns":6},{"damage":9,"enemies":"Transient","floor":39,"turns":5},{"damage":0,"enemies":"Nemesis","floor":40,"turns":7},{"damage":0,"enemies":"4 Shapes","floor":47,"turns":4},{"damage":33,"enemies":"Reptomancer","floor":48,"turns":7},{"damage":56,"enemies":"Time Eater","floor":50,"turns":13},{"damage":69,"enemies":"Shield and Spear","floor":54,"turns":6},{"damage":70,"enemies":"The Heart","floor":55,"turns":9}],"seed_played":"8269583010879799721","potions_obtained":[{"floor":3.0,"key":"Fire Potion"},{"floor":10.0,"key":"GamblersBrew"},{"floor":13.0,"key":"Poison Potion"},{"floor":14.0,"key":"AttackPotion"},{"floor":31,"key":"Regen Potion"},{"floor":33,"key":"EssenceOfSteel"},{"floor":48,"key":"LiquidBronze"},{"floor":54,"key":"Block Potion"}],"is_trial":false,"path_per_floor":["M","?","M","M","?","R","E","R","T","M","R","?","M","E","R","B",null,"M","?","M","$","M","E","?","E","T","R","M","M","R","M","R","B",null,"M","?","M","$","M","E","R","$","T","R","?","R","M","E","R","B",null,"R","$","E","B"],"character_chosen":"THE_SILENT","items_purchased":["ClockworkSouvenir","PiercingWail","EntropicBrew","GhostInAJar","War Paint","PowerPotion"],"campfire_rested":1,"item_purchase_floors":[21,21,38,42,42,53],"current_hp_per_floor":[65,65,65,65,65,65,58,58,58,38,38,43,40,38,38,25,82,82,82,76,76,76,76,60,48,48,48,48,48,48,48,48,38,82,82,82,81,81,72,72,72,72,72,72,72,72,72,39,63,7,82,82,82,13,0],"gold":46,"neow_bonus":"RANDOM_COLORLESS","is_prod":false,"is_daily":false,"chose_seed":false,"campfire_upgraded":10,"win_rate":0,"timestamp":1565826146,"path_taken":["M","?","M","M","?","R","E","R","T","M","R","?","M","E","R","BOSS","M","?","M","$","M","E","?","E","T","R","M","M","R","M","R","BOSS","M","?","M","$","M","E","R","$","T","R","?","R","?","E","R","BOSS","R","$","E","BOSS"],"build_version":"2019-07-17","purchased_purges":2,"victory":false,"max_hp_per_floor":[70,70,70,70,70,70,70,70,70,70,70,75,75,82,82,82,82,82,82,82,82,82,82,82,82,82,82,82,82,82,82,82,82,82,82,82,82,82,82,82,82,82,82,82,82,82,82,82,82,82,82,82,82,82,82],"card_choices":[{"not_picked":["Flechettes","Poisoned Stab"],"picked":"Deadly Poison","floor":1.0},{"not_picked":["Sucker Punch","Backflip"],"picked":"Dash","floor":3.0},{"not_picked":["Flechettes","Outmaneuver"],"picked":"Crippling Poison","floor":4.0},{"not_picked":["Caltrops","Leg Sweep"],"picked":"Blur","floor":7.0},{"not_picked":["Quick Slash","Acrobatics"],"picked":"Flying Knee","floor":10.0},{"not_picked":["Distraction","Dagger Throw"],"picked":"Cloak And Dagger","floor":13.0},{"not_picked":["Prepared","Sucker Punch"],"picked":"Heel Hook","floor":14.0},{"not_picked":["Phantasmal Killer","Unload"],"picked":"Corpse Explosion","floor":16.0},{"not_picked":["Prepared","Dagger Throw"],"picked":"Blur","floor":18.0},{"not_picked":["Sucker Punch","Flying Knee"],"picked":"Noxious Fumes+1","floor":20},{"not_picked":["Outmaneuver+1","Grand Finale","Dagger Throw"],"picked":"SKIP","floor":22},{"not_picked":["Tactician","A Thousand Cuts","Accuracy"],"picked":"SKIP","floor":23},{"not_picked":["Bane","Blade Dance","Slice"],"picked":"SKIP","floor":25},{"not_picked":["Bane","Deadly Poison","Bouncing Flask"],"picked":"SKIP","floor":28},{"not_picked":["Terror","Finisher"],"picked":"Deflect","floor":29},{"not_picked":["Sucker Punch","Outmaneuver"],"picked":"Corpse Explosion","floor":31},{"not_picked":["Tools of the Trade","Glass Knife"],"picked":"Burst","floor":33},{"not_picked":["Slice+1","Underhanded Strike","Sucker Punch"],"picked":"SKIP","floor":35},{"not_picked":["Transmutation","Madness"],"picked":"Good Instincts","floor":36},{"not_picked":["Blade Dance","Choke+1"],"picked":"Caltrops+1","floor":37},{"not_picked":["Bane+1","Blade Dance","Dagger Spray"],"picked":"SKIP","floor":39},{"not_picked":["Concentrate","Crippling Poison","Dash"],"picked":"SKIP","floor":40},{"not_picked":["Deflect+1","Accuracy","Eviscerate+1"],"picked":"SKIP","floor":47},{"not_picked":["Dodge and Roll","Prepared+1"],"picked":"Deadly Poison+1","floor":48},{"not_picked":["Reflex","Quick Slash","Cloak And Dagger"],"picked":"SKIP","floor":54}],"player_experience":1240150,"relics_obtained":[{"floor":7.0,"key":"Turnip"},{"floor":9.0,"key":"WingedGreaves"},{"floor":14.0,"key":"Strawberry"},{"floor":23,"key":"FossilizedHelix"},{"floor":25,"key":"Potion Belt"},{"floor":26,"key":"Oddly Smooth Stone"},{"floor":40,"key":"Mercury Hourglass"},{"floor":48,"key":"Shuriken"},{"floor":54,"key":"Paper Crane"}],"event_choices":[{"damage_healed":0.0,"max_hp_gain":0.0,"max_hp_loss":0.0,"gold_gain":175.0,"event_name":"Liars Game","player_choice":"AGREE","floor":2.0,"gold_loss":0.0,"damage_taken":0.0,"cards_obtained":["Doubt"]},{"cards_removed":["Doubt"],"damage_healed":0.0,"max_hp_gain":0.0,"max_hp_loss":0.0,"gold_gain":0.0,"event_name":"Living Wall","player_choice":"Forget","floor":5.0,"gold_loss":0.0,"damage_taken":0.0},{"damage_healed":0.0,"max_hp_gain":5.0,"max_hp_loss":0.0,"gold_gain":0.0,"event_name":"Big Fish","player_choice":"Donut","floor":12.0,"gold_loss":0.0,"damage_taken":0.0},{"damage_healed":0.0,"max_hp_gain":0.0,"max_hp_loss":0.0,"gold_gain":0.0,"event_name":"Ghosts","player_choice":"Ignored","floor":19.0,"gold_loss":0.0,"damage_taken":0.0},{"damage_healed":0,"gold_gain":0,"player_choice":"Obtained Book","damage_taken":16,"max_hp_gain":0,"max_hp_loss":0,"event_name":"Cursed Tome","floor":24,"gold_loss":0},{"damage_healed":0,"gold_gain":0,"player_choice":"Memory 1","damage_taken":0,"max_hp_gain":0,"max_hp_loss":0,"event_name":"SensoryStone","floor":36,"gold_loss":0},{"cards_removed":["Defend_G"],"damage_healed":0,"gold_gain":0,"player_choice":"Upgrade and Remove","damage_taken":0,"max_hp_gain":0,"max_hp_loss":0,"event_name":"Designer","floor":45,"gold_loss":90,"cards_upgraded":["Burst"]}],"is_beta":false,"boss_relics":[{"not_picked":["Tiny House","Eternal Feather"],"picked":"Astrolabe"},{"not_picked":["Orrery","Snecko Eye"],"picked":"Lizard Tail"}],"items_purged_floors":[21,38],"is_endless":false,"potions_floor_spawned":[3,10,13,14,16,22,23,31,33,47,48,54],"killed_by":"The Heart","ascension_level":0}