{"gold_per_floor":[17,80,80,80,93,93,18,47,127,141,141,141,155,169,169,269,269,279,279,72,72,84,84,84,84,155,190,203,128,153,80,80,178,178,191,100,100,119,40,74,74,109,156,156,172,197,217,229,229,229],"floor_reached":51,"playtime":4693,"items_purged":["Regret"],"score":1150,"play_id":"018e8169-b94f-44b3-aa30-54e03fafa2aa","local_time":"20180817203322","is_ascension_mode":true,"campfire_choices":[{"data":"Neutralize","floor":6,"key":"SMITH"},{"data":"Dash","floor":12,"key":"SMITH"},{"data":"Venomology","floor":15,"key":"SMITH"},{"data":"Terror","floor":23,"key":"SMITH"},{"data":"Prepared","floor":25,"key":"SMITH"},{"data":"Noxious Fumes","floor":32,"key":"SMITH"},{"floor":44,"key":"REST"},{"floor":49,"key":"REST"}],"neow_cost":"NO_GOLD","seed_source_timestamp":151170296042168,"circlet_count":0,"master_deck":["Survivor","Neutralize+1","Dash+1","Prepared+1","Dagger Throw+1","All Out Attack+1","Underhanded Strike+1","Venomology+1","Unload+1","Underhanded Strike+1","Bane+1","Reflex","Well Laid Plans","Terror+1","Acrobatics","Backflip","Blade Dance","All Out Attack+1","Dodge and Roll","Flying Knee+1","Flying Knee+1","Venomology+1","Catalyst+1","Noxious Fumes+1","Envenom","PanicButton","Noxious Fumes+1","Crippling Poison+1","Finisher+1","Catalyst","Madness","Madness","Backstab+1","Crippling Poison+1","Catalyst+1"],"relics":["Ring of the Snake","Orichalcum","Potion Belt","Singing Bowl","Molten Egg 2","Matryoshka","Pandora\u0027s Box","TwistedFunnel","StoneCalendar","Bag of Marbles","Ninja Scroll","Thread and Needle","Regal Pillow","Fusion Hammer","Unceasing Top","Letter Opener","Whetstone","Ancient Tea Set","Lantern","Smiling Mask"],"potions_floor_usage":[8,16,16,33,33,33,35,37,37,38,40,40,42,42,42,46,48,50,50,50,50,50,50,50],"damage_taken":[{"damage":0,"enemies":"2 Louse","floor":1,"turns":3},{"damage":4,"enemies":"Small Slimes","floor":5,"turns":5},{"damage":18,"enemies":"Gremlin Nob","floor":8,"turns":5},{"damage":0,"enemies":"Cultist","floor":10,"turns":3},{"damage":0,"enemies":"3 Louse","floor":13,"turns":1},{"damage":0,"enemies":"Looter","floor":14,"turns":2},{"damage":20,"enemies":"The Guardian","floor":16,"turns":11},{"damage":0,"enemies":"3 Byrds","floor":18,"turns":3},{"damage":2,"enemies":"Chosen","floor":22,"turns":2},{"damage":0,"enemies":"Gremlin Leader","floor":27,"turns":2},{"damage":0,"enemies":"Snake Plant","floor":28,"turns":2},{"damage":5,"enemies":"Slavers","floor":30,"turns":3},{"damage":22,"enemies":"Automaton","floor":33,"turns":5},{"damage":0,"enemies":"3 Shapes","floor":35,"turns":2},{"damage":0,"floor":37,"turns":4},{"damage":0,"enemies":"Orb Walker","floor":38,"turns":1},{"damage":0,"enemies":"Giant Head","floor":40,"turns":5},{"damage":0,"enemies":"Nemesis","floor":42,"turns":1},{"damage":0,"enemies":"3 Darklings","floor":45,"turns":2},{"damage":0,"enemies":"Giant Head","floor":46,"turns":2},{"damage":8,"enemies":"4 Shapes","floor":47,"turns":2},{"damage":4,"enemies":"Transient","floor":48,"turns":5},{"damage":44,"enemies":"Awakened One","floor":50,"turns":6}],"seed_played":"5576245106223798302","potions_obtained":[{"floor":1,"key":"Fire Potion"},{"floor":5,"key":"GamblersBrew"},{"floor":14,"key":"Poison Potion"},{"floor":16,"key":"GhostInAJar"},{"floor":18,"key":"Strength Potion"},{"floor":22,"key":"PowerPotion"},{"floor":35,"key":"Dexterity Potion"},{"floor":37,"key":"AttackPotion"},{"floor":38,"key":"Poison Potion"},{"floor":45,"key":"SkillPotion"}],"is_trial":false,"path_per_floor":["M","?","?","?","M","R","$","E","T","M","?","R","M","M","R","B",null,"M","?","$","?","M","R","?","R","T","E","M","?","E","$","R","B",null,"M","$","?","M","$","E","?","E","T","R","M","E","M","M","R","B"],"character_chosen":"THE_SILENT","items_purchased":["TwistedFunnel","Noxious Fumes","PanicButton","Finisher+1"],"campfire_rested":2,"item_purchase_floors":[20,31,36,39],"current_hp_per_floor":[77,77,77,70,66,66,66,48,48,48,48,48,48,48,48,28,70,70,70,70,70,68,68,68,68,68,68,70,70,67,67,67,45,77,79,79,79,79,79,79,68,68,68,90,90,90,84,82,94,55],"gold":229,"neow_bonus":"TWENTY_PERCENT_HP_BONUS","is_prod":false,"is_daily":false,"chose_seed":false,"campfire_upgraded":6,"win_rate":0,"timestamp":1534552402,"path_taken":["M","?","?","?","M","R","?","E","T","M","?","R","M","M","R","BOSS","M","?","$","?","M","R","?","R","T","E","?","?","E","$","R","BOSS","M","$","?","M","$","E","?","E","T","R","M","E","M","M","R","BOSS"],"build_version":"2018-08-16","purchased_purges":1,"victory":true,"max_hp_per_floor":[84,84,84,84,84,84,84,84,84,84,84,84,84,84,84,84,84,84,84,84,84,84,84,84,84,84,84,86,86,88,88,88,88,88,90,90,90,90,90,90,90,90,90,90,90,90,92,94,94,94],"card_choices":[{"not_picked":["Concentrate","Slice"],"picked":"Dash","floor":1},{"not_picked":["Backflip","Deflect"],"picked":"Prepared","floor":5},{"not_picked":["Predator","Expertise"],"picked":"Dagger Throw","floor":8},{"not_picked":["Well Laid Plans","Outmaneuver"],"picked":"All Out Attack+1","floor":10},{"not_picked":["Quick Slash+1","Well Laid Plans"],"picked":"Underhanded Strike+1","floor":13},{"not_picked":["Tactician","Sucker Punch+1"],"picked":"Venomology","floor":14},{"not_picked":["A Thousand Cuts","Die Die Die+1"],"picked":"Unload+1","floor":16},{"not_picked":["Tactician","Endless Agony+1"],"picked":"Flying Knee+1","floor":18},{"not_picked":["PiercingWail+1","Acrobatics"],"picked":"Flying Knee+1","floor":22},{"not_picked":["Endless Agony+1","Dodge and Roll"],"picked":"Catalyst+1","floor":27},{"not_picked":["Infinite Blades","Quick Slash+1","Predator+1"],"picked":"Singing Bowl","floor":28},{"not_picked":["Wraith Form v2","Prepared","All Out Attack+1"],"picked":"Singing Bowl","floor":30},{"not_picked":["Burst","Venomology"],"picked":"Envenom","floor":33},{"not_picked":["Deadly Poison","Endless Agony+1","PiercingWail"],"picked":"Singing Bowl","floor":35},{"not_picked":["Dodge and Roll","Riddle With Holes+1"],"picked":"Noxious Fumes+1","floor":37},{"not_picked":["Masterful Stab+1","Terror+1"],"picked":"Crippling Poison+1","floor":38},{"not_picked":["Outmaneuver","Poisoned Stab+1"],"picked":"Catalyst","floor":40},{"not_picked":["Backflip","Cloak And Dagger+1"],"picked":"Backstab+1","floor":42},{"not_picked":["Cloak And Dagger","Leg Sweep+1"],"picked":"Crippling Poison+1","floor":45},{"not_picked":["Dodge and Roll+1","Quick Slash+1"],"picked":"Catalyst+1","floor":46},{"not_picked":["Eviscerate+1","Riddle With Holes+1","Acrobatics"],"picked":"Singing Bowl","floor":47},{"not_picked":["Slice+1","Dodge and Roll","Poisoned Stab+1"],"picked":"Singing Bowl","floor":48}],"player_experience":304609,"relics_obtained":[{"floor":8,"key":"Singing Bowl"},{"floor":9,"key":"Molten Egg 2"},{"floor":26,"key":"Bag of Marbles"},{"floor":26,"key":"Ninja Scroll"},{"floor":27,"key":"Thread and Needle"},{"floor":30,"key":"Regal Pillow"},{"floor":37,"key":"Unceasing Top"},{"floor":40,"key":"Letter Opener"},{"floor":42,"key":"Whetstone"},{"floor":43,"key":"Ancient Tea Set"},{"floor":43,"key":"Lantern"},{"floor":46,"key":"Smiling Mask"}],"event_choices":[{"event_name":"Golden Wing","player_choice":"Gained Gold","floor":2,"damage_taken":0},{"event_name":"Big Fish","player_choice":"Box","floor":3,"damage_taken":0},{"event_name":"Scrap Ooze","player_choice":"success","floor":4,"damage_taken":7},{"event_name":"WeMeetAgain","player_choice":"Potion","floor":11,"damage_taken":0},{"event_name":"Ghosts","player_choice":"Ignored","floor":19,"damage_taken":0},{"event_name":"The Mausoleum","player_choice":"Yes","floor":21,"damage_taken":0},{"event_name":"Duplicator","player_choice":"One dupe","floor":24,"damage_taken":0},{"event_name":"Beggar","player_choice":"Gave Gold","floor":29,"damage_taken":0},{"event_name":"MindBloom","player_choice":"Fight","floor":37,"damage_taken":0},{"event_name":"Winding Halls","player_choice":"Embrace Madness","floor":41,"damage_taken":0}],"is_beta":false,"boss_relics":[{"not_picked":["Eternal Feather","Orrery"],"picked":"Pandora\u0027s Box"},{"not_picked":["White Beast Statue","Calling Bell"],"picked":"Fusion Hammer"}],"items_purged_floors":[7],"is_endless":false,"potions_floor_spawned":[1,5,14,16,18,22,28,35,37,38,45,46],"ascension_level":6}