{"gold_per_floor":[111,111,111,122,142,172,172,447,447,462,462,482,511,529,529,626,626,644,656,220,220,232,232,266,266,291,322,322,109,109,119,119,214,214,230,78,93,104,124,124,156,156,180,280,280,309,309,51,51,51,51,51,51,86,86],"floor_reached":56,"playtime":2635,"items_purged":["Regret","Injury"],"score":1328,"play_id":"9d0b2dd3-c3ad-40f3-9943-ffe3c9e1c6f7","local_time":"20190919194836","is_ascension_mode":false,"campfire_choices":[{"data":"Neutralize","floor":7,"key":"SMITH"},{"data":"Backflip","floor":15,"key":"SMITH"},{"data":"Backflip","floor":23,"key":"SMITH"},{"data":"Survivor","floor":25,"key":"SMITH"},{"data":"Well Laid Plans","floor":28,"key":"SMITH"},{"data":"Leg Sweep","floor":32,"key":"SMITH"},{"floor":40,"key":"RECALL"},{"floor":42,"key":"REST"},{"floor":47,"key":"REST"},{"floor":49,"key":"REST"},{"floor":52,"key":"REST"}],"neow_cost":"NONE","seed_source_timestamp":493282433210233,"circlet_count":0,"master_deck":["Defend_G","Defend_G","Defend_G","Defend_G","Survivor+1","Neutralize+1","Backstab","Sucker Punch+1","Heel Hook+1","Dagger Spray+1","Poisoned Stab+1","Backstab+1","Backflip+1","Backstab+1","Glass Knife+1","Blade Dance+1","Noxious Fumes","Backflip+1","Bite+1","Bite+1","Bite+1","Bite+1","Bite+1","Glass Knife+1","Well Laid Plans+1","Leg Sweep+1","Footwork","Dagger Spray+1","PiercingWail+1","Die Die Die+1","After Image","PiercingWail+1","Dodge and Roll+1","Expertise","Decay","Terror+1","Backflip","Acrobatics","Doppelganger"],"relics":["Ring of the Snake","Molten Egg 2","Question Card","Kunai","Singing Bowl","Cursed Key","Shuriken","Paper Crane","Happy Flower","Dream Catcher","Fusion Hammer","Letter Opener","Bronze Scales","Prayer Wheel","TwistedFunnel","Gremlin Horn"],"potions_floor_usage":[22,55,55,55],"damage_taken":[{"damage":1,"enemies":"Cultist","floor":1,"turns":6},{"damage":0,"enemies":"2 Louse","floor":4,"turns":2},{"damage":0,"enemies":"Small Slimes","floor":5,"turns":3},{"damage":13,"enemies":"3 Sentries","floor":6,"turns":10},{"damage":2,"enemies":"Exordium Wildlife","floor":10,"turns":3},{"damage":2,"enemies":"Gremlin Gang","floor":12,"turns":3},{"damage":9,"enemies":"Lagavulin","floor":13,"turns":5},{"damage":0,"enemies":"Looter","floor":14,"turns":1},{"damage":35,"enemies":"Slime Boss","floor":16,"turns":10},{"damage":0,"enemies":"Shell Parasite","floor":18,"turns":2},{"damage":2,"enemies":"3 Byrds","floor":19,"turns":3},{"damage":3,"enemies":"Snake Plant","floor":22,"turns":3},{"damage":10,"enemies":"Gremlin Leader","floor":24,"turns":5},{"damage":4,"enemies":"Book of Stabbing","floor":27,"turns":4},{"damage":0,"enemies":"Centurion and Healer","floor":31,"turns":2},{"damage":16,"enemies":"Collector","floor":33,"turns":8},{"damage":7,"enemies":"Orb Walker","floor":35,"turns":2},{"damage":0,"enemies":"3 Shapes","floor":37,"turns":3},{"damage":0,"enemies":"3 Darklings","floor":38,"turns":3},{"damage":4,"enemies":"Maw","floor":39,"turns":7},{"damage":0,"enemies":"Reptomancer","floor":41,"turns":4},{"damage":0,"enemies":"Mind Bloom Boss Battle","floor":44,"turns":4},{"damage":5,"enemies":"Giant Head","floor":46,"turns":5},{"damage":4,"enemies":"Awakened One","floor":50,"turns":14},{"damage":14,"enemies":"Shield and Spear","floor":54,"turns":6},{"damage":38,"enemies":"The Heart","floor":55,"turns":9}],"seed_played":"2086980401439384501","potions_obtained":[{"floor":1,"key":"GhostInAJar"},{"floor":10,"key":"AttackPotion"},{"floor":12,"key":"Dexterity Potion"},{"floor":13,"key":"PowerPotion"},{"floor":27,"key":"Swift Potion"}],"is_trial":false,"path_per_floor":["M","?","?","M","M","E","R","?","T","M","T","M","E","M","R","B",null,"M","M","$","?","M","R","E","R","T","E","R","$","?","M","R","B",null,"M","$","M","M","M","R","E","R","T","?","?","E","R","$","R","B",null,"R","$","E","B",null],"character_chosen":"THE_SILENT","items_purchased":["Shuriken","Noxious Fumes","Backflip","Leg Sweep","Footwork","After Image","TwistedFunnel","Backflip"],"campfire_rested":4,"item_purchase_floors":[20,20,20,29,29,36,48,48],"current_hp_per_floor":[76,64,64,64,64,51,51,51,51,49,49,47,38,38,38,3,77,77,77,77,55,55,55,54,54,54,54,54,54,54,57,57,55,57,58,58,59,59,59,59,61,63,63,63,63,65,67,67,67,67,67,69,69,67,58],"gold":86,"neow_bonus":"TEN_PERCENT_HP_BONUS","is_prod":false,"is_daily":false,"chose_seed":false,"campfire_upgraded":6,"win_rate":0,"timestamp":1568936916,"path_taken":["M","?","?","M","?","E","R","?","T","?","?","M","E","M","R","BOSS","M","?","$","?","M","R","E","R","T","E","R","$","?","M","R","BOSS","M","$","M","M","?","R","E","R","T","?","?","E","R","$","R","BOSS","R","$","E","BOSS"],"build_version":"2019-07-17","purchased_purges":2,"victory":true,"max_hp_per_floor":[77,77,77,77,77,77,77,77,77,77,77,77,77,77,77,77,77,77,79,79,55,55,55,55,55,55,57,57,57,57,57,57,57,57,59,59,59,59,59,59,61,63,63,63,63,65,67,67,67,67,67,69,69,69,69],"card_choices":[{"not_picked":["Outmaneuver","Cloak And Dagger"],"picked":"Backstab","floor":1},{"not_picked":["Well Laid Plans","Deflect"],"picked":"Sucker Punch+1","floor":4},{"not_picked":["Slice+1","Calculated Gamble"],"picked":"Heel Hook+1","floor":5},{"not_picked":["Eviscerate+1","Underhanded Strike+1"],"picked":"Dagger Spray+1","floor":6},{"not_picked":["Sucker Punch+1","Catalyst","Slice+1"],"picked":"Poisoned Stab+1","floor":10},{"not_picked":["Accuracy","Quick Slash+1","Storm of Steel"],"picked":"Backstab+1","floor":12},{"not_picked":["Skewer+1","Expertise","Choke+1"],"picked":"Backflip","floor":13},{"not_picked":["Prepared","Underhanded Strike+1","PiercingWail"],"picked":"Backstab+1","floor":14},{"not_picked":["Wraith Form v2","Grand Finale+1","Tools of the Trade"],"picked":"Glass Knife+1","floor":16},{"not_picked":["Quick Slash+1","Backflip","Underhanded Strike+1"],"picked":"Blade Dance+1","floor":18},{"not_picked":["Prepared","Riddle With Holes+1","Acrobatics","Choke+1"],"picked":"Singing Bowl","floor":19},{"not_picked":["PiercingWail","Flying Knee+1","Reflex"],"picked":"Glass Knife+1","floor":22},{"not_picked":["PiercingWail","Dash+1","Unload+1"],"picked":"Well Laid Plans","floor":24},{"not_picked":["Accuracy","Poisoned Stab+1","Masterful Stab+1","Blade Dance"],"picked":"Singing Bowl","floor":27},{"not_picked":["Dagger Throw+1","Slice+1","Dodge and Roll"],"picked":"PiercingWail+1","floor":31},{"not_picked":["Unload+1","Bullet Time","Venomology"],"picked":"Die Die Die+1","floor":33},{"not_picked":["Well Laid Plans+1","Setup+1","Cloak And Dagger","Caltrops"],"picked":"Singing Bowl","floor":35},{"not_picked":["Sucker Punch+1","Dagger Throw+1","Outmaneuver"],"picked":"PiercingWail+1","floor":37},{"not_picked":["Well Laid Plans+1","Outmaneuver+1","Bane+1"],"picked":"Dodge and Roll+1","floor":38},{"not_picked":["Escape Plan+1","Concentrate+1","Slice+1"],"picked":"Expertise","floor":39},{"not_picked":["Underhanded Strike+1","Glass Knife+1","Quick Slash+1","Noxious Fumes+1"],"picked":"Singing Bowl","floor":41},{"not_picked":["All Out Attack+1","Outmaneuver","Deflect+1","Accuracy+1"],"picked":"Singing Bowl","floor":42},{"not_picked":["Dagger Spray+1","Quick Slash+1","Underhanded Strike+1"],"picked":"Terror+1","floor":44},{"not_picked":["Tactician","Flying Knee+1","Well Laid Plans","Terror+1"],"picked":"Singing Bowl","floor":46},{"not_picked":["Poisoned Stab+1","Deflect","Dagger Spray+1","Underhanded Strike+1"],"picked":"Singing Bowl","floor":47},{"not_picked":["Poisoned Stab+1","Blade Dance+1","Outmaneuver"],"picked":"Acrobatics","floor":49},{"not_picked":["Crippling Poison+1","Backflip","Escape Plan+1","Predator+1"],"picked":"Singing Bowl","floor":52},{"not_picked":["Bane+1","Dagger Spray+1","Deflect+1"],"picked":"Doppelganger","floor":54}],"player_experience":1292205,"relics_obtained":[{"floor":6,"key":"Question Card"},{"floor":9,"key":"Kunai"},{"floor":13,"key":"Singing Bowl"},{"floor":24,"key":"Paper Crane"},{"floor":26,"key":"Happy Flower"},{"floor":27,"key":"Dream Catcher"},{"floor":41,"key":"Letter Opener"},{"floor":43,"key":"Bronze Scales"},{"floor":44,"key":"Prayer Wheel"},{"floor":54,"key":"Gremlin Horn"}],"event_choices":[{"damage_healed":0,"gold_gain":0,"player_choice":"Success","damage_taken":12,"relics_obtained":["Molten Egg 2"],"max_hp_gain":0,"max_hp_loss":0,"event_name":"Scrap Ooze","floor":2,"gold_loss":0},{"damage_healed":0,"gold_gain":0,"player_choice":"Bought 0 Potions","damage_taken":0,"max_hp_gain":0,"max_hp_loss":0,"event_name":"The Woman in Blue","floor":3,"gold_loss":0},{"damage_healed":0,"gold_gain":275,"player_choice":"Desecrate","damage_taken":0,"max_hp_gain":0,"max_hp_loss":0,"event_name":"Golden Shrine","floor":8,"gold_loss":0,"cards_obtained":["Regret"]},{"damage_healed":0,"gold_gain":0,"player_choice":"Became a vampire","damage_taken":0,"max_hp_gain":0,"max_hp_loss":24,"event_name":"Vampires","floor":21,"gold_loss":0,"cards_obtained":["Bite","Bite","Bite","Bite","Bite"]},{"damage_healed":0,"gold_gain":0,"player_choice":"1 cards matched","damage_taken":0,"max_hp_gain":0,"max_hp_loss":0,"event_name":"Match and Keep!","floor":30,"gold_loss":0,"cards_obtained":["Dagger Spray"]},{"damage_healed":0,"gold_gain":0,"player_choice":"Fight","damage_taken":0,"max_hp_gain":0,"max_hp_loss":0,"event_name":"MindBloom","floor":44,"gold_loss":0},{"cards_removed":["Defend_G"],"damage_healed":0,"gold_gain":0,"player_choice":"Removed Skill","damage_taken":0,"max_hp_gain":0,"max_hp_loss":0,"event_name":"Falling","floor":45,"gold_loss":0}],"is_beta":false,"boss_relics":[{"not_picked":["Calling Bell","Ring of the Serpent"],"picked":"Cursed Key"},{"not_picked":["Lizard Tail","Runic Dome"],"picked":"Fusion Hammer"}],"items_purged_floors":[20,29],"is_endless":false,"potions_floor_spawned":[1,10,12,13,19,27,33,37,38,41,46,54],"ascension_level":0}