{"gold_per_floor":[114,114,125,144,161,189,189,0,50,64,98,113,113,143,143,246,246,259,276,20,38,50,50,13,46,97,97,196,196,211,226,226,327,327,338,355,367,378,398,398,398],"floor_reached":41,"playtime":3363,"items_purged":["Regret","Strike_G"],"score":486,"play_id":"52e806e1-c7c7-44f0-93c9-b1f9d885bc60","local_time":"20191013195146","is_ascension_mode":true,"campfire_choices":[{"data":"After Image","floor":7,"key":"SMITH"},{"data":"Infinite Blades","floor":13,"key":"SMITH"},{"data":"Noxious Fumes","floor":15,"key":"SMITH"},{"data":"Blur","floor":23,"key":"SMITH"},{"data":"Reflex","floor":27,"key":"SMITH"},{"data":"Envenom","floor":29,"key":"SMITH"},{"data":"A Thousand Cuts","floor":32,"key":"SMITH"},{"data":"Venomology","floor":40,"key":"SMITH"}],"neow_cost":"NONE","seed_source_timestamp":271951686264900,"circlet_count":0,"master_deck":["Strike_G+1","Strike_G","Strike_G","Strike_G","Defend_G","Defend_G","Defend_G","Defend_G","Defend_G","Survivor","Neutralize","Flying Knee","Quick Slash+1","Blur+1","Bouncing Flask","After Image+1","Noxious Fumes+1","Backstab","Blade Dance","Poisoned Stab","Infinite Blades+1","Footwork","Envenom+1","PiercingWail","Quick Slash","Acrobatics+1","Reflex+1","A Thousand Cuts+1","Dagger Spray+1","Underhanded Strike+1","Venomology+1","Writhe","Decay","Parasite","Bane","Endless Agony","Choke+1","Parasite","Deadly Poison+1"],"relics":["Ring of the Snake","NeowsBlessing","Meat on the Bone","Whetstone","Bronze Scales","StoneCalendar","Ice Cream","HoveringKite","Happy Flower","Potion Belt","Blood Vial","Calling Bell","Dream Catcher","Mercury Hourglass","Ginger"],"potions_floor_usage":[11,19,19,19,25,25,30,37,37,37,38,39,41],"damage_taken":[{"damage":0,"enemies":"Small Slimes","floor":1,"turns":1},{"damage":0,"enemies":"Cultist","floor":3,"turns":1},{"damage":0,"enemies":"2 Louse","floor":4,"turns":1},{"damage":8,"enemies":"Blue Slaver","floor":5,"turns":4},{"damage":17,"enemies":"Lagavulin","floor":6,"turns":6},{"damage":4,"enemies":"Looter","floor":10,"turns":3},{"damage":8,"enemies":"Gremlin Nob","floor":11,"turns":6},{"damage":10,"enemies":"2 Fungi Beasts","floor":12,"turns":3},{"damage":12,"enemies":"3 Sentries","floor":14,"turns":7},{"damage":24,"enemies":"The Guardian","floor":16,"turns":8},{"damage":8,"enemies":"Shell Parasite","floor":18,"turns":5},{"damage":4,"enemies":"2 Thieves","floor":19,"turns":3},{"damage":4,"enemies":"Centurion and Healer","floor":21,"turns":7},{"damage":7,"enemies":"Snecko","floor":22,"turns":5},{"damage":1,"enemies":"Slavers","floor":25,"turns":5},{"damage":10,"enemies":"Snake Plant","floor":30,"turns":3},{"damage":0,"enemies":"3 Cultists","floor":31,"turns":6},{"damage":25,"enemies":"Collector","floor":33,"turns":8},{"damage":12,"enemies":"Orb Walker","floor":35,"turns":4},{"damage":12,"enemies":"3 Darklings","floor":36,"turns":4},{"damage":12,"enemies":"Transient","floor":37,"turns":5},{"damage":18,"enemies":"Maw","floor":38,"turns":7},{"damage":9,"enemies":"Writhing Mass","floor":39,"turns":6},{"damage":41,"enemies":"Giant Head","floor":41,"turns":6}],"seed_played":"3155855629881302565","potions_obtained":[{"floor":3,"key":"LiquidBronze"},{"floor":5,"key":"GhostInAJar"},{"floor":6,"key":"Fire Potion"},{"floor":10,"key":"AttackPotion"},{"floor":16,"key":"Block Potion"},{"floor":19,"key":"GhostInAJar"},{"floor":21,"key":"PowerPotion"},{"floor":22,"key":"PowerPotion"},{"floor":36,"key":"Swift Potion"},{"floor":37,"key":"SpeedPotion"}],"is_trial":false,"path_per_floor":["M","?","M","M","M","E","R","$","T","M","E","M","R","E","R","B",null,"M","M","$","M","M","R","$","E","T","R","?","R","M","M","R","B",null,"M","M","M","M","M","R","E"],"character_chosen":"THE_SILENT","items_purchased":["Noxious Fumes","Backstab","Happy Flower","Reflex"],"campfire_rested":0,"item_purchase_floors":[8,8,20,24],"current_hp_per_floor":[70,70,70,70,62,45,45,45,45,41,45,47,47,47,47,35,70,62,58,58,54,47,47,47,46,46,46,46,46,38,40,40,29,70,58,48,38,34,39,39,0],"gold":398,"neow_bonus":"THREE_ENEMY_KILL","is_prod":false,"is_daily":false,"chose_seed":false,"campfire_upgraded":8,"win_rate":0,"timestamp":1571010706,"path_taken":["M","?","M","M","M","E","R","$","T","M","E","M","R","E","R","BOSS","M","M","$","M","M","R","$","E","T","R","?","R","M","M","R","BOSS","M","M","M","M","M","R","E"],"build_version":"2019-07-17","purchased_purges":2,"victory":false,"max_hp_per_floor":[70,70,70,70,70,70,70,70,70,70,70,70,70,70,70,70,70,70,70,70,70,70,70,70,70,70,70,70,70,70,70,70,70,70,70,70,70,70,70,70,70],"card_choices":[{"not_picked":["Slice","Acrobatics"],"picked":"Flying Knee","floor":1},{"not_picked":["Dagger Throw","Dagger Spray"],"picked":"Quick Slash","floor":3},{"not_picked":["Quick Slash","Bane"],"picked":"Blur","floor":4},{"not_picked":["Underhanded Strike","Dagger Spray"],"picked":"Bouncing Flask","floor":5},{"not_picked":["Acrobatics","Endless Agony"],"picked":"After Image","floor":6},{"not_picked":["Bane","Dagger Spray"],"picked":"Blade Dance","floor":10},{"not_picked":["Predator","PiercingWail"],"picked":"Poisoned Stab","floor":11},{"not_picked":["Predator","Flying Knee"],"picked":"Infinite Blades","floor":12},{"not_picked":["Poisoned Stab","Riddle With Holes"],"picked":"Footwork","floor":14},{"not_picked":["Malaise","Phantasmal Killer"],"picked":"Envenom","floor":16},{"not_picked":["Prepared","Underhanded Strike+1","Skewer"],"picked":"SKIP","floor":18},{"not_picked":["Acrobatics","Masterful Stab"],"picked":"PiercingWail","floor":19},{"not_picked":["Poisoned Stab","Finisher"],"picked":"Quick Slash","floor":21},{"not_picked":["Sucker Punch","Flying Knee"],"picked":"Acrobatics+1","floor":22},{"not_picked":["PiercingWail+1","Flechettes"],"picked":"A Thousand Cuts","floor":25},{"not_picked":["Flying Knee","Quick Slash"],"picked":"Dagger Spray+1","floor":30},{"not_picked":["Riddle With Holes","Acrobatics"],"picked":"Underhanded Strike+1","floor":31},{"not_picked":["Bullet Time","Burst"],"picked":"Venomology","floor":33},{"not_picked":["Dagger Throw","Acrobatics"],"picked":"Bane","floor":35},{"not_picked":["Dodge and Roll","Underhanded Strike"],"picked":"Endless Agony","floor":36},{"not_picked":["Slice","Riddle With Holes+1"],"picked":"Choke+1","floor":37},{"not_picked":["Poisoned Stab+1","Doppelganger","PiercingWail+1"],"picked":"SKIP","floor":38},{"not_picked":["Choke+1","Acrobatics"],"picked":"Deadly Poison+1","floor":39}],"player_experience":67328,"relics_obtained":[{"floor":6,"key":"Whetstone"},{"floor":9,"key":"Bronze Scales"},{"floor":11,"key":"StoneCalendar"},{"floor":14,"key":"Ice Cream"},{"floor":25,"key":"Potion Belt"},{"floor":26,"key":"Blood Vial"},{"floor":34,"key":"Dream Catcher"},{"floor":34,"key":"Mercury Hourglass"},{"floor":34,"key":"Ginger"}],"event_choices":[{"damage_healed":0,"gold_gain":0,"player_choice":"Box","damage_taken":0,"relics_obtained":["Meat on the Bone"],"max_hp_gain":0,"max_hp_loss":0,"event_name":"Big Fish","floor":2,"gold_loss":0,"cards_obtained":["Regret"]},{"damage_healed":0,"gold_gain":99,"player_choice":"Stole From Cult","damage_taken":0,"max_hp_gain":0,"max_hp_loss":0,"event_name":"Nest","floor":28,"gold_loss":0}],"is_beta":false,"boss_relics":[{"not_picked":["Ring of the Serpent","Velvet Choker"],"picked":"HoveringKite"},{"not_picked":["Runic Pyramid","Tiny House"],"picked":"Calling Bell"}],"items_purged_floors":[8,20],"is_endless":false,"potions_floor_spawned":[3,5,6,10,16,19,21,22,36,37],"killed_by":"Giant Head","ascension_level":1}