{"gold_per_floor":[209,209,227,227,241,277,23,23,23,23,39,73,73,141,141,232,232,256,28,28,42,67,110,123,123,123,123,123,136,179,32,32,126,126,149,49,110,110,123,159,184,184,184,184,209,209,209,225,225,225,225,225,225,258,258],"floor_reached":55,"playtime":2921,"items_purged":["Strike_B","Dualcast"],"score":1274,"play_id":"00129080-c279-4c78-800e-7d90439274ed","local_time":"20190731214111","is_ascension_mode":true,"campfire_choices":[{"data":"Zap","floor":8.0,"key":"SMITH"},{"data":"Skim","floor":10.0,"key":"SMITH"},{"floor":13.0,"key":"REST"},{"floor":15.0,"key":"DIG"},{"floor":25.0,"key":"REST"},{"floor":28.0,"key":"REST"},{"floor":32.0,"key":"DIG"},{"floor":42.0,"key":"REST"},{"data":"Hologram","floor":44.0,"key":"SMITH"},{"floor":46,"key":"RECALL"},{"floor":49,"key":"REST"},{"data":"Biased Cognition","floor":52,"key":"SMITH"}],"neow_cost":"NONE","seed_source_timestamp":95867240715987,"circlet_count":0,"master_deck":["AscendersBane","Defend_B+1","Defend_B+1","Defend_B+1","Defend_B+1","Zap+1","Rip and Tear","Gash+1","All For One","Skim+1","All For One","Gash+1","Coolheaded","Undo","Biased Cognition+1","Reinforced Body","Go for the Eyes","Genetic Algorithm","Conserve Battery","Coolheaded","All For One","Electrodynamics","Hologram+1","Gash","Undo","Beam Cell+1","Steam+1","Undo+1"],"special_seed":0,"relics":["Cracked Core","Golden Idol","Shuriken","DollysMirror","Shovel","Tiny Chest","Strawberry","Cursed Key","Pen Nib","Whetstone","Boot","Art of War","Mercury Hourglass","Sozu","Incense Burner","Blood Vial","Lantern"],"potions_floor_usage":[],"damage_taken":[{"damage":2.0,"enemies":"Jaw Worm","floor":1.0,"turns":3.0},{"damage":0.0,"enemies":"Small Slimes","floor":3.0,"turns":3.0},{"damage":5.0,"enemies":"2 Louse","floor":5.0,"turns":2.0},{"damage":28.0,"enemies":"Gremlin Nob","floor":6.0,"turns":4.0},{"damage":0.0,"enemies":"Gremlin Gang","floor":11.0,"turns":3.0},{"damage":18.0,"enemies":"3 Sentries","floor":12.0,"turns":4.0},{"damage":12.0,"enemies":"Gremlin Nob","floor":14.0,"turns":3.0},{"damage":18.0,"enemies":"Hexaghost","floor":16.0,"turns":6.0},{"damage":14.0,"enemies":"Spheric Guardian","floor":18.0,"turns":4.0},{"damage":0.0,"enemies":"Shell Parasite","floor":21.0,"turns":5.0},{"damage":4.0,"enemies":"Shelled Parasite and Fungi","floor":22.0,"turns":5.0},{"damage":39.0,"enemies":"Slavers","floor":23.0,"turns":7.0},{"damage":30.0,"enemies":"3 Cultists","floor":24.0,"turns":5.0},{"damage":9.0,"enemies":"Cultist and Chosen","floor":29.0,"turns":5.0},{"damage":5.0,"enemies":"Book of Stabbing","floor":30.0,"turns":6.0},{"damage":31.0,"enemies":"Champ","floor":33.0,"turns":8.0},{"damage":0.0,"enemies":"3 Shapes","floor":35.0,"turns":3.0},{"damage":8.0,"enemies":"2 Orb Walkers","floor":37.0,"turns":5.0},{"damage":21.0,"enemies":"3 Darklings","floor":39.0,"turns":4.0},{"damage":0.0,"enemies":"Giant Head","floor":40.0,"turns":6.0},{"damage":4.0,"enemies":"Sphere and 2 Shapes","floor":41.0,"turns":5.0},{"damage":9,"enemies":"4 Shapes","floor":45,"turns":3},{"damage":16,"enemies":"Spire Growth","floor":48,"turns":3},{"damage":13,"enemies":"Awakened One","floor":50,"turns":9},{"damage":52,"enemies":"Shield and Spear","floor":54,"turns":7},{"damage":68,"enemies":"The Heart","floor":55,"turns":2}],"seed_played":"419074251777697431","potions_obtained":[{"floor":3.0,"key":"EntropicBrew"},{"floor":5.0,"key":"Fire Potion"},{"floor":11.0,"key":"Weak Potion"},{"floor":21.0,"key":"Fire Potion"},{"floor":23.0,"key":"Ancient Potion"},{"floor":33.0,"key":"Ancient Potion"}],"is_trial":false,"path_per_floor":["M","?","M","?","M","E","$","R","T","R","M","E","R","E","R","B",null,"M","$","?","M","M","E","M","R","T","?","R","M","E","$","R","B",null,"M","$","?","?","M","E","M","R","T","R","M","R","?","M","R","B",null,"R","$","E","B"],"character_chosen":"DEFECT","items_purchased":["DollysMirror","Gash","Pen Nib","Art of War"],"campfire_rested":5,"item_purchase_floors":[7,7,19,31],"current_hp_per_floor":[62,62,62,62,57,29,29,29,29,29,29,11,30,18,25,7,55,41,41,41,41,37,38,8,29,29,29,50,41,36,36,36,5,55,55,55,47,47,26,26,24,45,45,45,38,38,38,24,45,34,62,62,62,12,0],"gold":258,"neow_bonus":"HUNDRED_GOLD","is_prod":false,"is_daily":false,"chose_seed":false,"campfire_upgraded":4,"win_rate":0,"timestamp":1564602071,"path_taken":["M","?","M","?","M","E","$","R","T","R","M","E","R","E","R","BOSS","M","$","?","?","M","E","M","R","T","?","R","M","E","$","R","BOSS","M","$","?","?","M","E","M","R","T","R","M","R","?","?","R","BOSS","R","$","E","BOSS"],"build_version":"2019-07-17","purchased_purges":2,"victory":false,"max_hp_per_floor":[71,64,64,64,64,64,64,64,64,64,64,64,64,64,71,71,71,71,71,71,71,71,71,71,71,71,71,71,71,71,71,71,71,71,71,71,71,71,71,71,71,71,71,71,71,71,71,71,71,71,71,71,71,71,71],"card_choices":[{"not_picked":["Streamline","Stack"],"picked":"Rip and Tear","floor":1.0},{"not_picked":["Heatsinks","Loop"],"picked":"Gash","floor":3.0},{"not_picked":["Redo","Gash"],"picked":"All For One","floor":5.0},{"not_picked":["Darkness","Double Energy"],"picked":"Skim","floor":6.0},{"not_picked":["Steam","White Noise"],"picked":"Coolheaded","floor":11.0},{"not_picked":["Chaos","Rebound","Tempest"],"picked":"SKIP","floor":12.0},{"not_picked":["Barrage","Reinforced Body"],"picked":"Undo","floor":14.0},{"not_picked":["Hyperbeam","Rainbow"],"picked":"Biased Cognition","floor":16.0},{"not_picked":["Doom and Gloom","Beam Cell","Rebound"],"picked":"SKIP","floor":18.0},{"not_picked":["Leap","Streamline","Turbo"],"picked":"SKIP","floor":21.0},{"not_picked":["Double Energy","Aggregate"],"picked":"Go for the Eyes","floor":22.0},{"not_picked":["Cold Snap","Doom and Gloom"],"picked":"Genetic Algorithm","floor":23.0},{"not_picked":["Thunder Strike","Turbo"],"picked":"Conserve Battery","floor":24.0},{"not_picked":["Ball Lightning","Doom and Gloom"],"picked":"Coolheaded","floor":29.0},{"not_picked":["Streamline","Sweeping Beam+1"],"picked":"All For One","floor":30.0},{"not_picked":["Hyperbeam","Rainbow"],"picked":"Electrodynamics","floor":33.0},{"not_picked":["Conserve Battery","Doom and Gloom"],"picked":"Hologram","floor":35.0},{"not_picked":["Rebound+1","Ball Lightning"],"picked":"Gash","floor":37.0},{"not_picked":["Lockon","Self Repair","Rebound"],"picked":"SKIP","floor":39.0},{"not_picked":["Stack","Rebound"],"picked":"Undo","floor":40.0},{"not_picked":["Fusion","Beam Cell","Aggregate+1"],"picked":"SKIP","floor":41.0},{"not_picked":["Hello World+1","Consume"],"picked":"Beam Cell+1","floor":45},{"not_picked":["Cold Snap","Loop+1"],"picked":"Steam+1","floor":48},{"not_picked":["Rebound","All For One"],"picked":"Undo+1","floor":54}],"player_experience":702195,"relics_obtained":[{"floor":6.0,"key":"Shuriken"},{"floor":12.0,"key":"Shovel"},{"floor":14.0,"key":"Tiny Chest"},{"floor":15.0,"key":"Strawberry"},{"floor":23.0,"key":"Whetstone"},{"floor":30.0,"key":"Boot"},{"floor":32.0,"key":"Mercury Hourglass"},{"floor":37.0,"key":"Incense Burner"},{"floor":40.0,"key":"Blood Vial"},{"floor":54,"key":"Lantern"}],"event_choices":[{"damage_healed":0.0,"max_hp_gain":0.0,"max_hp_loss":7.0,"gold_gain":0.0,"event_name":"Golden Idol","player_choice":"Lose Max HP","floor":2.0,"gold_loss":0.0,"damage_taken":0.0,"relics_obtained":["Golden Idol"]},{"damage_healed":0.0,"max_hp_gain":0.0,"max_hp_loss":0.0,"gold_gain":0.0,"event_name":"Liars Game","player_choice":"Ignored","floor":4.0,"gold_loss":0.0,"damage_taken":0.0},{"damage_healed":0.0,"max_hp_gain":0.0,"max_hp_loss":0.0,"gold_gain":0.0,"cards_transformed":["Strike_B"],"event_name":"Transmorgrifier","player_choice":"Transformed","floor":20.0,"gold_loss":0.0,"damage_taken":0.0,"cards_obtained":["Reinforced Body"]},{"damage_healed":0.0,"max_hp_gain":0.0,"max_hp_loss":0.0,"gold_gain":0.0,"event_name":"Back to Basics","player_choice":"Simplicity","floor":27.0,"gold_loss":0.0,"damage_taken":0.0,"cards_upgraded":["Strike_B","Strike_B","Defend_B","Defend_B","Defend_B","Defend_B"]},{"damage_healed":0.0,"max_hp_gain":0.0,"max_hp_loss":0.0,"gold_gain":0.0,"event_name":"Mysterious Sphere","player_choice":"Fight","floor":37.0,"gold_loss":0.0,"damage_taken":0.0},{"cards_removed":["Strike_B"],"damage_healed":0.0,"max_hp_gain":0.0,"max_hp_loss":0.0,"gold_gain":0.0,"event_name":"Falling","player_choice":"Removed Attack","floor":38.0,"gold_loss":0.0,"damage_taken":0.0},{"cards_removed":["Strike_B"],"damage_healed":0,"gold_gain":0,"player_choice":"Offered Basic","damage_taken":0,"max_hp_gain":0,"max_hp_loss":0,"event_name":"Bonfire Elementals","floor":47,"gold_loss":0}],"is_beta":false,"boss_relics":[{"not_picked":["Astrolabe","Nuclear Battery"],"picked":"Cursed Key"},{"not_picked":["Philosopher\u0027s Stone","Pandora\u0027s Box"],"picked":"Sozu"}],"items_purged_floors":[19,36],"is_endless":false,"potions_floor_spawned":[3,5,11,12,21,22,23,33,37,39,48],"killed_by":"The Heart","ascension_level":15}