{"gold_per_floor":[112,130,130,205,205,205,262,272,321,321,341,400,420,433,433,433],"floor_reached":16,"playtime":508,"items_purged":[],"score":102,"play_id":"fd317b59-9931-4162-b524-ad1dc01c54db","local_time":"20190731201655","is_ascension_mode":false,"campfire_choices":[{"data":"Bash","floor":6,"key":"SMITH"},{"data":"Shrug It Off","floor":10,"key":"SMITH"},{"floor":15,"key":"REST"}],"neow_cost":"NONE","seed_source_timestamp":784408558394671,"circlet_count":0,"master_deck":["Strike_R","Strike_R","Strike_R","Strike_R","Defend_R","Defend_R","Defend_R","Defend_R","Bash+1","Shrug It Off+1"],"relics":["Burning Blood","Tiny Chest","Boot","Potion Belt"],"potions_floor_usage":[16],"damage_taken":[{"damage":8,"enemies":"Jaw Worm","floor":1,"turns":4},{"damage":4,"enemies":"Small Slimes","floor":2,"turns":4},{"damage":31,"enemies":"Gremlin Nob","floor":7,"turns":5},{"damage":1,"enemies":"Cultist","floor":8,"turns":4},{"damage":18,"enemies":"Lots of Slimes","floor":11,"turns":6},{"damage":28,"enemies":"Gremlin Nob","floor":12,"turns":5},{"damage":1,"enemies":"Looter","floor":13,"turns":4},{"damage":16,"enemies":"Gremlin Gang","floor":14,"turns":6},{"damage":34,"enemies":"Hexaghost","floor":16,"turns":9}],"seed_played":"8021482401860161674","potions_obtained":[{"floor":7,"key":"Swift Potion"},{"floor":8,"key":"SkillPotion"},{"floor":14,"key":"Swift Potion"}],"is_trial":false,"path_per_floor":["M","M","$","?","?","R","E","M","T","R","M","?","M","M","R","B"],"character_chosen":"IRONCLAD","items_purchased":[],"campfire_rested":1,"item_purchase_floors":[],"current_hp_per_floor":[78,80,80,69,69,69,44,49,49,49,37,15,20,10,34,0],"gold":433,"neow_bonus":"TRANSFORM_CARD","is_prod":false,"is_daily":false,"chose_seed":false,"campfire_upgraded":2,"win_rate":0,"timestamp":1564618615,"path_taken":["M","M","$","?","?","R","E","M","T","R","?","?","M","M","R","BOSS"],"build_version":"2019-07-17","purchased_purges":0,"victory":false,"max_hp_per_floor":[80,80,80,80,80,80,80,80,80,80,80,80,80,80,80,80],"card_choices":[{"not_picked":["Flex","Ghostly Armor","Pommel Strike"],"picked":"SKIP","floor":1},{"not_picked":["Sever Soul","Warcry","Headbutt"],"picked":"SKIP","floor":2},{"not_picked":["Twin Strike","Anger","Pommel Strike"],"picked":"SKIP","floor":7},{"not_picked":["Battle Trance","Cleave"],"picked":"Shrug It Off","floor":8},{"not_picked":["Iron Wave","Armaments","Anger"],"picked":"SKIP","floor":11},{"not_picked":["Anger","Perfected Strike","Flex"],"picked":"SKIP","floor":13},{"not_picked":["Feel No Pain","Headbutt","Reckless Charge"],"picked":"SKIP","floor":14}],"player_experience":1200357,"relics_obtained":[{"floor":7,"key":"Tiny Chest"},{"floor":9,"key":"Boot"}],"event_choices":[{"damage_healed":0,"gold_gain":75,"player_choice":"Gather Gold","damage_taken":11,"max_hp_gain":0,"max_hp_loss":0,"event_name":"World of Goop","floor":4,"gold_loss":0},{"cards_removed":["Warcry"],"damage_healed":0,"gold_gain":0,"player_choice":"Forget","damage_taken":0,"max_hp_gain":0,"max_hp_loss":0,"event_name":"Living Wall","floor":5,"gold_loss":0},{"damage_healed":0,"gold_gain":0,"player_choice":"Searched \u00272\u0027 times","damage_taken":0,"relics_obtained":["Potion Belt"],"max_hp_gain":0,"max_hp_loss":0,"event_name":"Dead Adventurer","floor":12,"gold_loss":0}],"is_beta":false,"boss_relics":[],"items_purged_floors":[],"is_endless":false,"potions_floor_spawned":[7,8,14],"killed_by":"Hexaghost","ascension_level":0}