{"gold_per_floor":[110,110,121,140,16,16,45,45,94,110,110,123,153,173,173,270,270,287,287,48,48,65,100,100,100,152,152],"floor_reached":27,"playtime":4076,"items_purged":[],"score":241,"play_id":"f6f4e0ba-0cbd-49d9-b9fb-add5deaec6fe","local_time":"20190318211923","is_ascension_mode":false,"campfire_choices":[{"data":"Neutralize","floor":6,"key":"SMITH"},{"floor":11,"key":"REST"},{"data":"Terror","floor":15,"key":"SMITH"},{"data":"Apotheosis","floor":25,"key":"SMITH"}],"neow_cost":"CURSE","seed_source_timestamp":181535331876629,"circlet_count":0,"master_deck":["Defend_G","Defend_G","Defend_G","Defend_G","Defend_G","Strike_G","Strike_G","Strike_G","Strike_G","Strike_G","Survivor","Neutralize+1","Heel Hook","Blur","Heel Hook","Deflect","Footwork","Terror+1","Cloak And Dagger","All Out Attack","Dagger Throw","Bullet Time+1","Riddle With Holes","Apotheosis+1","Calculated Gamble","Footwork"],"relics":["Ring of the Serpent","Boot","Ancient Tea Set","Meat on the Bone","Orichalcum"],"potions_floor_usage":[7,23,27],"damage_taken":[{"damage":2,"enemies":"Small Slimes","floor":1,"turns":4},{"damage":0,"enemies":"Jaw Worm","floor":3,"turns":3},{"damage":4,"enemies":"Cultist","floor":4,"turns":4},{"damage":30,"enemies":"Gremlin Nob","floor":7,"turns":6},{"damage":3,"enemies":"Large Slime","floor":10,"turns":8},{"damage":0,"enemies":"Lots of Slimes","floor":12,"turns":6},{"damage":12,"enemies":"Lagavulin","floor":13,"turns":8},{"damage":2,"enemies":"Blue Slaver","floor":14,"turns":4},{"damage":42,"enemies":"Slime Boss","floor":16,"turns":15},{"damage":12,"enemies":"Spheric Guardian","floor":18,"turns":8},{"damage":0,"enemies":"3 Byrds","floor":22,"turns":5},{"damage":33,"enemies":"Slavers","floor":23,"turns":5},{"damage":41,"enemies":"Gremlin Leader","floor":27,"turns":5}],"seed_played":"3213470782306364998","potions_obtained":[{"floor":3,"key":"EssenceOfSteel"},{"floor":4,"key":"SkillPotion"},{"floor":7,"key":"Swift Potion"},{"floor":13,"key":"SteroidPotion"},{"floor":16,"key":"SkillPotion"},{"floor":23,"key":"Fire Potion"}],"is_trial":false,"path_per_floor":["M","?","M","M","$","R","E","$","T","M","R","M","E","M","R","B",null,"M","?","$","?","M","E","?","R","T","E"],"character_chosen":"THE_SILENT","items_purchased":["Deflect","Footwork","Apotheosis","Calculated Gamble"],"campfire_rested":1,"item_purchase_floors":[5,5,20,20],"current_hp_per_floor":[82,82,82,78,78,78,48,48,48,45,70,70,58,56,56,14,84,72,72,72,72,72,39,39,39,39,0],"gold":152,"neow_bonus":"TWENTY_PERCENT_HP_BONUS","is_prod":false,"is_daily":false,"chose_seed":false,"campfire_upgraded":3,"win_rate":0,"timestamp":1552958363,"path_taken":["M","?","M","M","$","R","E","$","T","M","R","M","E","M","R","BOSS","M","?","$","?","?","E","?","R","T","E"],"build_version":"2019-01-23","purchased_purges":0,"victory":false,"max_hp_per_floor":[84,84,84,84,84,84,84,84,84,84,84,84,84,84,84,84,84,84,84,84,84,84,84,84,84,84,84],"card_choices":[{"not_picked":["Endless Agony","Bane"],"picked":"Heel Hook","floor":1},{"not_picked":["Sucker Punch","Dagger Spray"],"picked":"Blur","floor":3},{"not_picked":["Concentrate","Poisoned Stab"],"picked":"Heel Hook","floor":4},{"not_picked":["Escape Plan","Acrobatics"],"picked":"Terror","floor":7},{"not_picked":["Deadly Poison","Flechettes"],"picked":"Cloak And Dagger","floor":10},{"not_picked":["Leg Sweep","Endless Agony"],"picked":"All Out Attack","floor":12},{"not_picked":["Poisoned Stab","Quick Slash","Deadly Poison"],"picked":"SKIP","floor":13},{"not_picked":["Deadly Poison","Reflex"],"picked":"Dagger Throw","floor":14},{"not_picked":["Night Terror","Wraith Form v2"],"picked":"Bullet Time","floor":16},{"not_picked":["Quick Slash","Bane","Masterful Stab+1"],"picked":"SKIP","floor":18},{"not_picked":["Concentrate","Deflect","Blade Dance"],"picked":"SKIP","floor":22},{"not_picked":["Dagger Throw","Underhanded Strike","Setup"],"picked":"SKIP","floor":23}],"player_experience":732253,"relics_obtained":[{"floor":7,"key":"Boot"},{"floor":13,"key":"Ancient Tea Set"},{"floor":23,"key":"Meat on the Bone"},{"floor":26,"key":"Orichalcum"}],"event_choices":[{"cards_removed":["Decay"],"damage_healed":0,"gold_gain":0,"player_choice":"Forget","damage_taken":0,"max_hp_gain":0,"max_hp_loss":0,"event_name":"Living Wall","floor":2,"gold_loss":0},{"damage_healed":0,"gold_gain":0,"player_choice":"Read","damage_taken":0,"max_hp_gain":0,"max_hp_loss":0,"event_name":"The Library","floor":19,"gold_loss":0,"cards_obtained":["Riddle With Holes"]},{"damage_healed":0,"gold_gain":0,"player_choice":"Forge","damage_taken":0,"max_hp_gain":0,"max_hp_loss":0,"event_name":"Accursed Blacksmith","floor":21,"gold_loss":0,"cards_upgraded":["Bullet Time"]},{"damage_healed":0,"gold_gain":0,"player_choice":"Copied","damage_taken":0,"max_hp_gain":0,"max_hp_loss":0,"event_name":"Duplicator","floor":24,"gold_loss":0,"cards_obtained":["Footwork"]}],"is_beta":false,"boss_relics":[{"not_picked":["Orrery","Lizard Tail"],"picked":"Ring of the Serpent"}],"items_purged_floors":[],"is_endless":false,"potions_floor_spawned":[3,4,7,12,13,16,23],"killed_by":"Gremlin Leader","ascension_level":0}