{"gold_per_floor":[117,136,151,169,169,169,196,215,238,268,268,280,315,327,327,404,404,419,2,2,17,17,17,43,43,115,115,115,126,51,64,64,136,136,149,149,49,59,59,59,76,103,103,103,50,63,83,83],"floor_reached":48,"playtime":4434,"items_purged":["Strike_B","Zap"],"score":1049,"play_id":"1ac3b216-f0d4-4c49-98be-af0f5b584388","local_time":"20190705221115","is_ascension_mode":true,"campfire_choices":[{"data":"Reinforced Body","floor":6.0,"key":"SMITH"},{"floor":15.0,"key":"REST"},{"floor":23.0,"key":"REST"},{"floor":25,"key":"REST"},{"data":"Sweeping Beam","floor":28,"key":"SMITH"},{"floor":32,"key":"REST"},{"data":"Loop","floor":40,"key":"SMITH"},{"data":"Double Energy","floor":44,"key":"SMITH"}],"neow_cost":"NONE","seed_source_timestamp":456736525952246,"circlet_count":0,"master_deck":["AscendersBane","Strike_B+1","Strike_B+1","Defend_B+1","Defend_B+1","Defend_B+1","Dualcast","Auto Shields","Reinforced Body+1","Darkness","Conserve Battery","Cold Snap","Redo","Fusion+1","Loop+1","Capacitor","Sweeping Beam+1","Reboot","Compile Driver","Reinforced Body","Tempest","Reinforced Body","Sweeping Beam","Steam+1","Darkness","Glacier","Core Surge","Double Energy+1","Conserve Battery","Steam+1","Stack","Darkness"],"special_seed":0,"relics":["Cracked Core","Emotion Chip","Dream Catcher","Happy Flower","Strawberry","Eternal Feather","Incense Burner","Nilry\u0027s Codex","Bag of Preparation","Blue Candle","Runic Pyramid","Omamori","Bag of Marbles"],"potions_floor_usage":[24,33,41],"damage_taken":[{"damage":0.0,"enemies":"2 Louse","floor":1.0,"turns":2.0},{"damage":0.0,"enemies":"Small Slimes","floor":2.0,"turns":3.0},{"damage":2.0,"enemies":"Jaw Worm","floor":3.0,"turns":4.0},{"damage":0.0,"enemies":"2 Fungi Beasts","floor":4.0,"turns":3.0},{"damage":7.0,"enemies":"3 Sentries","floor":7.0,"turns":8.0},{"damage":1.0,"enemies":"Blue Slaver","floor":8.0,"turns":4.0},{"damage":5.0,"enemies":"Lagavulin","floor":10.0,"turns":7.0},{"damage":7.0,"enemies":"Large Slime","floor":12.0,"turns":4.0},{"damage":21.0,"enemies":"3 Sentries","floor":13.0,"turns":9.0},{"damage":8.0,"enemies":"3 Louse","floor":14.0,"turns":3.0},{"damage":18.0,"enemies":"The Guardian","floor":16.0,"turns":10.0},{"damage":11.0,"enemies":"Spheric Guardian","floor":18.0,"turns":7.0},{"damage":14.0,"enemies":"Chosen","floor":21.0,"turns":5.0},{"damage":28,"enemies":"Slavers","floor":24,"turns":8},{"damage":21,"enemies":"Shelled Parasite and Fungi","floor":29,"turns":4},{"damage":22,"enemies":"3 Cultists","floor":31,"turns":5},{"damage":32,"enemies":"Collector","floor":33,"turns":11},{"damage":0,"enemies":"Orb Walker","floor":35,"turns":4},{"damage":9,"enemies":"3 Shapes","floor":38,"turns":4},{"damage":4,"enemies":"Sphere and 2 Shapes","floor":41,"turns":12},{"damage":0,"enemies":"Nemesis","floor":42,"turns":9},{"damage":1,"enemies":"Writhing Mass","floor":46,"turns":7},{"damage":15,"enemies":"Maw","floor":47,"turns":10},{"damage":87,"enemies":"Transient","floor":48,"turns":6}],"seed_played":"-5298942741250608455","potions_obtained":[{"floor":1.0,"key":"AttackPotion"},{"floor":2.0,"key":"GamblersBrew"},{"floor":12.0,"key":"SkillPotion"},{"floor":13.0,"key":"Ancient Potion"},{"floor":14.0,"key":"FearPotion"},{"floor":29,"key":"LiquidBronze"},{"floor":31,"key":"Block Potion"},{"floor":33,"key":"AttackPotion"},{"floor":42,"key":"EssenceOfSteel"}],"is_trial":false,"path_per_floor":["M","M","M","M","?","R","E","M","T","E","?","M","E","M","R","B",null,"M","$","?","M","?","R","E","R","T","?","R","M","$","M","R","B",null,"M","?","$","M","?","R","M","E","T","R","$","M","M","M"],"character_chosen":"DEFECT","items_purchased":["Incense Burner","Darkness","Stack"],"campfire_rested":4,"item_purchase_floors":[19,30,45],"current_hp_per_floor":[64,64,62,62,55,55,48,47,47,42,42,35,21,13,36,18,63,52,52,31,17,17,52,24,59,59,59,71,50,50,28,66,34,67,67,67,67,58,58,73,69,69,69,78,78,77,62,0],"gold":83,"neow_bonus":"REMOVE_CARD","is_prod":false,"is_daily":false,"chose_seed":false,"campfire_upgraded":4,"win_rate":0,"timestamp":1562379075,"path_taken":["M","M","M","M","?","R","E","M","T","E","?","M","E","M","R","BOSS","M","$","?","M","?","R","E","R","T","?","R","M","?","M","R","BOSS","M","?","$","M","?","R","M","E","T","R","$","M","M","?"],"build_version":"2019-07-05","purchased_purges":2,"victory":false,"max_hp_per_floor":[71,71,71,71,71,71,71,71,71,71,71,71,78,78,78,78,78,78,78,78,78,78,78,78,78,78,78,78,78,78,78,78,78,78,78,78,78,78,78,78,78,78,78,78,78,78,78,78],"card_choices":[{"not_picked":["Sunder","Reprogram"],"picked":"Auto Shields","floor":1.0},{"not_picked":["Go for the Eyes","Redo"],"picked":"Reinforced Body","floor":2.0},{"not_picked":["Genetic Algorithm","Gash"],"picked":"Darkness","floor":3.0},{"not_picked":["Scrape","Barrage"],"picked":"Conserve Battery","floor":4.0},{"not_picked":["Stack","Creative AI"],"picked":"Cold Snap","floor":7.0},{"not_picked":["Cold Snap","Hologram"],"picked":"Redo","floor":8.0},{"not_picked":["Static Discharge","Leap"],"picked":"Fusion","floor":10.0},{"not_picked":["Darkness","Heatsinks"],"picked":"Loop","floor":12.0},{"not_picked":["Turbo","Barrage","Gash"],"picked":"SKIP","floor":13.0},{"not_picked":["Coolheaded","Undo"],"picked":"Capacitor","floor":14.0},{"not_picked":["Self Repair","Rebound"],"picked":"Sweeping Beam","floor":15.0},{"not_picked":["Creative AI","Amplify"],"picked":"Reboot","floor":16.0},{"not_picked":["Cold Snap","Scrape+1"],"picked":"Compile Driver","floor":18.0},{"not_picked":["Ball Lightning","Redo"],"picked":"Reinforced Body","floor":21.0},{"not_picked":["Barrage","Cold Snap"],"picked":"Tempest","floor":23.0},{"not_picked":["Rip and Tear","Amplify"],"picked":"Reinforced Body","floor":24},{"not_picked":["Gash+1","Coolheaded"],"picked":"Steam+1","floor":29},{"not_picked":["Undo","Ball Lightning"],"picked":"Glacier","floor":31},{"not_picked":["Amplify","Meteor Strike"],"picked":"Core Surge","floor":33},{"not_picked":["Steam","Sunder"],"picked":"Double Energy","floor":35},{"not_picked":["Chill+1","Melter"],"picked":"Conserve Battery","floor":38},{"not_picked":["Leap+1","Hologram"],"picked":"Steam+1","floor":41},{"not_picked":["Melter+1","Turbo","Force Field"],"picked":"SKIP","floor":42},{"not_picked":["Self Repair","Fusion","Compile Driver"],"picked":"SKIP","floor":46},{"not_picked":["Beam Cell","Electrodynamics"],"picked":"Darkness","floor":47}],"player_experience":1108851,"relics_obtained":[{"floor":7.0,"key":"Emotion Chip"},{"floor":9.0,"key":"Dream Catcher"},{"floor":10.0,"key":"Happy Flower"},{"floor":13.0,"key":"Strawberry"},{"floor":20.0,"key":"Nilry\u0027s Codex"},{"floor":24,"key":"Bag of Preparation"},{"floor":26,"key":"Blue Candle"},{"floor":42,"key":"Omamori"},{"floor":43,"key":"Bag of Marbles"}],"event_choices":[{"cards_removed":["Defend_B"],"damage_healed":0.0,"max_hp_gain":0.0,"max_hp_loss":0.0,"gold_gain":0.0,"event_name":"Golden Wing","player_choice":"Card Removal","floor":5.0,"gold_loss":0.0,"damage_taken":7.0},{"damage_healed":0.0,"max_hp_gain":0.0,"max_hp_loss":0.0,"gold_gain":0.0,"event_name":"Living Wall","player_choice":"Grow","floor":11.0,"gold_loss":0.0,"damage_taken":0.0,"cards_upgraded":["Fusion"]},{"damage_healed":0.0,"max_hp_gain":0.0,"max_hp_loss":0.0,"gold_gain":0.0,"event_name":"Cursed Tome","player_choice":"Obtained Book","floor":20.0,"gold_loss":0.0,"damage_taken":21.0},{"damage_healed":0.0,"max_hp_gain":0.0,"max_hp_loss":0.0,"gold_gain":0.0,"event_name":"Back to Basics","player_choice":"Simplicity","floor":22.0,"gold_loss":0.0,"damage_taken":0.0,"cards_upgraded":["Strike_B","Strike_B","Defend_B","Defend_B","Defend_B"]},{"damage_healed":0,"gold_gain":0,"player_choice":"Read","damage_taken":0,"max_hp_gain":0,"max_hp_loss":0,"event_name":"The Library","floor":27,"gold_loss":0,"cards_obtained":["Sweeping Beam"]},{"damage_healed":0,"gold_gain":0,"player_choice":"Ignored","damage_taken":0,"max_hp_gain":0,"max_hp_loss":0,"event_name":"Tomb of Lord Red Mask","floor":36,"gold_loss":0},{"damage_healed":0,"gold_gain":0,"player_choice":"Ignored","damage_taken":0,"max_hp_gain":0,"max_hp_loss":0,"event_name":"SecretPortal","floor":39,"gold_loss":0}],"is_beta":false,"boss_relics":[{"not_picked":["Ectoplasm","Lizard Tail"],"picked":"Eternal Feather"},{"not_picked":["Runic Dome","Philosopher\u0027s Stone"],"picked":"Runic Pyramid"}],"items_purged_floors":[19,37],"is_endless":false,"potions_floor_spawned":[1,2,12,13,14,16,29,31,33,42,47],"killed_by":"Transient","ascension_level":18}