{"gold_per_floor":[118,11,11,21,36,36,56,56,56,68,168,197,197,215,215,314,314,333,333,346,363,363,363,393,408,408,408,408],"floor_reached":28,"playtime":1495,"items_purged":[],"score":372,"play_id":"be751dec-1118-4571-a82a-c25ace67ee49","local_time":"20180925233547","is_ascension_mode":true,"campfire_choices":[{"floor":6.0,"key":"REST"},{"floor":13.0,"key":"REST"},{"data":"Bouncing Flask","floor":15.0,"key":"SMITH"},{"floor":23,"key":"REST"}],"neow_cost":"NONE","seed_source_timestamp":1656320095312769,"circlet_count":0,"master_deck":["Defend_G","Defend_G","Defend_G+1","Defend_G","Strike_G+1","Strike_G","Strike_G","Strike_G","Survivor+1","Neutralize","AscendersBane","Riddle With Holes","Good Instincts","Slice","Flying Knee","Dagger Spray+1","Dash","Deflect","Bouncing Flask+1","Doppelganger","Leg Sweep","Necronomicurse","Catalyst","Decay"],"special_seed":0,"relics":["Empty Cage","Mercury Hourglass","War Paint","The Courier","Busted Crown","Necronomicon","PreservedInsect","Singing Bowl"],"potions_floor_usage":[21,24,28],"damage_taken":[{"damage":10.0,"enemies":"Jaw Worm","floor":1.0,"turns":5.0},{"damage":4.0,"enemies":"Small Slimes","floor":4.0,"turns":4.0},{"damage":0.0,"enemies":"2 Louse","floor":5.0,"turns":2.0},{"damage":4.0,"enemies":"Blue Slaver","floor":7.0,"turns":3.0},{"damage":0.0,"enemies":"2 Fungi Beasts","floor":10.0,"turns":2.0},{"damage":21.0,"enemies":"Gremlin Nob","floor":12.0,"turns":5.0},{"damage":0.0,"enemies":"Looter","floor":14.0,"turns":3.0},{"damage":7.0,"enemies":"Hexaghost","floor":16.0,"turns":9.0},{"damage":11.0,"enemies":"Shell Parasite","floor":18.0,"turns":5.0},{"damage":0.0,"enemies":"3 Byrds","floor":20.0,"turns":3.0},{"damage":14,"enemies":"Sentry and Sphere","floor":21,"turns":5},{"damage":22,"enemies":"Slavers","floor":24,"turns":5},{"damage":18,"enemies":"Snake Plant","floor":25,"turns":4},{"damage":9,"enemies":"Cultist and Chosen","floor":28,"turns":4}],"seed_played":"-1873737816164290581","potions_obtained":[{"floor":5.0,"key":"SkillPotion"},{"floor":10.0,"key":"PowerPotion"},{"floor":21,"key":"SkillPotion"},{"floor":25,"key":"PowerPotion"}],"is_trial":false,"path_per_floor":["M","$","?","M","M","R","M","?","T","M","?","E","R","M","R","B",null,"M","?","M","M","?","R","E","M","T","?"],"character_chosen":"THE_SILENT","items_purchased":["Good Instincts"],"campfire_rested":3,"item_purchase_floors":[2],"current_hp_per_floor":[53,53,41,37,37,58,54,40,40,40,40,19,40,40,40,33,61,50,34,34,20,20,41,19,1,1,1,0],"gold":408,"neow_bonus":"BOSS_RELIC","is_prod":false,"is_daily":false,"chose_seed":false,"campfire_upgraded":1,"win_rate":0,"timestamp":1537932947,"path_taken":["M","$","?","M","M","R","M","?","T","M","?","E","R","M","R","BOSS","M","?","M","M","?","R","E","?","T","?","M"],"build_version":"2018-09-20","purchased_purges":0,"victory":false,"max_hp_per_floor":[70,70,70,70,70,70,70,70,70,70,70,70,70,70,70,70,70,70,70,70,70,70,70,70,70,70,70,70],"card_choices":[{"not_picked":["Bane","Well Laid Plans"],"picked":"Riddle With Holes","floor":1.0},{"not_picked":["Underhanded Strike","Poisoned Stab"],"picked":"Slice","floor":4.0},{"not_picked":["Eviscerate","Blade Dance"],"picked":"Flying Knee","floor":5.0},{"not_picked":["Poisoned Stab","Flechettes"],"picked":"Dagger Spray","floor":7.0},{"not_picked":["Caltrops","PiercingWail"],"picked":"Dash","floor":10.0},{"not_picked":["Noxious Fumes","Tactician"],"picked":"Deflect","floor":12.0},{"not_picked":["PiercingWail","Slice"],"picked":"Bouncing Flask","floor":14.0},{"not_picked":["Storm of Steel","A Thousand Cuts"],"picked":"Doppelganger","floor":16.0},{"not_picked":[],"picked":"Leg Sweep","floor":18.0},{"not_picked":[],"picked":"Catalyst","floor":20.0},{"not_picked":["Infinite Blades"],"picked":"SKIP","floor":21},{"not_picked":["Concentrate"],"picked":"SKIP","floor":24},{"not_picked":["Tactician"],"picked":"SKIP","floor":25}],"player_experience":482473,"relics_obtained":[{"floor":9.0,"key":"War Paint"},{"floor":12.0,"key":"The Courier"},{"floor":19.0,"key":"Necronomicon"},{"floor":24,"key":"PreservedInsect"},{"floor":26,"key":"Singing Bowl"}],"event_choices":[{"event_name":"Scrap Ooze","player_choice":"success","floor":3.0,"damage_taken":12.0},{"event_name":"Shining Light","player_choice":"Entered Light","floor":8.0,"damage_taken":0.0},{"event_name":"Wheel of Change","player_choice":"Gold","floor":11.0,"damage_taken":0.0},{"event_name":"Cursed Tome","player_choice":"Obtained Book","floor":19.0,"damage_taken":0.0},{"event_name":"Wheel of Change","player_choice":"Curse","floor":22,"damage_taken":0},{"event_name":"The Mausoleum","player_choice":"No","floor":27,"damage_taken":0}],"is_beta":false,"boss_relics":[{"not_picked":["Tiny House","Orrery"],"picked":"Busted Crown"}],"items_purged_floors":[],"is_endless":false,"potions_floor_spawned":[5,10,16,21,25],"killed_by":"Cultist and Chosen","ascension_level":11}