{"gold_per_floor":[15,15,15,39,62,106,106,139,139,139,163,178,178,201,201,290,290,290,215,215,115,115,115,115,115,115,115,115,115,115,115,115,115],"floor_reached":33,"playtime":1699,"items_purged":["Strike_R","Strike_R"],"score":627,"play_id":"4e849647-a939-4fbb-812d-544524d9e410","local_time":"20190701213844","is_ascension_mode":true,"campfire_choices":[{"floor":7.0,"key":"REST"},{"data":"Uppercut","floor":10.0,"key":"SMITH"},{"data":"Bludgeon","floor":13.0,"key":"SMITH"},{"data":"Shrug It Off","floor":15.0,"key":"SMITH"},{"data":"Disarm","floor":23.0,"key":"SMITH"},{"data":"Pommel Strike","floor":25.0,"key":"SMITH"},{"data":"Spot Weakness","floor":27.0,"key":"SMITH"},{"data":"Whirlwind","floor":32.0,"key":"SMITH"}],"neow_cost":"NO_GOLD","seed_source_timestamp":111989547979313,"circlet_count":0,"master_deck":["AscendersBane","Strike_R","Strike_R","Strike_R","Defend_R","Defend_R","Defend_R","Defend_R","Bash","Bludgeon+1","Spot Weakness+1","Thunderclap","Whirlwind+1","Uppercut+1","Feed","Shrug It Off+1","Reaper","Impervious","Disarm+1","Pommel Strike+1","Disarm+1","Rage","Twin Strike+1"],"special_seed":0,"relics":["Burning Blood","Golden Idol","Sundial","Potion Belt","Meat on the Bone","Ectoplasm","Molten Egg 2","Strawberry","Dead Branch","Kunai"],"potions_floor_usage":[33],"damage_taken":[{"damage":7.0,"enemies":"2 Louse","floor":1.0,"turns":3.0},{"damage":7.0,"enemies":"Small Slimes","floor":4.0,"turns":3.0},{"damage":9.0,"enemies":"Jaw Worm","floor":5.0,"turns":3.0},{"damage":40.0,"enemies":"Lagavulin","floor":6.0,"turns":6.0},{"damage":32.0,"enemies":"Gremlin Nob","floor":8.0,"turns":4.0},{"damage":9.0,"enemies":"Blue Slaver","floor":11.0,"turns":2.0},{"damage":12.0,"enemies":"3 Louse","floor":12.0,"turns":5.0},{"damage":17.0,"enemies":"Large Slime","floor":14.0,"turns":7.0},{"damage":12.0,"enemies":"The Guardian","floor":16.0,"turns":9.0},{"damage":16.0,"enemies":"Spheric Guardian","floor":18.0,"turns":4.0},{"damage":0.0,"enemies":"Chosen","floor":20.0,"turns":5.0},{"damage":28.0,"enemies":"Snake Plant","floor":22.0,"turns":6.0},{"damage":47.0,"enemies":"Book of Stabbing","floor":24.0,"turns":7.0},{"damage":10.0,"enemies":"Chosen and Byrds","floor":28.0,"turns":8.0},{"damage":41.0,"enemies":"Slavers","floor":29.0,"turns":6.0},{"damage":11.0,"enemies":"Cultist and Chosen","floor":30.0,"turns":6.0},{"damage":8.0,"enemies":"Book of Stabbing","floor":31.0,"turns":6.0},{"damage":72,"enemies":"Automaton","floor":33,"turns":8}],"seed_played":"-522392256169481856","potions_obtained":[{"floor":4.0,"key":"Energy Potion"},{"floor":11.0,"key":"SteroidPotion"},{"floor":12.0,"key":"PowerPotion"},{"floor":14.0,"key":"Fire Potion"},{"floor":20.0,"key":"SteroidPotion"},{"floor":28.0,"key":"PowerPotion"},{"floor":30.0,"key":"Explosive Potion"}],"is_trial":false,"path_per_floor":["M","?","?","M","M","E","R","E","T","R","M","M","R","M","R","B",null,"M","$","M","$","M","R","E","R","T","R","M","E","M","E","R","B"],"character_chosen":"IRONCLAD","items_purchased":[],"campfire_rested":1,"item_purchase_floors":[],"current_hp_per_floor":[67,67,72,71,68,34,55,29,29,29,38,47,47,48,48,54,73,70,70,79,79,63,63,34,34,41,41,56,44,59,60,60,0],"gold":115,"neow_bonus":"THREE_RARE_CARDS","is_prod":false,"is_daily":false,"chose_seed":false,"campfire_upgraded":7,"win_rate":0,"timestamp":1562031524,"path_taken":["M","?","?","M","M","E","R","E","T","R","M","M","R","M","R","BOSS","M","$","M","$","M","R","E","R","T","R","M","E","M","E","R","BOSS"],"build_version":"2019-07-01","purchased_purges":2,"victory":false,"max_hp_per_floor":[75,68,73,73,73,73,73,73,73,73,73,76,76,76,76,79,79,79,79,79,79,82,82,82,82,89,89,92,95,95,98,98,98],"card_choices":[{"not_picked":["Offering","Demon Form"],"picked":"Bludgeon","floor":0.0},{"not_picked":["Armaments","Warcry"],"picked":"Spot Weakness","floor":1.0},{"not_picked":["Havoc","Body Slam"],"picked":"Thunderclap","floor":4.0},{"not_picked":["Clash","Perfected Strike"],"picked":"Whirlwind","floor":5.0},{"not_picked":["Flex","Iron Wave"],"picked":"Uppercut","floor":6.0},{"not_picked":["Rage","Armaments"],"picked":"Feed","floor":8.0},{"not_picked":["Seeing Red","Iron Wave"],"picked":"Shrug It Off","floor":11.0},{"not_picked":["Clothesline","Ghostly Armor","Perfected Strike"],"picked":"SKIP","floor":12.0},{"not_picked":["Shrug It Off","Twin Strike"],"picked":"Reaper","floor":14.0},{"not_picked":["Brutality","Barricade"],"picked":"Impervious","floor":16.0},{"not_picked":["Clash","Searing Blow"],"picked":"Disarm","floor":18.0},{"not_picked":["Cleave","Iron Wave","Flex"],"picked":"SKIP","floor":20.0},{"not_picked":["Entrench","Infernal Blade"],"picked":"Pommel Strike","floor":22.0},{"not_picked":["Carnage","Rupture","Hemokinesis"],"picked":"SKIP","floor":24.0},{"not_picked":["Clash+1","Berserk","Body Slam+1"],"picked":"SKIP","floor":28.0},{"not_picked":["Searing Blow+1","Hemokinesis+1"],"picked":"Disarm+1","floor":29.0},{"not_picked":["Wild Strike+1","Perfected Strike+1"],"picked":"Rage","floor":30.0},{"not_picked":["Anger+1","Searing Blow+1"],"picked":"Twin Strike+1","floor":31.0}],"player_experience":1090003,"relics_obtained":[{"floor":6.0,"key":"Sundial"},{"floor":8.0,"key":"Potion Belt"},{"floor":9.0,"key":"Meat on the Bone"},{"floor":24.0,"key":"Molten Egg 2"},{"floor":26.0,"key":"Strawberry"},{"floor":29.0,"key":"Dead Branch"},{"floor":31.0,"key":"Kunai"}],"event_choices":[{"damage_healed":0.0,"max_hp_gain":0.0,"max_hp_loss":7.0,"gold_gain":0.0,"event_name":"Golden Idol","player_choice":"Lose Max HP","floor":2.0,"gold_loss":0.0,"damage_taken":0.0,"relics_obtained":["Golden Idol"]},{"damage_healed":0.0,"max_hp_gain":5.0,"max_hp_loss":0.0,"gold_gain":0.0,"event_name":"Big Fish","player_choice":"Donut","floor":3.0,"gold_loss":0.0,"damage_taken":0.0}],"is_beta":false,"boss_relics":[{"not_picked":["Runic Cube","Empty Cage"],"picked":"Ectoplasm"}],"items_purged_floors":[19,21],"is_endless":false,"potions_floor_spawned":[4,11,12,14,20,28,30],"killed_by":"Automaton","ascension_level":18}