{"gold_per_floor":[119,119,119,132,82,82,100,100,100,100,51,51,79,79,79,198,198,218,218,208,221,236,236,263,263,290,313,313,331,331,352,352,476,476,491,824,824,824,840,840,404,404,429,439,450,470,470,470,470,470],"floor_reached":50,"playtime":3684,"items_purged":["Strike_G"],"score":594,"play_id":"1ccb7f67-13c5-4411-ade6-c7c7b1fe6a21","local_time":"20180829224855","is_ascension_mode":true,"campfire_choices":[{"data":"Dagger Throw","floor":6,"key":"SMITH"},{"data":"Underhanded Strike","floor":8,"key":"SMITH"},{"data":"Leg Sweep","floor":10,"key":"SMITH"},{"data":"Prepared","floor":12,"key":"SMITH"},{"data":"A Thousand Cuts","floor":15,"key":"SMITH"},{"data":"Tools of the Trade","floor":23,"key":"SMITH"},{"data":"Noxious Fumes","floor":25,"key":"SMITH"},{"data":"Venomology","floor":28,"key":"SMITH"},{"data":"Neutralize","floor":32,"key":"SMITH"},{"data":"Finisher","floor":40,"key":"SMITH"},{"data":"Terror","floor":42,"key":"SMITH"},{"data":"Defend_G","floor":47,"key":"SMITH"},{"data":"Defend_G","floor":49,"key":"SMITH"}],"neow_cost":"NONE","seed_source_timestamp":1197114335715751,"circlet_count":0,"master_deck":["Defend_G","Defend_G","Defend_G+1","Defend_G+1","Strike_G","Strike_G","Strike_G+1","Strike_G","Survivor+1","Neutralize+1","Dagger Throw+1","Leg Sweep+1","Underhanded Strike+1","Prepared+1","A Thousand Cuts+1","Tools of the Trade+1","Heel Hook+1","Noxious Fumes+1","Dagger Spray+1","Infinite Blades+1","Venomology+1","Finisher+1","Terror+1","Corpse Explosion","Dash+1","Dash+1","Venomology+1"],"relics":["Coffee Dripper","Question Card","Vajra","Runic Pyramid","Whetstone","Ancient Tea Set","Eternal Feather","Bag of Marbles","Bronze Scales","Snake Skull"],"potions_floor_usage":[18,20,22,27,31,33,33,33,44,45,45,46,46,46],"damage_taken":[{"damage":0,"enemies":"Small Slimes","floor":1,"turns":3},{"damage":0,"enemies":"2 Louse","floor":4,"turns":3},{"damage":0,"enemies":"Jaw Worm","floor":7,"turns":2},{"damage":4,"enemies":"Lagavulin","floor":13,"turns":7},{"damage":16,"enemies":"The Guardian","floor":16,"turns":10},{"damage":1,"enemies":"3 Byrds","floor":18,"turns":3},{"damage":0,"enemies":"2 Thieves","floor":20,"turns":4},{"damage":5,"enemies":"Snecko","floor":21,"turns":7},{"damage":15,"enemies":"Centurion and Healer","floor":22,"turns":5},{"damage":8,"enemies":"3 Cultists","floor":27,"turns":5},{"damage":3,"enemies":"Snecko","floor":29,"turns":5},{"damage":19,"enemies":"Snake Plant","floor":31,"turns":4},{"damage":9,"enemies":"Champ","floor":33,"turns":6},{"damage":24,"enemies":"3 Shapes","floor":35,"turns":4},{"damage":28,"enemies":"Flame Bruiser 1 Orb","floor":39,"turns":5},{"damage":5,"enemies":"4 Shapes","floor":44,"turns":2},{"damage":13,"enemies":"Spire Growth","floor":45,"turns":3},{"damage":0,"enemies":"Sphere and 2 Shapes","floor":46,"turns":3},{"damage":46,"enemies":"Awakened One","floor":50,"turns":2}],"seed_played":"-5455687624170480836","potions_obtained":[{"floor":13,"key":"AttackPotion"},{"floor":16,"key":"Block Potion"},{"floor":18,"key":"Fire Potion"},{"floor":22,"key":"Block Potion"},{"floor":29,"key":"Strength Potion"},{"floor":39,"key":"Block Potion"},{"floor":44,"key":"AttackPotion"},{"floor":45,"key":"SkillPotion"}],"is_trial":false,"path_per_floor":["M","?","?","M","?","R","M","R","T","R","$","R","E","?","R","B",null,"M","?","M","M","M","R","T","R","T","M","R","M","?","M","R","B",null,"M","?","?","?","M","R","$","R","T","M","M","M","R","?","R"],"character_chosen":"THE_SILENT","items_purchased":["Prepared","Strength Potion","Bag of Marbles","Bronze Scales"],"campfire_rested":0,"item_purchase_floors":[11,41,41,41],"current_hp_per_floor":[63,63,63,63,63,63,63,63,63,63,63,63,59,59,59,43,63,62,62,62,57,42,42,42,42,42,34,34,31,31,12,12,3,53,29,29,29,29,1,16,16,28,28,23,10,10,25,25,40,0],"gold":470,"neow_bonus":"BOSS_RELIC","is_prod":false,"is_daily":false,"chose_seed":false,"campfire_upgraded":13,"win_rate":0,"timestamp":1535597335,"path_taken":["M","?","?","M","?","R","?","R","T","R","$","R","E","?","R","BOSS","M","?","M","?","M","R","?","R","T","?","R","M","?","M","R","BOSS","M","?","?","?","M","R","$","R","T","M","M","M","R","?","R","BOSS"],"build_version":"2018-08-23v2","purchased_purges":1,"victory":false,"max_hp_per_floor":[70,70,70,70,70,70,70,70,70,70,70,70,70,70,70,70,70,70,70,70,70,70,70,70,70,70,70,70,70,70,70,70,70,70,70,70,70,70,70,70,70,70,70,70,70,70,70,70,70,70],"card_choices":[{"not_picked":["Backflip","Acrobatics"],"picked":"Dagger Throw","floor":1},{"not_picked":["Cloak And Dagger","Caltrops"],"picked":"Leg Sweep","floor":4},{"not_picked":["Choke","Footwork"],"picked":"Underhanded Strike","floor":7},{"not_picked":["Cloak And Dagger","Acrobatics","Footwork"],"picked":"A Thousand Cuts","floor":13},{"not_picked":["Phantasmal Killer","Corpse Explosion","Burst"],"picked":"Tools of the Trade","floor":16},{"not_picked":["Dash","Dagger Spray+1","Infinite Blades"],"picked":"Heel Hook+1","floor":18},{"not_picked":["Infinite Blades","Deadly Poison","Acrobatics"],"picked":"Noxious Fumes","floor":20},{"not_picked":["Cloak And Dagger+1","Sucker Punch","All Out Attack"],"picked":"Dagger Spray","floor":21},{"not_picked":["Flying Knee","Blade Dance","Bane+1"],"picked":"Infinite Blades+1","floor":22},{"not_picked":["Calculated Gamble+1","Flying Knee","Blade Dance"],"picked":"Venomology","floor":27},{"not_picked":["Leg Sweep","Well Laid Plans","Acrobatics"],"picked":"Finisher","floor":29},{"not_picked":["Finisher+1","Distraction","Leg Sweep"],"picked":"Terror","floor":31},{"not_picked":["Phantasmal Killer","Storm of Steel","Die Die Die"],"picked":"Corpse Explosion","floor":33},{"not_picked":["Blur+1","PiercingWail+1","Quick Slash","All Out Attack"],"picked":"SKIP","floor":35},{"not_picked":["Deflect+1","Concentrate+1","Masterful Stab","Setup+1"],"picked":"SKIP","floor":39},{"not_picked":["Cloak And Dagger+1","Leg Sweep+1","Backflip"],"picked":"Dash+1","floor":44},{"not_picked":["Dagger Spray","Sucker Punch+1","Backstab"],"picked":"Dash+1","floor":45},{"not_picked":["Outmaneuver","Poisoned Stab+1","Bane","Deflect+1"],"picked":"SKIP","floor":46}],"player_experience":329914,"relics_obtained":[{"floor":9,"key":"Question Card"},{"floor":13,"key":"Vajra"},{"floor":24,"key":"Whetstone"},{"floor":26,"key":"Ancient Tea Set"},{"floor":43,"key":"Snake Skull"}],"event_choices":[{"event_name":"Scrap Ooze","player_choice":"unsuccessful","floor":2,"damage_taken":0},{"event_name":"Living Wall","player_choice":"Grow","floor":3,"damage_taken":0},{"event_name":"The Cleric","player_choice":"Card Removal","floor":5,"damage_taken":0},{"event_name":"Golden Idol","player_choice":"Take Wound","floor":14,"damage_taken":0},{"event_name":"Fountain of Cleansing","player_choice":"Removed Curse","floor":19,"damage_taken":0},{"event_name":"Match and Keep!","player_choice":"0 cards matched","floor":30,"damage_taken":0},{"event_name":"The Moai Head","player_choice":"Gave Idol","floor":36,"damage_taken":0},{"event_name":"Mysterious Sphere","player_choice":"Ignore","floor":37,"damage_taken":0},{"event_name":"Tomb of Lord Red Mask","player_choice":"Ignored","floor":38,"damage_taken":0},{"event_name":"Duplicator","player_choice":"One dupe","floor":48,"damage_taken":0}],"is_beta":false,"boss_relics":[{"not_picked":["Orrery","Runic Dome"],"picked":"Runic Pyramid"},{"not_picked":["Cursed Key","HoveringKite"],"picked":"Eternal Feather"}],"items_purged_floors":[41],"is_endless":false,"potions_floor_spawned":[13,16,18,22,29,39,44,45],"killed_by":"Awakened One","ascension_level":7}