{"gold_per_floor":[113,113,133,41,41,41,6,40,64,14,35,35,60,80,80,205,205,220,220,245,245,259,259,0,0,0,13,13,13,13,36,36,161,161,174,507,526,526,1525,1558,1558,1558,1582,1127,1127,1141,1141,0,0,0],"floor_reached":50,"playtime":4511,"items_purged":["Strike_G","Normality"],"score":727,"play_id":"b80583b0-92de-4060-badd-bce24c74fc33","local_time":"20180907192346","is_ascension_mode":true,"campfire_choices":[{"data":"Leg Sweep","floor":6,"key":"SMITH"},{"data":"Dash","floor":12,"key":"SMITH"},{"data":"Skewer","floor":15,"key":"SMITH"},{"data":"Bandage Up","floor":23,"key":"SMITH"},{"data":"Prepared","floor":25,"key":"SMITH"},{"data":"Neutralize","floor":29,"key":"SMITH"},{"data":"Concentrate","floor":32,"key":"SMITH"},{"data":"Prepared","floor":42,"key":"SMITH"},{"data":"Dodge and Roll","floor":47,"key":"SMITH"},{"data":"Terror","floor":49,"key":"SMITH"}],"neow_cost":"NONE","seed_source_timestamp":83153480342479,"circlet_count":0,"master_deck":["Survivor","Neutralize+1","Quick Slash","Panacea","Acrobatics","Leg Sweep+1","Dash+1","Bandage Up+1","Terror+1","Escape Plan","Backstab","Sucker Punch","Skewer+1","After Image","Quick Slash","Dash+1","Prepared+1","Sucker Punch+1","Concentrate+1","Die Die Die","Reflex","PiercingWail","Prepared+1","Accuracy","Dash+1","Blade Dance","Acrobatics","Choke+1","Dodge and Roll+1","Normality","Dagger Throw","Riddle With Holes+1"],"relics":["Coffee Dripper","Tingsha","Smiling Mask","Odd Mushroom","Lizard Tail","MutagenicStrength","ClockworkSouvenir","Ornamental Fan","Pandora\u0027s Box","Ninja Scroll","Oddly Smooth Stone","Orichalcum","Whetstone","Frozen Eye","Red Mask"],"potions_floor_usage":[16,33,33,45,50,50,50],"damage_taken":[{"damage":0,"enemies":"2 Louse","floor":1,"turns":3},{"damage":0,"enemies":"Cultist","floor":3,"turns":4},{"damage":13,"enemies":"Gremlin Nob","floor":8,"turns":5},{"damage":7,"enemies":"Jaw Worm","floor":11,"turns":4},{"damage":0,"enemies":"The Mushroom Lair","floor":13,"turns":5},{"damage":0,"enemies":"Looter","floor":14,"turns":3},{"damage":37,"enemies":"Slime Boss","floor":16,"turns":10},{"damage":0,"enemies":"Chosen","floor":18,"turns":5},{"damage":1,"enemies":"2 Thieves","floor":20,"turns":4},{"damage":16,"enemies":"Centurion and Healer","floor":22,"turns":5},{"damage":0,"enemies":"Sentry and Sphere","floor":27,"turns":3},{"damage":3,"enemies":"Snecko","floor":31,"turns":3},{"damage":41,"enemies":"Automaton","floor":33,"turns":11},{"damage":0,"enemies":"3 Shapes","floor":35,"turns":3},{"damage":0,"enemies":"Orb Walker","floor":37,"turns":2},{"damage":103,"enemies":"Giant Head","floor":40,"turns":10},{"damage":0,"enemies":"4 Shapes","floor":45,"turns":4},{"damage":1,"enemies":"Sphere and 2 Shapes","floor":46,"turns":4},{"damage":18,"enemies":"Time Eater","floor":50,"turns":6}],"seed_played":"807652155116498936","potions_obtained":[{"floor":3,"key":"Dexterity Potion"},{"floor":11,"key":"PowerPotion"},{"floor":14,"key":"SpeedPotion"},{"floor":18,"key":"Poison Potion"},{"floor":35,"key":"Strength Potion"},{"floor":40,"key":"AttackPotion"},{"floor":46,"key":"GamblersBrew"}],"is_trial":false,"path_per_floor":["M","?","M","$","?","R","$","E","T","?","M","R","?","M","R","B",null,"M","?","M","?","M","R","$","R","T","M","$","R","$","M","R","B",null,"M","?","M","T","?","E","?","R","T","$","M","M","R","?","R"],"character_chosen":"THE_SILENT","items_purchased":["Bandage Up","Terror","ClockworkSouvenir","SteroidPotion","Whetstone","Frozen Eye"],"campfire_rested":0,"item_purchase_floors":[4,7,24,44,44,44],"current_hp_per_floor":[63,63,63,63,63,63,63,54,54,54,51,51,55,55,55,22,54,58,58,61,61,49,49,49,49,49,55,55,55,55,58,58,23,55,55,55,55,55,55,1,1,1,1,1,7,12,12,12,12,0],"gold":0,"neow_bonus":"BOSS_RELIC","is_prod":false,"is_daily":false,"chose_seed":false,"campfire_upgraded":10,"win_rate":0,"timestamp":1536362626,"path_taken":["M","?","M","$","?","R","$","E","T","?","?","R","?","M","R","BOSS","M","?","M","?","?","R","?","R","T","M","$","R","?","M","R","BOSS","M","?","M","?","?","E","?","R","T","$","?","?","R","?","R","BOSS"],"build_version":"2018-09-06","purchased_purges":2,"victory":false,"max_hp_per_floor":[70,70,70,70,65,65,65,65,65,65,65,65,65,65,65,65,65,65,65,65,65,65,65,65,65,65,65,65,65,65,65,65,65,65,65,65,65,65,65,65,65,65,65,65,65,65,65,65,65,65],"card_choices":[{"not_picked":["Flying Knee","Reflex"],"picked":"Quick Slash","floor":1},{"not_picked":["Crippling Poison","Quick Slash"],"picked":"Dash","floor":3},{"not_picked":["Quick Slash","Blade Dance"],"picked":"Escape Plan","floor":8},{"not_picked":["Cloak And Dagger","Bane"],"picked":"Backstab","floor":11},{"not_picked":["Storm of Steel","Flying Knee"],"picked":"Sucker Punch","floor":13},{"not_picked":["Cloak And Dagger","Poisoned Stab"],"picked":"Skewer","floor":14},{"not_picked":["Storm of Steel","Venomology"],"picked":"After Image","floor":16},{"not_picked":["Heel Hook","Poisoned Stab"],"picked":"Quick Slash","floor":18},{"not_picked":["Choke","Infinite Blades"],"picked":"Prepared","floor":20},{"not_picked":["Poisoned Stab","Backflip","Acrobatics"],"picked":"SKIP","floor":22},{"not_picked":["Underhanded Strike","Acrobatics"],"picked":"Sucker Punch+1","floor":27},{"not_picked":["Cloak And Dagger","Catalyst"],"picked":"Concentrate","floor":31},{"not_picked":["A Thousand Cuts","Unload"],"picked":"Die Die Die","floor":33},{"not_picked":["Prepared+1","Outmaneuver+1"],"picked":"Dodge and Roll","floor":35},{"not_picked":["Blade Dance+1","Escape Plan+1","Endless Agony"],"picked":"SKIP","floor":37},{"not_picked":["Bane","Grand Finale"],"picked":"Dagger Throw","floor":40},{"not_picked":["Flechettes","Masterful Stab"],"picked":"Riddle With Holes+1","floor":45},{"not_picked":["Prepared","Endless Agony","Quick Slash"],"picked":"SKIP","floor":46}],"player_experience":380784,"relics_obtained":[{"floor":8,"key":"Tingsha"},{"floor":9,"key":"Smiling Mask"},{"floor":13,"key":"Odd Mushroom"},{"floor":26,"key":"Ornamental Fan"},{"floor":38,"key":"Ninja Scroll"},{"floor":40,"key":"Oddly Smooth Stone"},{"floor":43,"key":"Orichalcum"}],"event_choices":[{"event_name":"Match and Keep!","player_choice":"3 cards matched","floor":2,"damage_taken":0},{"event_name":"Golden Idol","player_choice":"Lose Max HP","floor":5,"damage_taken":0},{"event_name":"The Cleric","player_choice":"Card Removal","floor":10,"damage_taken":0},{"event_name":"Mushrooms","player_choice":"Fought Mushrooms","floor":13,"damage_taken":0},{"event_name":"Duplicator","player_choice":"One dupe","floor":19,"damage_taken":0},{"event_name":"Drug Dealer","player_choice":"Inject Mutagens","floor":21,"damage_taken":0},{"event_name":"The Moai Head","player_choice":"Gave Idol","floor":36,"damage_taken":0},{"event_name":"MindBloom","player_choice":"Gold","floor":39,"damage_taken":0},{"event_name":"Mysterious Sphere","player_choice":"Ignore","floor":41,"damage_taken":0},{"event_name":"Tomb of Lord Red Mask","player_choice":"Paid","floor":48,"damage_taken":0}],"is_beta":false,"boss_relics":[{"not_picked":["HoveringKite","Cursed Key"],"picked":"Lizard Tail"},{"not_picked":["Black Star","Runic Pyramid"],"picked":"Pandora\u0027s Box"}],"items_purged_floors":[24,44],"is_endless":false,"potions_floor_spawned":[3,11,14,18,20,31,35,40,46],"killed_by":"Time Eater","ascension_level":8}