{"gold_per_floor":[116,116,126,136,136,136,163,163,163,191,144,144],"floor_reached":12,"playtime":558,"items_purged":[],"score":167,"play_id":"df9359cf-ee5c-4b0c-aecd-a6c0869f357d","local_time":"20190604205040","is_ascension_mode":true,"campfire_choices":[{"data":"Bash","floor":6,"key":"SMITH"},{"data":"Metallicize","floor":8,"key":"SMITH"}],"neow_cost":"PERCENT_DAMAGE","seed_source_timestamp":1276572255022242,"circlet_count":0,"master_deck":["AscendersBane","Strike_R","Strike_R","Strike_R","Strike_R","Defend_R","Defend_R+1","Defend_R+1","Defend_R","Bash+1","Twin Strike","Sword Boomerang","Metallicize+1","Thunderclap","Anger"],"relics":["Burning Blood","War Paint","Gremlin Horn","Paper Frog"],"potions_floor_usage":[7],"damage_taken":[{"damage":6,"enemies":"Cultist","floor":1,"turns":4},{"damage":0,"enemies":"Small Slimes","floor":3,"turns":3},{"damage":2,"enemies":"2 Louse","floor":4,"turns":4},{"damage":32,"enemies":"3 Sentries","floor":7,"turns":11},{"damage":39,"enemies":"Gremlin Nob","floor":10,"turns":5},{"damage":22,"enemies":"Lagavulin","floor":12,"turns":6}],"seed_played":"-3266104699142418629","potions_obtained":[{"floor":1,"key":"SteroidPotion"}],"is_trial":false,"path_per_floor":["M","?","M","M","?","R","E","R","T","E","?","E"],"character_chosen":"IRONCLAD","items_purchased":[],"campfire_rested":0,"item_purchase_floors":[],"current_hp_per_floor":[67,72,78,82,75,75,49,49,49,16,16,0],"gold":144,"neow_bonus":"TWENTY_PERCENT_HP_BONUS","is_prod":false,"is_daily":false,"chose_seed":false,"campfire_upgraded":2,"win_rate":0,"timestamp":1559695840,"path_taken":["M","?","M","M","?","R","E","R","T","E","?","E"],"build_version":"2019-01-23","purchased_purges":0,"victory":false,"max_hp_per_floor":[96,101,101,101,101,101,101,101,101,101,101,101],"card_choices":[{"not_picked":["Pommel Strike","Iron Wave"],"picked":"Twin Strike","floor":1},{"not_picked":["Body Slam","Heavy Blade"],"picked":"Sword Boomerang","floor":3},{"not_picked":["Thunderclap","Juggernaut"],"picked":"Metallicize","floor":4},{"not_picked":["Sword Boomerang","Infernal Blade"],"picked":"Thunderclap","floor":7},{"not_picked":["Burning Pact","Fire Breathing"],"picked":"Anger","floor":10}],"player_experience":972820,"relics_obtained":[{"floor":7,"key":"War Paint"},{"floor":9,"key":"Gremlin Horn"},{"floor":10,"key":"Paper Frog"}],"event_choices":[{"damage_healed":0,"gold_gain":0,"player_choice":"Donut","damage_taken":0,"max_hp_gain":5,"max_hp_loss":0,"event_name":"Big Fish","floor":2,"gold_loss":0},{"cards_removed":["Strike_R"],"damage_healed":0,"gold_gain":0,"player_choice":"Card Removal","damage_taken":7,"max_hp_gain":0,"max_hp_loss":0,"event_name":"Golden Wing","floor":5,"gold_loss":0},{"damage_healed":0,"gold_gain":0,"player_choice":"Left Gold","damage_taken":0,"max_hp_gain":0,"max_hp_loss":0,"event_name":"World of Goop","floor":11,"gold_loss":47}],"is_beta":false,"boss_relics":[],"items_purged_floors":[],"is_endless":false,"potions_floor_spawned":[1],"killed_by":"Lagavulin","ascension_level":13}