{"gold_per_floor":[114,114,131,147,44,44,44,75,75,75,75,75,75,100,100,172,172,149,149,161,6,6,6,6],"floor_reached":24,"playtime":924,"items_purged":["Strike_R","Strike_R"],"score":390,"play_id":"af7b5eee-f332-4eae-bbc5-cd14cf80d919","local_time":"20190707163944","is_ascension_mode":true,"campfire_choices":[{"data":"Bash","floor":6.0,"key":"SMITH"},{"floor":11.0,"key":"REST"},{"data":"True Grit","floor":15.0,"key":"SMITH"},{"floor":23,"key":"REST"}],"neow_cost":"NONE","seed_source_timestamp":613278349947002,"circlet_count":0,"master_deck":["AscendersBane","Strike_R+1","Strike_R+1","Defend_R","Defend_R","Defend_R","Defend_R","Bash+1","True Grit+1","Pommel Strike","Iron Wave","Flex","Rampage","Juggernaut","Barricade+1","Havoc","Whirlwind+1","Shrug It Off"],"special_seed":0,"relics":["Burning Blood","Blood Vial","Turnip","Meat on the Bone","Boot","White Beast Statue"],"potions_floor_usage":[16,18,20],"damage_taken":[{"damage":7.0,"enemies":"Small Slimes","floor":1.0,"turns":4.0},{"damage":7.0,"enemies":"Jaw Worm","floor":3.0,"turns":5.0},{"damage":3.0,"enemies":"2 Louse","floor":4.0,"turns":3.0},{"damage":41.0,"enemies":"3 Sentries","floor":8.0,"turns":15.0},{"damage":30.0,"enemies":"Lagavulin","floor":14.0,"turns":5.0},{"damage":39,"enemies":"The Guardian","floor":16,"turns":12},{"damage":44,"enemies":"2 Thieves","floor":18,"turns":4},{"damage":17,"enemies":"Chosen","floor":20,"turns":6},{"damage":69,"enemies":"Book of Stabbing","floor":24,"turns":4}],"seed_played":"-4614105021257222923","potions_obtained":[{"floor":3.0,"key":"SneckoOil"},{"floor":4.0,"key":"SpeedPotion"},{"floor":18,"key":"FearPotion"},{"floor":20,"key":"SmokeBomb"}],"is_trial":false,"path_per_floor":["M","?","M","M","$","R","?","E","T","?","R","?","$","E","R","B",null,"M","?","M","$","?","R","E"],"character_chosen":"IRONCLAD","items_purchased":["Flex","Shrug It Off"],"campfire_rested":2,"item_purchase_floors":[5,21],"current_hp_per_floor":[69,46,47,52,52,52,52,19,19,12,34,59,59,49,49,30,64,40,40,43,43,43,65,0],"gold":6,"neow_bonus":"RANDOM_COMMON_RELIC","is_prod":false,"is_daily":false,"chose_seed":false,"campfire_upgraded":2,"win_rate":0,"timestamp":1562531984,"path_taken":["M","?","M","M","$","R","?","E","T","?","R","?","$","E","R","BOSS","M","?","?","$","?","R","E"],"build_version":"2019-07-05","purchased_purges":2,"victory":false,"max_hp_per_floor":[75,75,75,75,75,75,75,75,75,75,75,75,75,75,75,75,75,75,75,75,75,75,75,75],"card_choices":[{"not_picked":["Wild Strike","Sentinel"],"picked":"True Grit","floor":1.0},{"not_picked":["Second Wind","Bloodletting"],"picked":"Pommel Strike","floor":3.0},{"not_picked":["Clothesline","Headbutt"],"picked":"Iron Wave","floor":4.0},{"not_picked":["Sword Boomerang","Uppercut"],"picked":"Rampage","floor":8.0},{"not_picked":["Whirlwind","Iron Wave"],"picked":"Juggernaut","floor":14.0},{"not_picked":["Brutality","Exhume"],"picked":"Barricade","floor":16},{"not_picked":["Uppercut","Warcry"],"picked":"Havoc","floor":18},{"not_picked":["Twin Strike","Pommel Strike"],"picked":"Whirlwind+1","floor":20}],"player_experience":1122805,"relics_obtained":[{"floor":8.0,"key":"Turnip"},{"floor":9.0,"key":"Meat on the Bone"},{"floor":14.0,"key":"Boot"}],"event_choices":[{"damage_healed":0.0,"max_hp_gain":0.0,"max_hp_loss":0.0,"gold_gain":0.0,"event_name":"Shining Light","player_choice":"Entered Light","floor":2.0,"gold_loss":0.0,"damage_taken":23.0,"cards_upgraded":["Strike_R","Strike_R"]},{"damage_healed":0.0,"max_hp_gain":0.0,"max_hp_loss":0.0,"gold_gain":0.0,"event_name":"Liars Game","player_choice":"Ignored","floor":7.0,"gold_loss":0.0,"damage_taken":0.0},{"cards_removed":["Strike_R"],"damage_healed":0.0,"max_hp_gain":0.0,"max_hp_loss":0.0,"gold_gain":0.0,"event_name":"Golden Wing","player_choice":"Card Removal","floor":10.0,"gold_loss":0.0,"damage_taken":7.0},{"damage_healed":25.0,"max_hp_gain":0.0,"max_hp_loss":0.0,"gold_gain":0.0,"event_name":"Big Fish","player_choice":"Banana","floor":12.0,"gold_loss":0.0,"damage_taken":0.0},{"damage_healed":0,"gold_gain":0,"player_choice":"Upgraded","damage_taken":0,"max_hp_gain":0,"max_hp_loss":0,"event_name":"Upgrade Shrine","floor":19,"gold_loss":0,"cards_upgraded":["Barricade"]},{"damage_healed":0,"gold_gain":0,"player_choice":"Ignored","damage_taken":0,"max_hp_gain":0,"max_hp_loss":0,"event_name":"Cursed Tome","floor":22,"gold_loss":0}],"is_beta":false,"boss_relics":[{"not_picked":["Lizard Tail","Tiny House"],"picked":"White Beast Statue"}],"items_purged_floors":[5,21],"is_endless":false,"potions_floor_spawned":[3,4,18,20],"killed_by":"Book of Stabbing","ascension_level":19}