{"gold_per_floor":[113,113,113,125,150,197,209,221,302,328,340,383,411,423,435,573,585,618,98,4,4,18,49,11,11,88,88,88,88,88,102,102,197,197,211,231,231,231,54,117,117,143,168,168],"floor_reached":44,"playtime":1966,"items_purged":["Injury"],"score":538,"play_id":"29066d58-a6e2-4a32-8995-99ebc3e10c07","local_time":"20190210194257","is_ascension_mode":false,"campfire_choices":[{"floor":8,"key":"REST"},{"data":"Zap","floor":11,"key":"SMITH"},{"floor":15,"key":"REST"},{"floor":25,"key":"REST"},{"data":"Rip and Tear","floor":27,"key":"SMITH"},{"data":"Static Discharge","floor":30,"key":"SMITH"},{"floor":32,"key":"REST"}],"neow_cost":"NONE","seed_source_timestamp":1726620981771402,"circlet_count":0,"master_deck":["Zap+1","Dualcast","Static Discharge+1","Steam","Genetic Algorithm","Compile Driver+1","Ball Lightning+1","Core Surge","Melter+1","Rip and Tear+1","Conserve Battery+1","Thunder Strike","Tempest+1","Heatsinks","Creative AI","White Noise+1","Aggregate+1","Double Energy+1","Hologram+1","Stack+1","Rip and Tear","White Noise+1"],"relics":["Cracked Core","Juzu Bracelet","Ancient Tea Set","MawBank","Vajra","The Courier","Orichalcum","Bloody Idol","Sozu","Art of War","DataDisk","Nunchaku","Toxic Egg 2","Whetstone","Shuriken","Pandora\u0027s Box","Bronze Scales","Tiny Chest","Ginger"],"potions_floor_usage":[6,16],"damage_taken":[{"damage":1,"enemies":"Jaw Worm","floor":1,"turns":3},{"damage":10,"enemies":"2 Louse","floor":5,"turns":2},{"damage":31,"enemies":"3 Sentries","floor":6,"turns":5},{"damage":2,"enemies":"Small Slimes","floor":10,"turns":3},{"damage":10,"enemies":"Lagavulin","floor":12,"turns":7},{"damage":8,"enemies":"3 Louse","floor":13,"turns":3},{"damage":0,"enemies":"Slime Boss","floor":16,"turns":7},{"damage":12,"enemies":"3 Byrds","floor":18,"turns":4},{"damage":5,"enemies":"Chosen","floor":22,"turns":4},{"damage":52,"enemies":"Gremlin Leader","floor":23,"turns":7},{"damage":0,"enemies":"Snake Plant","floor":31,"turns":2},{"damage":47,"enemies":"Champ","floor":33,"turns":9},{"damage":0,"enemies":"Orb Walker","floor":35,"turns":2},{"damage":0,"enemies":"3 Shapes","floor":36,"turns":5},{"damage":50,"enemies":"Giant Head","floor":40,"turns":8},{"damage":24,"enemies":"Nemesis","floor":42,"turns":6},{"damage":21,"enemies":"Writhing Mass","floor":44,"turns":2}],"seed_played":"8621088782616814284","potions_obtained":[{"floor":5,"key":"AttackPotion"},{"floor":6,"key":"FearPotion"},{"floor":10,"key":"Weak Potion"},{"floor":13,"key":"PowerPotion"}],"is_trial":false,"path_per_floor":["M","?","?","$","M","E","?","R","T","M","R","E","M","?","R","B",null,"M","$","?","?","M","E","$","R","T","R","?","?","R","M","R","B",null,"M","M","?","?","$","E","$","E","T","M"],"character_chosen":"DEFECT","items_purchased":["Art of War","DataDisk","Nunchaku","Conserve Battery+1","Bronze Scales","Rip and Tear"],"campfire_rested":4,"item_purchase_floors":[19,19,19,24,39,39],"current_hp_per_floor":[74,74,62,62,52,21,14,36,36,34,34,24,16,16,38,38,75,63,63,63,63,58,6,6,28,28,28,28,28,28,33,55,13,75,75,75,75,75,75,35,35,16,21,0],"gold":168,"neow_bonus":"RANDOM_COMMON_RELIC","is_prod":false,"is_daily":false,"chose_seed":false,"campfire_upgraded":3,"win_rate":0,"timestamp":1549845777,"path_taken":["M","?","?","$","M","E","?","R","T","M","R","E","M","?","R","BOSS","M","$","?","?","M","E","?","R","T","R","?","?","R","M","R","BOSS","M","M","?","?","$","E","?","E","T","M"],"build_version":"2019-01-23","purchased_purges":1,"victory":false,"max_hp_per_floor":[75,75,75,75,75,75,75,75,75,75,75,75,75,75,75,75,75,75,75,75,75,75,75,75,75,75,75,75,75,75,75,75,75,75,75,75,75,75,75,75,75,75,75,75],"card_choices":[{"not_picked":["Gash","Steam Power"],"picked":"Static Discharge","floor":1},{"not_picked":["Gash","Static Discharge"],"picked":"Steam","floor":5},{"not_picked":["Coolheaded","Hologram"],"picked":"Genetic Algorithm","floor":6},{"not_picked":["Compile Driver","Chill","Gash"],"picked":"SKIP","floor":10},{"not_picked":["Gash","Redo"],"picked":"Compile Driver","floor":12},{"not_picked":["Coolheaded","Cold Snap"],"picked":"Ball Lightning","floor":13},{"not_picked":["Hyperbeam","All For One"],"picked":"Core Surge","floor":16},{"not_picked":["Consume","Sweeping Beam+1"],"picked":"Melter+1","floor":18},{"not_picked":["Hologram+1","Barrage","Turbo+1"],"picked":"SKIP","floor":22},{"not_picked":["Steam+1","Steam Power+1"],"picked":"Rip and Tear","floor":23},{"not_picked":["Static Discharge","Barrage","Sweeping Beam"],"picked":"SKIP","floor":31},{"not_picked":["Meteor Strike","Electrodynamics"],"picked":"Thunder Strike","floor":33},{"not_picked":["Consume+1","Gash"],"picked":"Stack+1","floor":35},{"not_picked":["Rebound","Scrape+1"],"picked":"Sweeping Beam","floor":36},{"not_picked":["Turbo+1","Conserve Battery+1","Creative AI"],"picked":"SKIP","floor":40},{"not_picked":["Cold Snap+1","BootSequence+1"],"picked":"White Noise+1","floor":42}],"player_experience":675606,"relics_obtained":[{"floor":6,"key":"Vajra"},{"floor":9,"key":"The Courier"},{"floor":12,"key":"Orichalcum"},{"floor":23,"key":"Whetstone"},{"floor":26,"key":"Shuriken"},{"floor":40,"key":"Tiny Chest"},{"floor":42,"key":"Ginger"}],"event_choices":[{"damage_healed":0,"gold_gain":0,"player_choice":"Box","damage_taken":0,"relics_obtained":["Ancient Tea Set"],"max_hp_gain":0,"max_hp_loss":0,"event_name":"Big Fish","floor":2,"gold_loss":0,"cards_obtained":["Regret"]},{"damage_healed":0,"gold_gain":0,"player_choice":"Success","damage_taken":12,"relics_obtained":["MawBank"],"max_hp_gain":0,"max_hp_loss":0,"event_name":"Scrap Ooze","floor":3,"gold_loss":0},{"cards_removed":["Regret"],"damage_healed":0,"gold_gain":0,"player_choice":"Card Removal","damage_taken":7,"max_hp_gain":0,"max_hp_loss":0,"event_name":"Golden Wing","floor":7,"gold_loss":0},{"damage_healed":0,"gold_gain":0,"player_choice":"Take Wound","damage_taken":0,"relics_obtained":["Golden Idol"],"max_hp_gain":0,"max_hp_loss":0,"event_name":"Golden Idol","floor":14,"gold_loss":0,"cards_obtained":["Injury"]},{"damage_healed":0,"gold_gain":0,"player_choice":"Paid Gold","damage_taken":0,"relics_obtained":["Toxic Egg 2"],"max_hp_gain":0,"max_hp_loss":0,"event_name":"WeMeetAgain","floor":20,"gold_loss":94},{"cards_removed":["Strike_B"],"damage_healed":0,"gold_gain":0,"player_choice":"Offered Basic","damage_taken":0,"max_hp_gain":0,"max_hp_loss":0,"event_name":"Bonfire Elementals","floor":21,"gold_loss":0},{"damage_healed":0,"gold_gain":0,"player_choice":"Ignored","damage_taken":0,"max_hp_gain":0,"max_hp_loss":0,"event_name":"Vampires","floor":28,"gold_loss":0},{"damage_healed":0,"gold_gain":0,"player_choice":"Gave Idol","damage_taken":0,"relics_obtained":["Bloody Idol"],"max_hp_gain":0,"max_hp_loss":0,"event_name":"Forgotten Altar","floor":29,"relics_lost":["Golden Idol"],"gold_loss":0},{"cards_removed":["Sweeping Beam"],"damage_healed":0,"gold_gain":0,"player_choice":"Removed Attack","damage_taken":0,"max_hp_gain":0,"max_hp_loss":0,"event_name":"Falling","floor":37,"gold_loss":0},{"damage_healed":0,"gold_gain":0,"player_choice":"Ignored","damage_taken":0,"max_hp_gain":0,"max_hp_loss":0,"event_name":"Mysterious Sphere","floor":38,"gold_loss":0}],"is_beta":false,"boss_relics":[{"not_picked":["Inserter","Fusion Hammer"],"picked":"Sozu"},{"not_picked":["Coffee Dripper","Calling Bell"],"picked":"Pandora\u0027s Box"}],"items_purged_floors":[19],"is_endless":false,"potions_floor_spawned":[5,6,10,13,18,31,36],"killed_by":"Writhing Mass","ascension_level":0}