{"gold_per_floor":[110,120,133,148,162,191,191,191,191,116,156,175,175,195,195,195],"floor_reached":16,"playtime":642,"items_purged":[],"score":211,"play_id":"45cd7e37-f7f5-49ff-b6a3-de0efe592e24","local_time":"20190627193009","is_ascension_mode":true,"campfire_choices":[{"floor":8,"key":"REST"},{"floor":13,"key":"REST"},{"floor":15,"key":"REST"}],"neow_cost":"NONE","seed_source_timestamp":643805746126472,"circlet_count":0,"master_deck":["AscendersBane","Strike_R","Strike_R","Strike_R","Strike_R","Defend_R","Defend_R","Defend_R","Defend_R","Bash","Barricade","Thunderclap","Anger","Armaments","Iron Wave","Cleave","Disarm","Body Slam","Flame Barrier"],"special_seed":0,"relics":["Burning Blood","Pantograph","Golden Idol","The Courier","Frozen Egg 2"],"potions_floor_usage":[6,12],"damage_taken":[{"damage":4.0,"enemies":"Small Slimes","floor":1.0,"turns":4.0},{"damage":8.0,"enemies":"2 Louse","floor":2.0,"turns":2.0},{"damage":11.0,"enemies":"Jaw Worm","floor":3.0,"turns":4.0},{"damage":13.0,"enemies":"Blue Slaver","floor":4.0,"turns":4.0},{"damage":0,"enemies":"2 Fungi Beasts","floor":5,"turns":3},{"damage":32,"enemies":"3 Sentries","floor":6,"turns":7},{"damage":40,"enemies":"Gremlin Nob","floor":11,"turns":5},{"damage":19,"enemies":"Lots of Slimes","floor":12,"turns":3},{"damage":11,"enemies":"Looter","floor":14,"turns":3},{"damage":69,"enemies":"Slime Boss","floor":16,"turns":11}],"seed_played":"1544687421715365786","potions_obtained":[{"floor":2.0,"key":"SneckoOil"},{"floor":5,"key":"SkillPotion"},{"floor":11,"key":"Ancient Potion"}],"is_trial":false,"path_per_floor":["M","M","M","M","M","E","?","R","T","?","E","M","R","M","R","B"],"character_chosen":"IRONCLAD","items_purchased":[],"campfire_rested":3,"item_purchase_floors":[],"current_hp_per_floor":[70,68,63,56,62,36,36,56,56,56,22,9,29,24,44,0],"gold":195,"neow_bonus":"ONE_RANDOM_RARE_CARD","is_prod":false,"is_daily":false,"chose_seed":false,"campfire_upgraded":0,"win_rate":0,"timestamp":1561678209,"path_taken":["M","M","M","M","M","E","?","R","T","?","E","?","R","M","R","BOSS"],"build_version":"2019-01-23","purchased_purges":0,"victory":false,"max_hp_per_floor":[75,75,75,75,75,75,68,68,68,68,68,68,68,68,68,68],"card_choices":[{"not_picked":["Cleave","Warcry"],"picked":"Thunderclap","floor":1.0},{"not_picked":["Sentinel","Metallicize"],"picked":"Anger","floor":2.0},{"not_picked":["Sword Boomerang","Havoc"],"picked":"Armaments","floor":3.0},{"not_picked":["Pommel Strike","Perfected Strike"],"picked":"Iron Wave","floor":4.0},{"not_picked":["Perfected Strike","Headbutt"],"picked":"Cleave","floor":5},{"not_picked":["Warcry","Reaper"],"picked":"Disarm","floor":6},{"not_picked":["Headbutt","Armaments","Heavy Blade"],"picked":"SKIP","floor":11},{"not_picked":["Havoc","Sever Soul"],"picked":"Body Slam","floor":12},{"not_picked":["Evolve+1","Heavy Blade"],"picked":"Flame Barrier","floor":14}],"player_experience":1067377,"relics_obtained":[{"floor":6,"key":"Pantograph"},{"floor":9,"key":"The Courier"},{"floor":11,"key":"Frozen Egg 2"}],"event_choices":[{"damage_healed":0,"gold_gain":0,"player_choice":"Lose Max HP","damage_taken":0,"relics_obtained":["Golden Idol"],"max_hp_gain":0,"max_hp_loss":7,"event_name":"Golden Idol","floor":7,"gold_loss":0},{"cards_removed":["Strike_R"],"damage_healed":0,"gold_gain":0,"player_choice":"Card Removal","damage_taken":0,"max_hp_gain":0,"max_hp_loss":0,"event_name":"The Cleric","floor":10,"gold_loss":75}],"is_beta":false,"boss_relics":[],"items_purged_floors":[],"is_endless":false,"potions_floor_spawned":[2,5,11],"killed_by":"Slime Boss","ascension_level":17}