{"gold_per_floor":[116,266,276,287,6,6,32,32,56,56,90,109,124,158,158,229,229,248,448,463,473,319,344,17,17,44,78,78,97,131,143,143,217,217,235,285,285,302,402,428,428,454,454,464,464,476,486,520,520,520,520,520,3,29,29],"floor_reached":56,"playtime":3443,"items_purged":["Doubt","Clash"],"score":2251,"play_id":"eec9a7fd-8940-4496-8daf-36f0ba46d53c","local_time":"20190720130305","is_ascension_mode":true,"campfire_choices":[{"data":"Bash","floor":6.0,"key":"SMITH"},{"data":"Carnage","floor":8.0,"key":"SMITH"},{"data":"Flame Barrier","floor":10.0,"key":"SMITH"},{"data":"Barricade","floor":15.0,"key":"SMITH"},{"data":"Apotheosis","floor":25.0,"key":"SMITH"},{"data":"Offering","floor":28.0,"key":"SMITH"},{"data":"Feel No Pain","floor":32.0,"key":"SMITH"},{"data":"Fiend Fire","floor":41.0,"key":"SMITH"},{"floor":45,"key":"RECALL"},{"floor":49,"key":"DIG"},{"floor":52,"key":"DIG"}],"neow_cost":"NONE","seed_source_timestamp":788183024700894,"circlet_count":0,"master_deck":["AscendersBane","Bash+1","Flame Barrier+1","Carnage+1","Power Through","Offering+1","Wild Strike","Barricade+1","Immolate","Uppercut","Feel No Pain+1","Power Through","Infernal Blade","Headbutt","Intimidate","Thunderclap","Bludgeon","Body Slam","Clothesline+1","Shrug It Off","Apotheosis+1","Body Slam+1","Fiend Fire+1","Shockwave+1","Impatience","Spot Weakness","Power Through","Second Wind","Shrug It Off+1","Sword Boomerang+1"],"special_seed":0,"relics":["Burning Blood","Medical Kit","Bronze Scales","PreservedInsect","Meat on the Bone","Pantograph","Pandora\u0027s Box","Pen Nib","Red Skull","Lantern","Frozen Egg 2","Boot","Mark of Pain","Charon\u0027s Ashes","Du-Vu Doll","Shuriken","Shovel","Dream Catcher","Kunai","Mercury Hourglass","Ornamental Fan","Centennial Puzzle"],"potions_floor_usage":[55,55],"damage_taken":[{"damage":15.0,"enemies":"Small Slimes","floor":1.0,"turns":4.0},{"damage":7.0,"enemies":"Jaw Worm","floor":3.0,"turns":7.0},{"damage":2.0,"enemies":"Cultist","floor":4.0,"turns":5.0},{"damage":35.0,"enemies":"3 Sentries","floor":7.0,"turns":11.0},{"damage":16.0,"enemies":"Gremlin Nob","floor":11.0,"turns":3.0},{"damage":6.0,"enemies":"2 Fungi Beasts","floor":12.0,"turns":2.0},{"damage":13.0,"enemies":"Blue Slaver","floor":13.0,"turns":3.0},{"damage":10.0,"enemies":"3 Sentries","floor":14.0,"turns":5.0},{"damage":35.0,"enemies":"The Guardian","floor":16.0,"turns":10.0},{"damage":14.0,"enemies":"2 Thieves","floor":18.0,"turns":2.0},{"damage":23.0,"enemies":"Shell Parasite","floor":20.0,"turns":5.0},{"damage":14.0,"enemies":"Shelled Parasite and Fungi","floor":21.0,"turns":5.0},{"damage":12.0,"enemies":"Book of Stabbing","floor":23.0,"turns":5.0},{"damage":20.0,"enemies":"Slavers","floor":27.0,"turns":4.0},{"damage":6.0,"enemies":"Chosen and Byrds","floor":29.0,"turns":3.0},{"damage":9.0,"enemies":"Book of Stabbing","floor":30.0,"turns":4.0},{"damage":11.0,"enemies":"Snake Plant","floor":31.0,"turns":4.0},{"damage":6.0,"enemies":"Champ","floor":33.0,"turns":8.0},{"damage":6.0,"enemies":"3 Darklings","floor":35.0,"turns":5.0},{"damage":22.0,"enemies":"2 Orb Walkers","floor":36.0,"turns":2.0},{"damage":0.0,"enemies":"Orb Walker","floor":38.0,"turns":2.0},{"damage":15.0,"enemies":"Mind Bloom Boss Battle","floor":39.0,"turns":6.0},{"damage":18.0,"enemies":"Giant Head","floor":40.0,"turns":10.0},{"damage":15.0,"enemies":"Reptomancer","floor":42.0,"turns":4.0},{"damage":16.0,"enemies":"Writhing Mass","floor":44.0,"turns":5.0},{"damage":9,"enemies":"Transient","floor":46,"turns":5},{"damage":7,"enemies":"3 Darklings","floor":47,"turns":3},{"damage":0,"enemies":"Giant Head","floor":48,"turns":5},{"damage":38,"enemies":"Awakened One","floor":50,"turns":8},{"damage":38,"enemies":"Shield and Spear","floor":54,"turns":5},{"damage":82,"enemies":"The Heart","floor":55,"turns":9}],"seed_played":"-1777130895555097555","potions_obtained":[{"floor":1.0,"key":"Swift Potion"},{"floor":3.0,"key":"Block Potion"},{"floor":7.0,"key":"Poison Potion"},{"floor":36.0,"key":"SteroidPotion"},{"floor":40.0,"key":"Regen Potion"}],"is_trial":false,"path_per_floor":["M","?","M","M","$","R","E","R","T","R","E","M","M","E","R","B",null,"M","?","M","M","$","E","$","R","T","E","R","M","E","M","R","B",null,"M","?","?","M","?","E","R","E","T","M","R","M","M","E","R","B",null,"R","$","E","B",null],"character_chosen":"IRONCLAD","items_purchased":["Medical Kit","Shrug It Off","Red Skull","Apotheosis","Mercury Hourglass","Ornamental Fan"],"campfire_rested":0,"item_purchase_floors":[5,22,24,24,53,53],"current_hp_per_floor":[66,66,65,69,69,69,40,40,40,40,30,42,47,55,55,51,74,66,66,49,53,53,59,59,59,59,57,57,57,54,49,49,74,80,80,64,54,60,73,61,61,52,52,54,54,51,50,56,56,49,74,74,74,54,30],"gold":29,"neow_bonus":"TEN_PERCENT_HP_BONUS","is_prod":false,"is_daily":false,"chose_seed":false,"campfire_upgraded":8,"win_rate":0,"timestamp":1563620585,"path_taken":["M","?","M","M","$","R","E","R","T","R","E","M","M","E","R","BOSS","M","?","M","M","$","E","$","R","T","E","R","M","E","M","R","BOSS","M","?","?","M","?","E","R","E","T","M","R","M","?","E","R","BOSS","R","$","E","BOSS"],"build_version":"2019-07-17","purchased_purges":2,"victory":true,"max_hp_per_floor":[82,82,82,82,82,82,82,82,82,82,82,82,82,82,82,82,82,82,82,82,82,82,82,82,82,82,82,82,82,82,82,82,82,82,82,82,82,82,82,82,82,82,82,82,82,82,82,82,82,82,82,82,82,82,82],"card_choices":[{"not_picked":["Evolve","Shrug It Off"],"picked":"Flame Barrier","floor":1.0},{"not_picked":["Thunderclap","Wild Strike","Flex"],"picked":"SKIP","floor":3.0},{"not_picked":["Armaments","Dark Embrace"],"picked":"Carnage","floor":4.0},{"not_picked":["Hemokinesis","Thunderclap"],"picked":"Power Through","floor":7.0},{"not_picked":["Ghostly Armor","Flex"],"picked":"Offering","floor":11.0},{"not_picked":["Iron Wave","Cleave","Hemokinesis"],"picked":"SKIP","floor":12.0},{"not_picked":["Cleave","True Grit"],"picked":"Wild Strike","floor":13.0},{"not_picked":["Clothesline","Fire Breathing"],"picked":"Barricade","floor":14.0},{"not_picked":["Brutality","Berserk"],"picked":"Immolate","floor":16.0},{"not_picked":["Headbutt","Warcry"],"picked":"Body Slam","floor":18.0},{"not_picked":["Dropkick","Rupture","Flex"],"picked":"SKIP","floor":20.0},{"not_picked":["Havoc","Warcry+1"],"picked":"Clothesline+1","floor":21.0},{"not_picked":["Wild Strike","Headbutt","Whirlwind"],"picked":"SKIP","floor":23.0},{"not_picked":["Clash","Burning Pact","Cleave"],"picked":"SKIP","floor":27.0},{"not_picked":["Clash+1","Heavy Blade+1","Havoc"],"picked":"SKIP","floor":29.0},{"not_picked":["Iron Wave","Twin Strike"],"picked":"Body Slam+1","floor":30.0},{"not_picked":["Havoc","Double Tap","Thunderclap"],"picked":"SKIP","floor":31.0},{"not_picked":["Feed","Limit Break"],"picked":"Fiend Fire","floor":33.0},{"not_picked":["Inflame+1","Spot Weakness+1"],"picked":"Shockwave+1","floor":35.0},{"not_picked":["Enlightenment","Jack Of All Trades"],"picked":"Impatience","floor":37.0},{"not_picked":["Wild Strike","Sword Boomerang","Shockwave"],"picked":"SKIP","floor":38.0},{"not_picked":["Twin Strike","Anger"],"picked":"Spot Weakness","floor":40.0},{"not_picked":["Clash","Fire Breathing+1"],"picked":"Power Through","floor":42.0},{"not_picked":["Thunderclap+1","Iron Wave+1","Body Slam"],"picked":"SKIP","floor":44.0},{"not_picked":["Bludgeon","Heavy Blade+1"],"picked":"Second Wind","floor":46},{"not_picked":["Headbutt","Pommel Strike","Sword Boomerang"],"picked":"SKIP","floor":47},{"not_picked":["Rage","Reckless Charge+1"],"picked":"Shrug It Off+1","floor":48},{"not_picked":["Twin Strike","Headbutt"],"picked":"Sword Boomerang+1","floor":54}],"player_experience":667105,"relics_obtained":[{"floor":7.0,"key":"Bronze Scales"},{"floor":9.0,"key":"PreservedInsect"},{"floor":11.0,"key":"Meat on the Bone"},{"floor":14.0,"key":"Pantograph"},{"floor":23.0,"key":"Pen Nib"},{"floor":26.0,"key":"Lantern"},{"floor":27.0,"key":"Frozen Egg 2"},{"floor":30.0,"key":"Boot"},{"floor":36.0,"key":"Charon\u0027s Ashes"},{"floor":39.0,"key":"Du-Vu Doll"},{"floor":40.0,"key":"Shuriken"},{"floor":42.0,"key":"Shovel"},{"floor":48,"key":"Dream Catcher"},{"floor":52,"key":"Kunai"},{"floor":54,"key":"Centennial Puzzle"}],"event_choices":[{"damage_healed":0.0,"max_hp_gain":0.0,"max_hp_loss":0.0,"gold_gain":150.0,"event_name":"Liars Game","player_choice":"AGREE","floor":2.0,"gold_loss":0.0,"damage_taken":0.0,"cards_obtained":["Doubt"]},{"damage_healed":0.0,"max_hp_gain":0.0,"max_hp_loss":0.0,"gold_gain":250.0,"event_name":"The Joust","player_choice":"Bet on Owner","floor":19.0,"gold_loss":50.0,"damage_taken":0.0},{"damage_healed":0.0,"max_hp_gain":0.0,"max_hp_loss":0.0,"gold_gain":0.0,"event_name":"Mysterious Sphere","player_choice":"Fight","floor":36.0,"gold_loss":0.0,"damage_taken":0.0},{"damage_healed":0.0,"max_hp_gain":0.0,"max_hp_loss":0.0,"gold_gain":0.0,"event_name":"SensoryStone","player_choice":"Memory 3","floor":37.0,"gold_loss":0.0,"damage_taken":10.0},{"damage_healed":0.0,"max_hp_gain":0.0,"max_hp_loss":0.0,"gold_gain":0.0,"event_name":"MindBloom","player_choice":"Fight","floor":39.0,"gold_loss":0.0,"damage_taken":0.0}],"is_beta":false,"boss_relics":[{"not_picked":["Runic Pyramid","Runic Cube"],"picked":"Pandora\u0027s Box"},{"not_picked":["Calling Bell","Fusion Hammer"],"picked":"Mark of Pain"}],"items_purged_floors":[5,22],"is_endless":false,"potions_floor_spawned":[1,3,7,13,16,23,29,30,36,40,42,46,47],"ascension_level":15}