{"gold_per_floor":[13,24,43,62,62,62,94,94,94,48,48,59,75,93,93,189,189,199,199,215,229,229,229,229,229,275,310,327,338,338,67,67,67],"floor_reached":33,"playtime":2585,"items_purged":["Regret"],"score":269,"play_id":"467599d7-910b-4814-a68e-4f6c6f3de214","local_time":"20190106194754","is_ascension_mode":false,"campfire_choices":[{"data":"Dagger Spray","floor":6.0,"key":"SMITH"},{"data":"Cloak And Dagger","floor":8.0,"key":"SMITH"},{"data":"Cloak And Dagger","floor":15,"key":"SMITH"},{"data":"Cloak And Dagger","floor":23,"key":"SMITH"},{"floor":25,"key":"REST"},{"floor":32,"key":"REST"}],"neow_cost":"NO_GOLD","seed_source_timestamp":699926524351861,"circlet_count":0,"master_deck":["Defend_G","Defend_G","Defend_G","Defend_G","Defend_G","Strike_G","Strike_G","Strike_G+1","Strike_G+1","Strike_G","Survivor","Neutralize","Malaise","Dagger Spray+1","Deadly Poison","Sucker Punch","Well Laid Plans","Cloak And Dagger+1","Deflect","Die Die Die","Cloak And Dagger+1","Calculated Gamble","After Image","Dodge and Roll","Cloak And Dagger+1","Flying Knee","PiercingWail","Dagger Spray","Backstab"],"special_seed":0,"relics":["Ring of the Snake","Omamori","Shuriken","Orrery","Whetstone","Nilry\u0027s Codex","Ancient Tea Set","Oddly Smooth Stone","Chemical X"],"potions_floor_usage":[16,18,33],"damage_taken":[{"damage":0.0,"enemies":"Jaw Worm","floor":1.0,"turns":7.0},{"damage":0.0,"enemies":"Cultist","floor":2.0,"turns":4.0},{"damage":3.0,"enemies":"Small Slimes","floor":3.0,"turns":4.0},{"damage":7.0,"enemies":"Exordium Thugs","floor":4.0,"turns":4.0},{"damage":19.0,"enemies":"Gremlin Nob","floor":7.0,"turns":5.0},{"damage":1.0,"enemies":"2 Fungi Beasts","floor":12.0,"turns":3.0},{"damage":4.0,"enemies":"Large Slime","floor":13.0,"turns":5.0},{"damage":5.0,"enemies":"Exordium Wildlife","floor":14.0,"turns":2.0},{"damage":27,"enemies":"Slime Boss","floor":16,"turns":9},{"damage":16,"enemies":"Chosen","floor":18,"turns":7},{"damage":13,"enemies":"3 Byrds","floor":20,"turns":5},{"damage":4,"enemies":"Snecko","floor":21,"turns":8},{"damage":18,"enemies":"Book of Stabbing","floor":27,"turns":7},{"damage":13,"enemies":"Centurion and Healer","floor":28,"turns":7},{"damage":6,"enemies":"3 Cultists","floor":29,"turns":6},{"damage":54,"enemies":"Champ","floor":33,"turns":13}],"seed_played":"6659280345762850433","potions_obtained":[{"floor":4.0,"key":"SkillPotion"},{"floor":7.0,"key":"SkillPotion"},{"floor":12.0,"key":"GamblersBrew"},{"floor":27,"key":"EssenceOfSteel"},{"floor":28,"key":"Swift Potion"},{"floor":29,"key":"Dexterity Potion"}],"is_trial":false,"path_per_floor":["M","M","M","M","?","R","E","R","T","$","?","M","M","M","R","B",null,"M","?","M","M","T","R","?","R","T","E","M","M","?","$","R","B"],"character_chosen":"THE_SILENT","items_purchased":["Deflect","Chemical X"],"campfire_rested":2,"item_purchase_floors":[10,31],"current_hp_per_floor":[70,70,67,60,60,60,41,41,41,41,41,40,36,31,31,4,70,54,70,57,53,53,53,37,58,58,40,27,21,21,21,42,0],"gold":67,"neow_bonus":"THREE_RARE_CARDS","is_prod":false,"is_daily":false,"chose_seed":false,"campfire_upgraded":4,"win_rate":0,"timestamp":1546822074,"path_taken":["M","M","M","M","?","R","E","R","T","$","?","M","?","M","R","BOSS","M","?","M","?","?","R","?","R","T","E","?","M","?","?","R","BOSS"],"build_version":"2019-01-03v4","purchased_purges":1,"victory":false,"max_hp_per_floor":[70,70,70,70,70,70,70,70,70,70,70,70,70,70,70,70,70,70,70,70,70,70,70,70,70,70,70,70,70,70,70,70,70],"card_choices":[{"not_picked":["Storm of Steel","Grand Finale"],"picked":"Malaise","floor":0.0},{"not_picked":["Prepared","Blur"],"picked":"Dagger Spray","floor":1.0},{"not_picked":["Cloak And Dagger","Underhanded Strike"],"picked":"Deadly Poison","floor":2.0},{"not_picked":["Dagger Spray","Caltrops"],"picked":"Sucker Punch","floor":3.0},{"not_picked":["PiercingWail","Flechettes"],"picked":"Well Laid Plans","floor":4.0},{"not_picked":["Riddle With Holes","Grand Finale"],"picked":"Cloak And Dagger","floor":7.0},{"not_picked":["Outmaneuver","Noxious Fumes"],"picked":"Cloak And Dagger","floor":12.0},{"not_picked":["PiercingWail","Masterful Stab"],"picked":"Calculated Gamble","floor":13.0},{"not_picked":["Acrobatics","Outmaneuver","Concentrate"],"picked":"SKIP","floor":14},{"not_picked":["Doppelganger","Bullet Time"],"picked":"After Image","floor":16},{"not_picked":["Prepared","Underhanded Strike"],"picked":"Dodge and Roll","floor":17},{"not_picked":["Quick Slash","Dagger Throw"],"picked":"Cloak And Dagger","floor":17},{"not_picked":["Poisoned Stab","Slice"],"picked":"Flying Knee","floor":17},{"not_picked":["Setup","Bane"],"picked":"PiercingWail","floor":18},{"not_picked":["Dagger Spray","Bane","Dagger Throw+1"],"picked":"SKIP","floor":20},{"not_picked":["Flechettes+1","Noxious Fumes","Malaise"],"picked":"SKIP","floor":21},{"not_picked":["Masterful Stab","Noxious Fumes","Flechettes"],"picked":"SKIP","floor":27},{"not_picked":["Backflip","Bane","Slice"],"picked":"SKIP","floor":28},{"not_picked":["Well Laid Plans","Dodge and Roll+1"],"picked":"Dagger Spray","floor":29}],"player_experience":610181,"relics_obtained":[{"floor":7.0,"key":"Shuriken"},{"floor":22,"key":"Whetstone"},{"floor":24,"key":"Nilry\u0027s Codex"},{"floor":26,"key":"Ancient Tea Set"},{"floor":27,"key":"Oddly Smooth Stone"}],"event_choices":[{"damage_healed":0.0,"max_hp_gain":0.0,"max_hp_loss":0.0,"gold_gain":0.0,"event_name":"Big Fish","player_choice":"Box","floor":5.0,"gold_loss":0.0,"damage_taken":0.0,"relics_obtained":["Omamori"],"cards_obtained":["Regret"]},{"damage_healed":0.0,"max_hp_gain":0.0,"max_hp_loss":0.0,"gold_gain":0.0,"event_name":"Match and Keep!","player_choice":"1 cards matched","floor":11.0,"gold_loss":0.0,"damage_taken":0.0,"cards_obtained":["Die Die Die"]},{"damage_healed":16,"gold_gain":0,"player_choice":"Full Heal","damage_taken":0,"max_hp_gain":0,"max_hp_loss":0,"event_name":"Wheel of Change","floor":19,"gold_loss":0},{"damage_healed":0,"gold_gain":0,"player_choice":"Obtained Book","damage_taken":16,"max_hp_gain":0,"max_hp_loss":0,"event_name":"Cursed Tome","floor":24,"gold_loss":0},{"damage_healed":0,"gold_gain":0,"player_choice":"Read","damage_taken":0,"max_hp_gain":0,"max_hp_loss":0,"event_name":"The Library","floor":30,"gold_loss":0,"cards_obtained":["Backstab"]}],"is_beta":false,"boss_relics":[{"not_picked":["Snecko Eye","Runic Dome"],"picked":"Orrery"}],"items_purged_floors":[31],"is_endless":false,"potions_floor_spawned":[4,7,12,27,28,29],"killed_by":"Champ","ascension_level":0}