{"gold_per_floor":[111,41,41,191,191,191,219,494,494,507,517,546,559,559],"floor_reached":14,"playtime":252,"items_purged":[],"score":215,"play_id":"8938a532-b997-43cd-85bc-d29f577ad6b7","local_time":"20190717200337","is_ascension_mode":true,"campfire_choices":[{"data":"Zap","floor":6,"key":"SMITH"}],"neow_cost":"NONE","seed_source_timestamp":557959887940848,"circlet_count":0,"master_deck":["AscendersBane","Strike_B","Strike_B","Strike_B","Strike_B","Defend_B","Defend_B","Defend_B","Defend_B","Zap+1","Dualcast+1","Conserve Battery","Loop+1","Doubt","Seek","Regret","Lockon","Loop","Ball Lightning"],"relics":["Cracked Core","NeowsBlessing","Shuriken","Gremlin Horn","Blood Vial"],"potions_floor_usage":[14],"damage_taken":[{"damage":0,"enemies":"Cultist","floor":1,"turns":1},{"damage":0,"enemies":"Lagavulin","floor":7,"turns":1},{"damage":0,"enemies":"2 Louse","floor":10,"turns":1},{"damage":5,"enemies":"Jaw Worm","floor":11,"turns":2},{"damage":33,"enemies":"Gremlin Nob","floor":12,"turns":4},{"damage":6,"enemies":"2 Fungi Beasts","floor":13,"turns":4},{"damage":5,"enemies":"Large Slime","floor":14,"turns":2}],"seed_played":"3268675220291943510","potions_obtained":[{"floor":10,"key":"SpeedPotion"},{"floor":11,"key":"Strength Potion"}],"is_trial":false,"path_per_floor":["M","$","$","?","?","R","E","?","T","M","M","E","M","M"],"character_chosen":"DEFECT","items_purchased":["Loop"],"campfire_rested":0,"item_purchase_floors":[2],"current_hp_per_floor":[64,64,64,64,43,43,43,43,43,43,38,5,1,0],"gold":559,"neow_bonus":"THREE_ENEMY_KILL","is_prod":false,"is_daily":false,"chose_seed":false,"campfire_upgraded":1,"win_rate":0,"timestamp":1563386617,"path_taken":["M","?","$","?","?","R","E","?","T","?","M","E","M","M"],"build_version":"2019-07-05","purchased_purges":0,"victory":false,"max_hp_per_floor":[71,71,71,71,71,71,71,71,71,71,71,71,71,71],"card_choices":[{"not_picked":["Barrage","White Noise"],"picked":"Conserve Battery","floor":1},{"not_picked":["Cold Snap","Force Field"],"picked":"Seek","floor":7},{"not_picked":["Chaos","Hello World"],"picked":"Lockon","floor":10},{"not_picked":["Chaos","Barrage","Stack"],"picked":"SKIP","floor":11},{"not_picked":["Thunder Strike","Steam"],"picked":"Loop","floor":12},{"not_picked":["Rebound","Undo"],"picked":"Ball Lightning","floor":13}],"player_experience":652938,"relics_obtained":[{"floor":7,"key":"Shuriken"},{"floor":9,"key":"Gremlin Horn"},{"floor":12,"key":"Blood Vial"}],"event_choices":[{"damage_healed":0,"gold_gain":150,"player_choice":"AGREE","damage_taken":0,"max_hp_gain":0,"max_hp_loss":0,"event_name":"Liars Game","floor":4,"gold_loss":0,"cards_obtained":["Doubt"]},{"damage_healed":0,"gold_gain":0,"player_choice":"Entered Light","damage_taken":21,"max_hp_gain":0,"max_hp_loss":0,"event_name":"Shining Light","floor":5,"gold_loss":0,"cards_upgraded":["Loop","Dualcast"]},{"damage_healed":0,"gold_gain":275,"player_choice":"Desecrate","damage_taken":0,"max_hp_gain":0,"max_hp_loss":0,"event_name":"Golden Shrine","floor":8,"gold_loss":0,"cards_obtained":["Regret"]}],"is_beta":false,"boss_relics":[],"items_purged_floors":[],"is_endless":false,"potions_floor_spawned":[10,11],"killed_by":"Large Slime","ascension_level":15}