{"gold_per_floor":[362,117,127,137,212,212,232,262,262,61,79,29,58,70,70,165,165,179,179,204,104,153,153,179,197,248,248,259,259,57,75,75,170,170,181,181,201,201,216,250,262,274,286,330,342,368,409,437,449,461,473,485,108,133,133],"floor_reached":56,"playtime":3539,"items_purged":["Strike_R","Strike_R"],"score":1365,"play_id":"ce712c76-9b75-4c3c-9045-79f1b5ae670d","local_time":"20190513222324","is_ascension_mode":false,"campfire_choices":[{"data":"Apotheosis","floor":6.0,"key":"SMITH"},{"data":"Warcry","floor":15.0,"key":"SMITH"},{"data":"Power Through","floor":23,"key":"SMITH"},{"data":"Barricade","floor":27,"key":"SMITH"},{"data":"Secret Technique","floor":29,"key":"SMITH"},{"floor":32,"key":"RECALL"},{"floor":41,"key":"REST"},{"floor":49,"key":"REST"},{"data":"Metallicize","floor":52,"key":"SMITH"}],"neow_cost":"PERCENT_DAMAGE","seed_source_timestamp":235439000608438,"circlet_count":0,"master_deck":["Defend_R","Defend_R+1","Defend_R+1","Defend_R","Bash","Cleave+1","Apotheosis+1","Warcry+1","Body Slam+1","Power Through+1","Secret Technique+1","Body Slam","Barricade+1","Disarm","Shrug It Off","Juggernaut","True Grit","Secret Technique+1","True Grit+1","Dark Shackles","Metallicize+1","Decay","Uppercut+1","Feel No Pain","Disarm+1"],"special_seed":0,"relics":["Burning Blood","Self Forming Clay","Meat on the Bone","Paper Frog","Philosopher\u0027s Stone","Red Mask","Mummified Hand","War Paint","DollysMirror","Empty Cage","MawBank","Charon\u0027s Ashes","Whetstone","Torii","Bottled Tornado","Blue Candle"],"potions_floor_usage":[20,39,46,55,55],"damage_taken":[{"damage":6.0,"enemies":"Jaw Worm","floor":1.0,"turns":5.0},{"damage":10.0,"enemies":"Small Slimes","floor":3.0,"turns":4.0},{"damage":3.0,"enemies":"2 Louse","floor":4.0,"turns":3.0},{"damage":8.0,"enemies":"Exordium Wildlife","floor":7.0,"turns":3.0},{"damage":0.0,"enemies":"Lagavulin","floor":8.0,"turns":6.0},{"damage":0.0,"enemies":"Lots of Slimes","floor":11.0,"turns":3.0},{"damage":9.0,"enemies":"Gremlin Nob","floor":13.0,"turns":5.0},{"damage":0.0,"enemies":"Exordium Thugs","floor":14.0,"turns":4.0},{"damage":17.0,"enemies":"Hexaghost","floor":16.0,"turns":10.0},{"damage":0.0,"enemies":"Shell Parasite","floor":18.0,"turns":3.0},{"damage":3,"enemies":"Masked Bandits","floor":20,"turns":4},{"damage":12,"enemies":"Gremlin Leader","floor":24,"turns":6},{"damage":10,"enemies":"3 Byrds","floor":25,"turns":5},{"damage":0,"enemies":"Centurion and Healer","floor":28,"turns":7},{"damage":10,"enemies":"Snake Plant","floor":31,"turns":4},{"damage":0,"enemies":"Automaton","floor":33,"turns":10},{"damage":2,"enemies":"Orb Walker","floor":35,"turns":4},{"damage":0,"enemies":"3 Shapes","floor":37,"turns":4},{"damage":14,"enemies":"Transient","floor":39,"turns":5},{"damage":72,"enemies":"Reptomancer","floor":40,"turns":10},{"damage":0,"enemies":"Giant Head","floor":44,"turns":7},{"damage":28,"enemies":"Sphere and 2 Shapes","floor":46,"turns":5},{"damage":17,"enemies":"Nemesis","floor":47,"turns":3},{"damage":0,"enemies":"Maw","floor":48,"turns":6},{"damage":24,"enemies":"Donu and Deca","floor":50,"turns":10},{"damage":16,"enemies":"Shield and Spear","floor":54,"turns":7},{"damage":60,"enemies":"The Heart","floor":55,"turns":13}],"seed_played":"1155675560049725","potions_obtained":[{"floor":3.0,"key":"Fire Potion"},{"floor":7.0,"key":"EssenceOfSteel"},{"floor":14.0,"key":"Energy Potion"},{"floor":28,"key":"GamblersBrew"},{"floor":31,"key":"SpeedPotion"},{"floor":40,"key":"Regen Potion"},{"floor":46,"key":"SteroidPotion"}],"is_trial":false,"path_per_floor":["M","$","M","M","?","R","M","E","T","$","M","?","E","M","R","B",null,"M","?","?","$","T","R","E","M","T","R","M","R","$","M","R","B",null,"M","$","M","$","M","E","R","?","T","E","?","M","E","M","R","B",null,"R","$","E","B",null],"character_chosen":"IRONCLAD","items_purchased":["Apotheosis","Secret Technique","Body Slam","DollysMirror","Feel No Pain","Dexterity Potion","Bottled Tornado"],"campfire_rested":2,"item_purchase_floors":[2,10,10,30,53,53,53],"current_hp_per_floor":[56,56,52,55,44,44,42,48,48,48,54,54,51,57,57,58,80,80,65,68,68,68,68,62,58,58,58,64,64,64,60,60,66,85,85,85,85,85,77,23,48,48,48,54,54,53,54,60,85,67,85,85,85,75,33],"gold":133,"neow_bonus":"TWO_FIFTY_GOLD","is_prod":false,"is_daily":false,"chose_seed":false,"campfire_upgraded":6,"win_rate":0,"timestamp":1557800604,"path_taken":["M","$","M","M","?","R","M","E","T","$","M","?","E","M","R","BOSS","M","?","?","$","?","R","E","M","T","R","M","R","$","?","R","BOSS","M","$","M","$","M","E","R","?","T","E","?","M","E","?","R","BOSS","R","$","E","BOSS"],"build_version":"2019-01-23","purchased_purges":2,"victory":true,"max_hp_per_floor":[80,80,80,80,80,80,80,80,80,80,80,80,80,80,80,80,80,80,85,85,85,85,85,85,85,85,85,85,85,85,85,85,85,85,85,85,85,85,85,85,85,85,85,85,85,85,85,85,85,85,85,85,85,85,85],"card_choices":[{"not_picked":["Sword Boomerang","Heavy Blade"],"picked":"Cleave","floor":1.0},{"not_picked":["Wild Strike","Anger"],"picked":"Warcry","floor":3.0},{"not_picked":["Clash","Corruption"],"picked":"Body Slam","floor":4.0},{"not_picked":["Wild Strike","Headbutt"],"picked":"Power Through","floor":7.0},{"not_picked":["Corruption","Anger","Flex"],"picked":"SKIP","floor":8.0},{"not_picked":["Combust","Second Wind"],"picked":"Barricade","floor":11.0},{"not_picked":["Bloodletting","Cleave"],"picked":"Disarm","floor":13.0},{"not_picked":["Flex","Uppercut"],"picked":"Shrug It Off","floor":14.0},{"not_picked":["Immolate","Berserk"],"picked":"Juggernaut","floor":16.0},{"not_picked":["Shrug It Off","Disarm","Rampage"],"picked":"SKIP","floor":18.0},{"not_picked":["Flex","Sever Soul+1"],"picked":"True Grit","floor":24},{"not_picked":["Heavy Blade","Power Through","Shrug It Off"],"picked":"SKIP","floor":25},{"not_picked":["Heavy Blade","Shockwave+1","Seeing Red+1"],"picked":"SKIP","floor":28},{"not_picked":["Pummel+1","Sever Soul","Heavy Blade"],"picked":"SKIP","floor":31},{"not_picked":["Flex","Wild Strike+1","Clothesline"],"picked":"SKIP","floor":35},{"not_picked":["Rampage","Thunderclap+1","Hemokinesis"],"picked":"SKIP","floor":37},{"not_picked":["Rage","Thunderclap","Heavy Blade"],"picked":"SKIP","floor":39},{"not_picked":["Iron Wave+1","Fiend Fire"],"picked":"True Grit+1","floor":40},{"not_picked":["Swift Strike","Forethought"],"picked":"Dark Shackles","floor":42},{"not_picked":["Blood for Blood+1","Dropkick+1"],"picked":"Metallicize","floor":44},{"not_picked":["Dropkick+1","Reckless Charge"],"picked":"Uppercut+1","floor":46},{"not_picked":["Rupture","Anger","Reckless Charge+1"],"picked":"SKIP","floor":47},{"not_picked":["Twin Strike","Sever Soul","Hemokinesis+1"],"picked":"SKIP","floor":48},{"not_picked":["Combust","Rampage"],"picked":"Disarm+1","floor":54}],"player_experience":894899,"relics_obtained":[{"floor":8.0,"key":"Self Forming Clay"},{"floor":9.0,"key":"Meat on the Bone"},{"floor":13.0,"key":"Paper Frog"},{"floor":20,"key":"Red Mask"},{"floor":24,"key":"Mummified Hand"},{"floor":26,"key":"War Paint"},{"floor":40,"key":"MawBank"},{"floor":43,"key":"Charon\u0027s Ashes"},{"floor":44,"key":"Whetstone"},{"floor":47,"key":"Torii"},{"floor":54,"key":"Blue Candle"}],"event_choices":[{"damage_healed":0.0,"max_hp_gain":0.0,"max_hp_loss":0.0,"gold_gain":75.0,"event_name":"World of Goop","player_choice":"Gather Gold","floor":5.0,"gold_loss":0.0,"damage_taken":11.0},{"cards_removed":["Strike_R"],"damage_healed":0.0,"max_hp_gain":0.0,"max_hp_loss":0.0,"gold_gain":0.0,"event_name":"The Cleric","player_choice":"Card Removal","floor":12.0,"gold_loss":50.0,"damage_taken":0.0},{"damage_healed":0.0,"max_hp_gain":5.0,"max_hp_loss":0.0,"gold_gain":0.0,"event_name":"Forgotten Altar","player_choice":"Shed Blood","floor":19.0,"gold_loss":0.0,"damage_taken":20.0},{"damage_healed":0,"gold_gain":0,"player_choice":"Fought Bandits","damage_taken":0,"max_hp_gain":0,"max_hp_loss":0,"event_name":"Masked Bandits","floor":20,"gold_loss":0},{"damage_healed":0,"gold_gain":0,"player_choice":"Memory 1","damage_taken":0,"max_hp_gain":0,"max_hp_loss":0,"event_name":"SensoryStone","floor":42,"gold_loss":0},{"damage_healed":0,"gold_gain":0,"player_choice":"Cursed","damage_taken":0,"max_hp_gain":0,"max_hp_loss":0,"event_name":"Wheel of Change","floor":45,"gold_loss":0,"cards_obtained":["Decay"]}],"is_beta":false,"boss_relics":[{"not_picked":["Mark of Pain","Black Star"],"picked":"Philosopher\u0027s Stone"},{"not_picked":["Velvet Choker","Orrery"],"picked":"Empty Cage"}],"items_purged_floors":[2,21],"is_endless":false,"potions_floor_spawned":[3,7,14,16,28,31,40,44,46],"ascension_level":0}