{"gold_per_floor":[111,125,125,175,192,192,217,217,244,244,263,263,281,293,293,293],"floor_reached":16,"playtime":631,"items_purged":[],"score":204,"play_id":"a9d9a4f9-7cbb-4fc9-a163-581631964f12","local_time":"20190729225245","is_ascension_mode":true,"campfire_choices":[{"data":"Dash","floor":6,"key":"SMITH"},{"data":"Predator","floor":8,"key":"SMITH"},{"data":"Neutralize","floor":10,"key":"SMITH"},{"floor":12,"key":"REST"},{"data":"Die Die Die","floor":15,"key":"SMITH"}],"neow_cost":"NONE","seed_source_timestamp":620839393359905,"circlet_count":0,"master_deck":["AscendersBane","Strike_G","Strike_G","Strike_G","Strike_G","Strike_G","Defend_G","Defend_G","Defend_G","Defend_G","Defend_G","Survivor","Neutralize+1","Dash+1","Cloak And Dagger","Backflip","Predator+1","Die Die Die+1","Heel Hook","Endless Agony"],"relics":["Ring of the Snake","Potion Belt","PreservedInsect","Bag of Preparation"],"potions_floor_usage":[7],"damage_taken":[{"damage":8,"enemies":"Jaw Worm","floor":1,"turns":5},{"damage":0,"enemies":"2 Louse","floor":2,"turns":4},{"damage":0,"enemies":"Cultist","floor":5,"turns":4},{"damage":16,"enemies":"3 Sentries","floor":7,"turns":10},{"damage":13,"enemies":"Large Slime","floor":11,"turns":7},{"damage":0,"enemies":"3 Louse","floor":13,"turns":1},{"damage":0,"enemies":"Exordium Wildlife","floor":14,"turns":2},{"damage":50,"enemies":"Hexaghost","floor":16,"turns":11}],"seed_played":"6136143757962588441","potions_obtained":[{"floor":1,"key":"Explosive Potion"},{"floor":5,"key":"SteroidPotion"},{"floor":13,"key":"Poison Potion"},{"floor":14,"key":"SteroidPotion"}],"is_trial":false,"path_per_floor":["M","M","?","?","M","R","E","R","T","R","M","R","M","M","R","B"],"character_chosen":"THE_SILENT","items_purchased":[],"campfire_rested":1,"item_purchase_floors":[],"current_hp_per_floor":[51,51,56,56,56,56,40,40,40,40,27,48,48,48,48,0],"gold":293,"neow_bonus":"RANDOM_COMMON_RELIC","is_prod":false,"is_daily":false,"chose_seed":false,"campfire_upgraded":4,"win_rate":0,"timestamp":1564455165,"path_taken":["M","M","?","?","?","R","E","R","T","R","M","R","M","M","R","BOSS"],"build_version":"2019-07-17","purchased_purges":0,"victory":false,"max_hp_per_floor":[66,66,71,71,71,71,71,71,71,71,71,71,71,71,71,71],"card_choices":[{"not_picked":["Expertise","Slice"],"picked":"Dash","floor":1},{"not_picked":["Slice","Dagger Throw"],"picked":"Cloak And Dagger","floor":2},{"not_picked":["Setup","Deflect"],"picked":"Backflip","floor":5},{"not_picked":["Distraction","Blade Dance"],"picked":"Predator","floor":7},{"not_picked":["Dagger Throw","PiercingWail"],"picked":"Die Die Die","floor":11},{"not_picked":["Slice","Underhanded Strike"],"picked":"Heel Hook","floor":13},{"not_picked":["Accuracy","Infinite Blades"],"picked":"Endless Agony","floor":14}],"player_experience":1182294,"relics_obtained":[{"floor":7,"key":"PreservedInsect"},{"floor":9,"key":"Bag of Preparation"}],"event_choices":[{"damage_healed":0,"gold_gain":0,"player_choice":"Donut","damage_taken":0,"max_hp_gain":5,"max_hp_loss":0,"event_name":"Big Fish","floor":3,"gold_loss":0},{"damage_healed":0,"gold_gain":50,"player_choice":"Pray","damage_taken":0,"max_hp_gain":0,"max_hp_loss":0,"event_name":"Golden Shrine","floor":4,"gold_loss":0}],"is_beta":false,"boss_relics":[],"items_purged_floors":[],"is_endless":false,"potions_floor_spawned":[1,5,13,14],"killed_by":"Hexaghost","ascension_level":20}