{"gold_per_floor":[118,128,178,196,208,208,233,233,233,233,246,258,290,308,308,385,385,405,417,431,321,341,341,25,25,50,67,67],"floor_reached":28,"playtime":3185,"items_purged":[],"score":433,"play_id":"44d1441b-52b1-49d7-a2c8-74bf05521b45","local_time":"20190629161331","is_ascension_mode":true,"campfire_choices":[{"data":"Zap","floor":6,"key":"SMITH"},{"data":"Capacitor","floor":8,"key":"SMITH"},{"floor":10,"key":"REST"},{"data":"Dualcast","floor":15,"key":"SMITH"},{"floor":23,"key":"REST"},{"data":"Barrage","floor":25,"key":"SMITH"}],"neow_cost":"NONE","seed_source_timestamp":802301591876222,"circlet_count":0,"master_deck":["AscendersBane","Strike_B","Strike_B","Strike_B","Defend_B","Defend_B","Defend_B","Defend_B","Zap+1","Dualcast+1","Cold Snap","Capacitor+1","Ball Lightning","Ball Lightning","BootSequence","Beam Cell","Coolheaded+1","Conserve Battery","Echo Form","Barrage+1","Barrage"],"relics":["FrozenCore","Centennial Puzzle","Thread and Needle","Gremlin Horn","Matryoshka","Mummified Hand","Sundial","Strawberry"],"potions_floor_usage":[7,28],"damage_taken":[{"damage":7,"enemies":"Small Slimes","floor":1,"turns":3},{"damage":0,"enemies":"Cultist","floor":2,"turns":4},{"damage":2,"enemies":"Jaw Worm","floor":4,"turns":6},{"damage":9,"enemies":"Exordium Thugs","floor":5,"turns":4},{"damage":9,"enemies":"Lagavulin","floor":7,"turns":6},{"damage":0,"enemies":"Large Slime","floor":11,"turns":4},{"damage":0,"enemies":"2 Fungi Beasts","floor":12,"turns":3},{"damage":2,"enemies":"Gremlin Nob","floor":13,"turns":3},{"damage":1,"enemies":"3 Louse","floor":14,"turns":3},{"damage":19,"enemies":"The Guardian","floor":16,"turns":10},{"damage":4,"enemies":"Shell Parasite","floor":18,"turns":6},{"damage":7,"enemies":"2 Thieves","floor":19,"turns":4},{"damage":13,"enemies":"Shelled Parasite and Fungi","floor":20,"turns":6},{"damage":0,"enemies":"Centurion and Healer","floor":22,"turns":9},{"damage":15,"enemies":"Sentry and Sphere","floor":27,"turns":7},{"damage":51,"enemies":"Slavers","floor":28,"turns":4}],"seed_played":"1213964192379917626","potions_obtained":[{"floor":1,"key":"EssenceOfSteel"},{"floor":2,"key":"SpeedPotion"},{"floor":11,"key":"Weak Potion"}],"is_trial":false,"path_per_floor":["M","M","?","M","M","R","E","R","T","R","M","M","E","M","R","B",null,"M","M","M","?","M","R","$","R","T","M","E"],"character_chosen":"DEFECT","items_purchased":["Mummified Hand","Barrage"],"campfire_rested":2,"item_purchase_floors":[24,24],"current_hp_per_floor":[57,57,57,55,46,46,37,37,37,58,58,58,56,55,55,36,62,58,51,38,38,38,59,59,59,66,51,0],"gold":67,"neow_bonus":"RANDOM_COMMON_RELIC","is_prod":false,"is_daily":false,"chose_seed":false,"campfire_upgraded":4,"win_rate":0,"timestamp":1561839211,"path_taken":["M","M","?","M","M","R","E","R","T","R","M","?","E","M","R","BOSS","M","M","M","?","M","R","$","R","T","?","E"],"build_version":"2019-01-23","purchased_purges":0,"victory":false,"max_hp_per_floor":[71,71,71,71,71,71,71,71,71,71,71,71,71,71,71,71,71,71,71,71,71,71,71,71,71,78,78,78],"card_choices":[{"not_picked":["Chill","Hello World"],"picked":"Cold Snap","floor":1},{"not_picked":["Gash","Go for the Eyes"],"picked":"Capacitor","floor":2},{"not_picked":["Leap","Capacitor"],"picked":"Ball Lightning","floor":4},{"not_picked":["Scrape","Hello World"],"picked":"Ball Lightning","floor":5},{"not_picked":["Undo","Reprogram"],"picked":"BootSequence","floor":7},{"not_picked":["Redo","Aggregate"],"picked":"Beam Cell","floor":11},{"not_picked":["Ball Lightning","Hello World"],"picked":"Coolheaded","floor":12},{"not_picked":["Streamline","Go for the Eyes","FTL"],"picked":"SKIP","floor":13},{"not_picked":["Doom and Gloom","Sweeping Beam"],"picked":"Conserve Battery","floor":14},{"not_picked":["Amplify","Seek"],"picked":"Echo Form","floor":16},{"not_picked":["Hologram","Rebound"],"picked":"Barrage","floor":18},{"not_picked":["Storm","Streamline","Leap"],"picked":"SKIP","floor":19},{"not_picked":["Tempest","Cold Snap+1","Blizzard"],"picked":"SKIP","floor":20},{"not_picked":["Redo","Static Discharge","Compile Driver"],"picked":"SKIP","floor":22},{"not_picked":["Barrage+1","Cold Snap","Redo"],"picked":"SKIP","floor":27}],"player_experience":1082214,"relics_obtained":[{"floor":7,"key":"Thread and Needle"},{"floor":9,"key":"Gremlin Horn"},{"floor":13,"key":"Matryoshka"},{"floor":26,"key":"Sundial"},{"floor":26,"key":"Strawberry"}],"event_choices":[{"damage_healed":0,"gold_gain":50,"player_choice":"Pray","damage_taken":0,"max_hp_gain":0,"max_hp_loss":0,"event_name":"Golden Shrine","floor":3,"gold_loss":0},{"cards_removed":["Strike_B"],"damage_healed":0,"gold_gain":0,"player_choice":"Upgrade and Remove","damage_taken":0,"max_hp_gain":0,"max_hp_loss":0,"event_name":"Designer","floor":21,"gold_loss":110,"cards_upgraded":["Coolheaded"]}],"is_beta":false,"boss_relics":[{"not_picked":["Calling Bell","Inserter"],"picked":"FrozenCore"}],"items_purged_floors":[],"is_endless":false,"potions_floor_spawned":[1,2,11,13,14,16,22,27],"killed_by":"Slavers","ascension_level":17}