{"gold_per_floor":[118,393,406,36,54,54,84,84,84,96,96,110,138,156,156,230,230,248,163,180,180,199,199,230,240,240,275,286,300,1,34,34,106,106,119,119,130,147,157,157,169,194,194,124,139,171,185,217,217,217],"floor_reached":51,"playtime":2811,"items_purged":["Regret","Strike_R"],"score":1473,"play_id":"8a611482-31fe-413b-ada2-b839fa3be5d1","local_time":"20190609130312","is_ascension_mode":true,"campfire_choices":[{"data":"Bash","floor":6.0,"key":"SMITH"},{"data":"Clothesline","floor":11.0,"key":"SMITH"},{"data":"Anger","floor":15.0,"key":"SMITH"},{"floor":23.0,"key":"REST"},{"floor":32.0,"key":"REST"},{"floor":40,"key":"REST"},{"floor":49,"key":"DIG"}],"neow_cost":"NONE","seed_source_timestamp":742099272022517,"circlet_count":0,"master_deck":["AscendersBane","Strike_R","Strike_R","Strike_R","Strike_R","Defend_R","Defend_R","Defend_R","Defend_R","Bash+1","Anger+1","Clothesline+1","Shrug It Off","Battle Trance","Shrug It Off","Sword Boomerang","Offering","Whirlwind","Rupture+1","Combust+1","Bloodletting+1","Feed","Reaper","Metallicize+1","Shockwave","Corruption+1","Shrug It Off","Armaments+1","Flame Barrier","Rupture+1","Hemokinesis+1"],"special_seed":0,"relics":["Burning Blood","NeowsBlessing","PreservedInsect","Centennial Puzzle","Frozen Egg 2","Mercury Hourglass","Strawberry","Fusion Hammer","Nunchaku","Pen Nib","Shovel","Oddly Smooth Stone","Chemical X","Vajra","Runic Cube","Unceasing Top","Gremlin Horn","Potion Belt","Boot","Bronze Scales"],"potions_floor_usage":[50,50,50],"damage_taken":[{"damage":0.0,"enemies":"Cultist","floor":1.0,"turns":1.0},{"damage":0.0,"enemies":"Small Slimes","floor":3.0,"turns":1.0},{"damage":0.0,"enemies":"Jaw Worm","floor":5.0,"turns":1.0},{"damage":27.0,"enemies":"Lagavulin","floor":7.0,"turns":5.0},{"damage":3.0,"enemies":"Looter","floor":10.0,"turns":3.0},{"damage":3.0,"enemies":"Exordium Thugs","floor":12.0,"turns":2.0},{"damage":14.0,"enemies":"3 Sentries","floor":13.0,"turns":6.0},{"damage":20.0,"enemies":"Gremlin Gang","floor":14.0,"turns":4.0},{"damage":41.0,"enemies":"Hexaghost","floor":16.0,"turns":11.0},{"damage":15.0,"enemies":"2 Thieves","floor":18.0,"turns":4.0},{"damage":20.0,"enemies":"Shell Parasite","floor":20.0,"turns":5.0},{"damage":13.0,"enemies":"Sentry and Sphere","floor":22.0,"turns":4.0},{"damage":13.0,"enemies":"Slavers","floor":24.0,"turns":5.0},{"damage":19.0,"enemies":"Cultist and Chosen","floor":25.0,"turns":4.0},{"damage":26.0,"enemies":"Book of Stabbing","floor":27.0,"turns":4.0},{"damage":7.0,"enemies":"Snecko","floor":28.0,"turns":5.0},{"damage":12.0,"enemies":"Snake Plant","floor":29.0,"turns":4.0},{"damage":6.0,"enemies":"Gremlin Leader","floor":31.0,"turns":4.0},{"damage":33,"enemies":"Champ","floor":33,"turns":6},{"damage":0,"enemies":"3 Shapes","floor":35,"turns":1},{"damage":9,"enemies":"Orb Walker","floor":37,"turns":1},{"damage":29,"enemies":"Transient","floor":38,"turns":5},{"damage":9,"enemies":"Spire Growth","floor":39,"turns":4},{"damage":12,"enemies":"Maw","floor":41,"turns":6},{"damage":35,"enemies":"Nemesis","floor":42,"turns":3},{"damage":12,"enemies":"Jaw Worm Horde","floor":45,"turns":3},{"damage":3,"enemies":"Reptomancer","floor":46,"turns":2},{"damage":14,"enemies":"Spire Growth","floor":47,"turns":4},{"damage":42,"enemies":"Nemesis","floor":48,"turns":5},{"damage":64,"enemies":"Awakened One","floor":50,"turns":8}],"seed_played":"6752092361669439552","potions_obtained":[{"floor":7.0,"key":"Explosive Potion"},{"floor":10.0,"key":"GamblersBrew"},{"floor":13.0,"key":"Block Potion"},{"floor":14.0,"key":"Weak Potion"},{"floor":33,"key":"Weak Potion"},{"floor":37,"key":"Weak Potion"},{"floor":39,"key":"Strength Potion"},{"floor":46,"key":"Block Potion"},{"floor":47,"key":"Ancient Potion"}],"is_trial":false,"path_per_floor":["M","?","M","$","M","R","E","$","T","M","R","M","E","M","R","B",null,"M","?","M","?","M","R","E","M","T","E","M","M","$","E","R","B",null,"M","?","M","M","M","R","M","E","T","$","M","E","M","E","R","B",null],"character_chosen":"IRONCLAD","items_purchased":["PreservedInsect","Centennial Puzzle","Chemical X","Flame Barrier"],"campfire_rested":3,"item_purchase_floors":[4,4,30,44],"current_hp_per_floor":[74,74,75,75,75,75,54,54,54,57,57,60,59,45,45,10,64,55,55,41,41,34,58,51,38,38,18,17,11,11,11,35,8,64,70,58,64,41,47,71,72,53,53,53,62,80,85,85,85,51],"gold":217,"neow_bonus":"THREE_ENEMY_KILL","is_prod":false,"is_daily":false,"chose_seed":false,"campfire_upgraded":3,"win_rate":0,"timestamp":1560078192,"path_taken":["M","?","M","?","M","R","E","$","T","M","R","M","E","M","R","BOSS","M","?","M","?","M","R","E","M","T","E","M","M","$","E","R","BOSS","M","?","M","M","?","R","M","E","T","$","?","E","M","E","R","BOSS"],"build_version":"2019-01-23","purchased_purges":2,"victory":true,"max_hp_per_floor":[75,75,75,75,75,75,75,75,75,75,75,75,82,82,82,82,82,82,82,82,82,82,82,82,82,82,82,82,82,82,82,82,82,82,82,82,82,82,82,82,82,82,82,82,85,85,85,85,85,85],"card_choices":[{"not_picked":["Iron Wave","Havoc"],"picked":"Anger","floor":1.0},{"not_picked":["Rampage","Havoc"],"picked":"Clothesline","floor":3.0},{"not_picked":["Headbutt","Havoc"],"picked":"Shrug It Off","floor":5.0},{"not_picked":["Burning Pact","Twin Strike"],"picked":"Battle Trance","floor":7.0},{"not_picked":["Cleave","Sword Boomerang","Hemokinesis"],"picked":"SKIP","floor":10.0},{"not_picked":["Bloodletting","Warcry","Thunderclap"],"picked":"SKIP","floor":12.0},{"not_picked":["Clash","Wild Strike"],"picked":"Shrug It Off","floor":13.0},{"not_picked":["Havoc","Wild Strike"],"picked":"Sword Boomerang","floor":14.0},{"not_picked":["Reaper","Bludgeon"],"picked":"Offering","floor":16.0},{"not_picked":["Rupture+1","Hemokinesis"],"picked":"Whirlwind","floor":18.0},{"not_picked":["Blood for Blood","Second Wind","Havoc"],"picked":"SKIP","floor":20.0},{"not_picked":["Entrench","Clothesline","Pommel Strike+1"],"picked":"SKIP","floor":22.0},{"not_picked":["Bloodletting","Hemokinesis"],"picked":"Rupture+1","floor":24.0},{"not_picked":["Rupture+1","Anger","Fire Breathing+1"],"picked":"SKIP","floor":25.0},{"not_picked":["Infernal Blade","Dual Wield","Pommel Strike"],"picked":"SKIP","floor":27.0},{"not_picked":["Carnage","Headbutt"],"picked":"Combust+1","floor":28.0},{"not_picked":["Thunderclap","Inflame+1"],"picked":"Bloodletting+1","floor":29.0},{"not_picked":["Pommel Strike","Battle Trance+1"],"picked":"Feed","floor":31.0},{"not_picked":["Limit Break","Fiend Fire"],"picked":"Reaper","floor":33},{"not_picked":["Sword Boomerang","Pommel Strike+1","Twin Strike"],"picked":"SKIP","floor":35},{"not_picked":["Entrench+1","Flex"],"picked":"Metallicize+1","floor":37},{"not_picked":["Searing Blow","Bloodletting"],"picked":"Shockwave","floor":38},{"not_picked":["Flex","Armaments"],"picked":"Corruption+1","floor":39},{"not_picked":["Heavy Blade","Cleave"],"picked":"Shrug It Off","floor":41},{"not_picked":["Berserk+1","Bloodletting"],"picked":"Armaments+1","floor":42},{"not_picked":["Clash","Sever Soul"],"picked":"Rupture+1","floor":45},{"not_picked":["Iron Wave","Clothesline+1","Warcry"],"picked":"SKIP","floor":46},{"not_picked":["Intimidate","True Grit"],"picked":"Hemokinesis+1","floor":47},{"not_picked":["Sword Boomerang","Sever Soul","Clothesline"],"picked":"SKIP","floor":48}],"player_experience":488014,"relics_obtained":[{"floor":7.0,"key":"Frozen Egg 2"},{"floor":9.0,"key":"Mercury Hourglass"},{"floor":13.0,"key":"Strawberry"},{"floor":24.0,"key":"Pen Nib"},{"floor":26.0,"key":"Shovel"},{"floor":27.0,"key":"Oddly Smooth Stone"},{"floor":31.0,"key":"Vajra"},{"floor":42,"key":"Unceasing Top"},{"floor":43,"key":"Gremlin Horn"},{"floor":46,"key":"Potion Belt"},{"floor":48,"key":"Boot"},{"floor":49,"key":"Bronze Scales"}],"event_choices":[{"damage_healed":0.0,"max_hp_gain":0.0,"max_hp_loss":0.0,"gold_gain":275.0,"event_name":"Golden Shrine","player_choice":"Desecrate","floor":2.0,"gold_loss":0.0,"damage_taken":0.0,"cards_obtained":["Regret"]},{"damage_healed":0.0,"max_hp_gain":0.0,"max_hp_loss":0.0,"gold_gain":0.0,"event_name":"Addict","player_choice":"Obtained Relic","floor":19.0,"gold_loss":85.0,"damage_taken":0.0,"relics_obtained":["Nunchaku"]},{"damage_healed":0.0,"max_hp_gain":0.0,"max_hp_loss":0.0,"gold_gain":0.0,"event_name":"Ghosts","player_choice":"Ignored","floor":21.0,"gold_loss":0.0,"damage_taken":0.0},{"damage_healed":0,"gold_gain":0,"player_choice":"Damaged","damage_taken":12,"max_hp_gain":0,"max_hp_loss":0,"event_name":"Wheel of Change","floor":36,"gold_loss":0}],"is_beta":false,"boss_relics":[{"not_picked":["Calling Bell","Eternal Feather"],"picked":"Fusion Hammer"},{"not_picked":["Snecko Eye","Philosopher\u0027s Stone"],"picked":"Runic Cube"}],"items_purged_floors":[4,30],"is_endless":false,"potions_floor_spawned":[7,10,13,14,18,25,27,33,37,39,45,46,47],"ascension_level":15}