{"gold_per_floor":[114,127,127,142,159,187,201,201,201,227,227,246,246,264,264,364,364,351,365,385,310,235,260,260,260,287,322,337,354,185,197,197,296,296,310,310,185,202,212,212,245,245,268,368,388,388,238,254,254,254,254,254,79,104,104],"floor_reached":56,"playtime":4498,"items_purged":["Strike_R","Doubt","Pain","Clumsy","Strike_R"],"score":1156,"play_id":"4d53af12-2b0e-47fd-9ba4-989640aa488f","local_time":"20190515224529","is_ascension_mode":false,"campfire_choices":[{"data":"Body Slam","floor":11.0,"key":"SMITH"},{"data":"Inflame","floor":13.0,"key":"SMITH"},{"data":"Metallicize","floor":15.0,"key":"SMITH"},{"data":"Immolate","floor":24.0,"key":"SMITH"},{"data":"Demon Form","floor":32.0,"key":"SMITH"},{"data":"Juggernaut","floor":40.0,"key":"SMITH"},{"data":"Shockwave","floor":42.0,"key":"SMITH"},{"floor":46.0,"key":"RECALL"},{"data":"Barricade","floor":49.0,"key":"SMITH"},{"data":"Limit Break","floor":52,"key":"SMITH"}],"neow_cost":"NONE","seed_source_timestamp":0,"circlet_count":0,"master_deck":["Strike_R","Defend_R","Defend_R","Defend_R","Defend_R","Bash+1","Metallicize+1","Twin Strike","Ghostly Armor","Twin Strike","Body Slam+1","Inflame+1","Shrug It Off","Reaper","Juggernaut+1","Shrug It Off","Headbutt","Immolate+1","Power Through","Wild Strike","True Grit+1","Demon Form+1","Limit Break+1","Disarm","Shockwave+1","True Grit+1","Barricade+1","Power Through+1"],"special_seed":0,"relics":["Burning Blood","Pantograph","Dodecahedron","Letter Opener","Dream Catcher","Cursed Key","Sundial","Orichalcum","Blue Candle","Coffee Dripper","WarpedTongs","Happy Flower","Prayer Wheel","Self Forming Clay"],"potions_floor_usage":[55,55,55],"damage_taken":[{"damage":3.0,"enemies":"Small Slimes","floor":1.0,"turns":3.0},{"damage":1.0,"enemies":"Jaw Worm","floor":2.0,"turns":6.0},{"damage":0.0,"enemies":"Cultist","floor":4.0,"turns":2.0},{"damage":2.0,"enemies":"3 Louse","floor":5.0,"turns":6.0},{"damage":13.0,"enemies":"3 Sentries","floor":6.0,"turns":7.0},{"damage":1.0,"enemies":"Exordium Thugs","floor":7.0,"turns":5.0},{"damage":31.0,"enemies":"Gremlin Nob","floor":10.0,"turns":5.0},{"damage":4.0,"enemies":"2 Fungi Beasts","floor":12.0,"turns":5.0},{"damage":5.0,"enemies":"Red Slaver","floor":14.0,"turns":3.0},{"damage":12.0,"enemies":"The Guardian","floor":16.0,"turns":9.0},{"damage":18.0,"enemies":"2 Thieves","floor":18.0,"turns":4.0},{"damage":0.0,"enemies":"3 Byrds","floor":19.0,"turns":6.0},{"damage":10.0,"enemies":"Cultist and Chosen","floor":20.0,"turns":4.0},{"damage":24.0,"enemies":"Book of Stabbing","floor":23.0,"turns":5.0},{"damage":17.0,"enemies":"Gremlin Leader","floor":27.0,"turns":5.0},{"damage":8.0,"enemies":"Centurion and Healer","floor":28.0,"turns":5.0},{"damage":1.0,"enemies":"3 Cultists","floor":29.0,"turns":3.0},{"damage":0.0,"enemies":"Cultist and Chosen","floor":31.0,"turns":4.0},{"damage":38.0,"enemies":"Collector","floor":33.0,"turns":8.0},{"damage":3.0,"enemies":"Orb Walker","floor":35.0,"turns":4.0},{"damage":6.0,"enemies":"3 Shapes","floor":38.0,"turns":4.0},{"damage":14.0,"enemies":"Spire Growth","floor":39.0,"turns":4.0},{"damage":7.0,"enemies":"Nemesis","floor":41.0,"turns":5.0},{"damage":8.0,"enemies":"Mind Bloom Boss Battle","floor":44.0,"turns":6.0},{"damage":4.0,"enemies":"3 Darklings","floor":45.0,"turns":3.0},{"damage":7.0,"enemies":"Transient","floor":48.0,"turns":5.0},{"damage":63.0,"enemies":"Donu and Deca","floor":50.0,"turns":10.0},{"damage":63,"enemies":"Shield and Spear","floor":54,"turns":10},{"damage":87,"enemies":"The Heart","floor":55,"turns":13}],"seed_played":"-3909150709977508998","potions_obtained":[{"floor":1.0,"key":"Dexterity Potion"},{"floor":4.0,"key":"Explosive Potion"},{"floor":7.0,"key":"SteroidPotion"},{"floor":10.0,"key":"SkillPotion"},{"floor":14.0,"key":"SpeedPotion"},{"floor":31.0,"key":"Dexterity Potion"},{"floor":48.0,"key":"Dexterity Potion"}],"is_trial":false,"path_per_floor":["M","M","?","M","M","E","M","?","T","E","R","M","R","M","R","B",null,"M","M","M","?","$","E","R","?","T","E","M","M","$","M","R","B",null,"M","?","$","M","M","R","E","R","T","?","M","R","$","M","R","B",null,"R","$","E","B",null],"character_chosen":"IRONCLAD","items_purchased":["Demon Form"],"campfire_rested":0,"item_purchase_floors":[30],"current_hp_per_floor":[80,80,73,79,80,73,78,78,78,53,53,55,55,56,56,74,80,68,80,80,80,80,62,62,62,62,61,59,64,64,78,78,76,80,80,80,80,80,72,72,76,76,76,80,80,80,80,80,80,62,80,80,80,35,17],"gold":104,"neow_bonus":"UPGRADE_CARD","is_prod":false,"is_daily":false,"chose_seed":false,"campfire_upgraded":9,"win_rate":0,"timestamp":1557974729,"path_taken":["M","M","?","M","M","E","M","?","T","E","R","M","R","M","R","BOSS","M","?","M","?","?","E","R","?","T","E","?","?","$","M","R","BOSS","M","?","$","M","?","R","E","R","T","?","M","R","?","M","R","BOSS","R","$","E","BOSS"],"build_version":"2019-01-23","purchased_purges":5,"victory":true,"max_hp_per_floor":[80,80,80,80,80,80,80,80,80,80,80,80,80,80,80,80,80,80,80,80,80,80,80,80,80,80,80,80,80,80,80,80,80,80,80,80,80,80,80,80,80,80,80,80,80,80,80,80,80,80,80,80,80,80,80],"card_choices":[{"not_picked":["Body Slam","Blood for Blood"],"picked":"Metallicize","floor":1.0},{"not_picked":["Sword Boomerang","Iron Wave"],"picked":"Twin Strike","floor":2.0},{"not_picked":["Seeing Red","Rupture"],"picked":"Ghostly Armor","floor":4.0},{"not_picked":["Feel No Pain","Armaments"],"picked":"Twin Strike","floor":5.0},{"not_picked":["Searing Blow","Burning Pact"],"picked":"Body Slam","floor":6.0},{"not_picked":["Body Slam","Thunderclap"],"picked":"Inflame","floor":7.0},{"not_picked":["Armaments","Havoc"],"picked":"Shrug It Off","floor":10.0},{"not_picked":["Dropkick","Clash"],"picked":"Reaper","floor":12.0},{"not_picked":["Twin Strike","Heavy Blade","Fire Breathing"],"picked":"SKIP","floor":14.0},{"not_picked":["Bludgeon","Reaper"],"picked":"Juggernaut","floor":16.0},{"not_picked":["Twin Strike","Hemokinesis"],"picked":"Shrug It Off","floor":18.0},{"not_picked":["Anger","Flex+1"],"picked":"Headbutt","floor":19.0},{"not_picked":["Corruption+1","Spot Weakness"],"picked":"Immolate","floor":20.0},{"not_picked":["Warcry","Pommel Strike"],"picked":"Power Through","floor":23.0},{"not_picked":["Thunderclap+1","Power Through","Armaments"],"picked":"SKIP","floor":27.0},{"not_picked":["Thunderclap","Wild Strike","Bloodletting"],"picked":"SKIP","floor":28.0},{"not_picked":["Heavy Blade","Pummel+1"],"picked":"True Grit+1","floor":29.0},{"not_picked":["Anger","Rupture","Pommel Strike"],"picked":"SKIP","floor":31.0},{"not_picked":["Berserk","Juggernaut"],"picked":"Limit Break","floor":33.0},{"not_picked":["Havoc","Armaments+1","Anger+1"],"picked":"SKIP","floor":35.0},{"not_picked":["Rampage+1","Blood for Blood+1"],"picked":"Disarm","floor":38.0},{"not_picked":["Sword Boomerang","Combust+1","Havoc+1"],"picked":"SKIP","floor":39.0},{"not_picked":["Inflame+1","Infernal Blade"],"picked":"Shockwave","floor":41.0},{"not_picked":["Anger","Intimidate"],"picked":"True Grit+1","floor":45.0},{"not_picked":["Iron Wave+1","Armaments+1","Whirlwind+1"],"picked":"SKIP","floor":45.0},{"not_picked":["Cleave","Flame Barrier+1"],"picked":"Barricade","floor":48.0},{"not_picked":["Disarm+1","Anger+1"],"picked":"Power Through+1","floor":48.0},{"not_picked":["Iron Wave+1","Seeing Red+1","Pommel Strike+1"],"picked":"SKIP","floor":54}],"player_experience":898438,"relics_obtained":[{"floor":6.0,"key":"Dodecahedron"},{"floor":9.0,"key":"Letter Opener"},{"floor":10.0,"key":"Dream Catcher"},{"floor":23.0,"key":"Sundial"},{"floor":26.0,"key":"Orichalcum"},{"floor":27.0,"key":"Blue Candle"},{"floor":41.0,"key":"Happy Flower"},{"floor":44.0,"key":"Prayer Wheel"},{"floor":54,"key":"Self Forming Clay"}],"event_choices":[{"damage_healed":0.0,"max_hp_gain":0.0,"max_hp_loss":0.0,"gold_gain":0.0,"event_name":"Scrap Ooze","player_choice":"Success","floor":3.0,"gold_loss":0.0,"damage_taken":7.0,"relics_obtained":["Pantograph"]},{"damage_healed":0.0,"max_hp_gain":0.0,"max_hp_loss":0.0,"gold_gain":0.0,"event_name":"NoteForYourself","player_choice":"Ignored","floor":8.0,"gold_loss":0.0,"damage_taken":0.0},{"cards_removed":["Strike_R"],"damage_healed":0.0,"max_hp_gain":0.0,"max_hp_loss":0.0,"gold_gain":0.0,"event_name":"Beggar","player_choice":"Gave Gold","floor":21.0,"gold_loss":75.0,"damage_taken":0.0},{"damage_healed":0.0,"max_hp_gain":0.0,"max_hp_loss":0.0,"gold_gain":0.0,"cards_transformed":["Strike_R"],"event_name":"Transmorgrifier","player_choice":"Transformed","floor":25.0,"gold_loss":0.0,"damage_taken":0.0,"cards_obtained":["Wild Strike"]},{"damage_healed":0.0,"max_hp_gain":0.0,"max_hp_loss":0.0,"gold_gain":0.0,"event_name":"Accursed Blacksmith","player_choice":"Rummage","floor":36.0,"gold_loss":0.0,"damage_taken":0.0,"relics_obtained":["WarpedTongs"],"cards_obtained":["Pain"]},{"damage_healed":0.0,"max_hp_gain":0.0,"max_hp_loss":0.0,"gold_gain":0.0,"event_name":"MindBloom","player_choice":"Fight","floor":44.0,"gold_loss":0.0,"damage_taken":0.0}],"is_beta":false,"boss_relics":[{"not_picked":["Astrolabe","Ectoplasm"],"picked":"Cursed Key"},{"not_picked":["Runic Cube","White Beast Statue"],"picked":"Coffee Dripper"}],"items_purged_floors":[22,30,37,47,53],"is_endless":false,"potions_floor_spawned":[1,4,7,10,14,23,28,29,31,35,44,45,48],"ascension_level":0}