{"gold_per_floor":[119,294,314,328,328,328,361,361,385,399,399,419,453,474,474,602,602,626,651,651,277,295,329,352,377,377,377,400,424,459,483,483,483],"floor_reached":33,"playtime":3817,"items_purged":["Doubt"],"score":373,"play_id":"ad8c3072-1ce3-4d9e-80c1-6e34cc11a3f9","local_time":"20180805173601","is_ascension_mode":true,"campfire_choices":[{"data":"Predator","floor":6,"key":"SMITH"},{"data":"Strike_G","floor":8,"key":"SMITH"},{"data":"Flying Knee","floor":11,"key":"SMITH"},{"data":"Prepared","floor":15,"key":"SMITH"},{"floor":27,"key":"REST"},{"floor":32,"key":"REST"}],"neow_cost":"NONE","seed_source_timestamp":1011831242656447,"circlet_count":0,"master_deck":["Defend_G","Defend_G","Defend_G","Defend_G","Defend_G","Strike_G","Strike_G","Strike_G","Strike_G","Strike_G+1","Survivor","Neutralize","Leg Sweep","Predator+1","Well Laid Plans","Injury","Die Die Die","Parasite","Flying Knee+1","PiercingWail","Footwork","Prepared+1","Unload","Acrobatics","Dagger Spray","Infinite Blades","Flying Knee","Quick Slash","Dagger Throw","Finisher","Underhanded Strike","Trip","Backflip","Choke","Terror","Die Die Die","Normality","Dagger Throw+1","Outmaneuver+1","Masterful Stab+1","Deflect"],"relics":["Cursed Key","Golden Idol","Ancient Tea Set","Orichalcum","Letter Opener","Orrery","Bronze Scales","Ginger","Molten Egg 2","Strawberry"],"potions_floor_usage":[16,23,24,25,30,30,31,33],"damage_taken":[{"damage":0,"enemies":"2 Louse","floor":1,"turns":3},{"damage":2,"enemies":"Jaw Worm","floor":3,"turns":6},{"damage":0,"enemies":"Small Slimes","floor":4,"turns":4},{"damage":8,"enemies":"Lagavulin","floor":7,"turns":10},{"damage":0,"enemies":"Blue Slaver","floor":10,"turns":4},{"damage":8,"enemies":"Exordium Thugs","floor":12,"turns":5},{"damage":9,"enemies":"3 Sentries","floor":13,"turns":6},{"damage":0,"enemies":"2 Fungi Beasts","floor":14,"turns":4},{"damage":30,"enemies":"Hexaghost","floor":16,"turns":17},{"damage":9,"enemies":"Spheric Guardian","floor":18,"turns":4},{"damage":11,"enemies":"3 Byrds","floor":19,"turns":5},{"damage":6,"enemies":"Cultist and Chosen","floor":22,"turns":5},{"damage":8,"enemies":"Slavers","floor":23,"turns":5},{"damage":17,"enemies":"Snake Plant","floor":24,"turns":3},{"damage":2,"enemies":"Centurion and Healer","floor":25,"turns":4},{"damage":0,"enemies":"Snecko","floor":28,"turns":2},{"damage":29,"enemies":"Snake Plant","floor":29,"turns":3},{"damage":11,"enemies":"Book of Stabbing","floor":30,"turns":3},{"damage":15,"enemies":"Centurion and Healer","floor":31,"turns":4},{"damage":37,"enemies":"Champ","floor":33,"turns":7}],"seed_played":"-3103573386275286445","potions_obtained":[{"floor":10,"key":"SpeedPotion"},{"floor":12,"key":"Regen Potion"},{"floor":14,"key":"Weak Potion"},{"floor":22,"key":"Explosive Potion"},{"floor":23,"key":"SteroidPotion"},{"floor":29,"key":"GhostInAJar"},{"floor":30,"key":"PowerPotion"},{"floor":31,"key":"SkillPotion"}],"is_trial":false,"path_per_floor":["M","?","M","M","?","R","E","R","T","M","R","M","E","M","R","B",null,"M","M","?","$","M","E","M","M","T","R","M","M","E","M","R"],"character_chosen":"THE_SILENT","items_purchased":["Bronze Scales","Underhanded Strike","Trip"],"campfire_rested":2,"item_purchase_floors":[21,21,21],"current_hp_per_floor":[70,70,68,68,68,68,60,60,60,60,60,52,43,43,43,13,70,61,50,50,50,44,36,19,17,17,38,38,9,17,2,25,0],"gold":483,"neow_bonus":"BOSS_RELIC","is_prod":false,"is_daily":false,"chose_seed":false,"campfire_upgraded":4,"win_rate":0,"timestamp":1533504961,"path_taken":["M","?","M","M","?","R","E","R","T","?","R","M","E","M","R","BOSS","M","M","?","$","M","E","M","M","T","R","M","M","E","M","R","BOSS"],"build_version":"2018-08-02","purchased_purges":1,"victory":false,"max_hp_per_floor":[70,70,70,70,70,70,70,70,70,70,70,70,70,70,70,70,70,70,70,70,70,70,70,70,70,70,70,70,70,77,77,77,77],"card_choices":[{"not_picked":["Deadly Poison","Poisoned Stab"],"picked":"Leg Sweep","floor":1},{"not_picked":["Underhanded Strike","Deadly Poison"],"picked":"Predator","floor":3},{"not_picked":["Deflect","Blade Dance"],"picked":"Well Laid Plans","floor":4},{"not_picked":["Deflect","Escape Plan"],"picked":"Die Die Die","floor":7},{"not_picked":["Bane","Slice"],"picked":"Flying Knee","floor":10},{"not_picked":["Sucker Punch","Deflect"],"picked":"PiercingWail","floor":12},{"not_picked":["Sucker Punch","Deflect"],"picked":"Footwork","floor":13},{"not_picked":["Backflip","Deadly Poison"],"picked":"Prepared","floor":14},{"not_picked":["Storm of Steel","Tools of the Trade"],"picked":"Unload","floor":16},{"not_picked":["Reflex","Eviscerate"],"picked":"Acrobatics","floor":17},{"not_picked":["Infinite Blades","Cloak And Dagger"],"picked":"Dagger Spray","floor":17},{"not_picked":["Underhanded Strike","PiercingWail"],"picked":"Infinite Blades","floor":17},{"not_picked":["Acrobatics","Bane"],"picked":"Flying Knee","floor":17},{"not_picked":["Slice","Cloak And Dagger"],"picked":"Quick Slash","floor":17},{"not_picked":["Masterful Stab","Sucker Punch"],"picked":"Dagger Throw","floor":18},{"not_picked":["Blade Dance+1","Bane"],"picked":"Finisher","floor":19},{"not_picked":["Infinite Blades","Endless Agony"],"picked":"Backflip","floor":22},{"not_picked":["Expertise","Deadly Poison"],"picked":"Choke","floor":23},{"not_picked":["Cloak And Dagger","Heel Hook"],"picked":"Terror","floor":24},{"not_picked":["Crippling Poison+1","Cloak And Dagger"],"picked":"Die Die Die","floor":25},{"not_picked":["Deflect","Underhanded Strike+1"],"picked":"Dagger Throw+1","floor":28},{"not_picked":["Bouncing Flask+1","Quick Slash+1"],"picked":"Outmaneuver+1","floor":29},{"not_picked":["Acrobatics","Wraith Form v2"],"picked":"Masterful Stab+1","floor":30},{"not_picked":["Expertise","Tactician"],"picked":"Deflect","floor":31}],"player_experience":233711,"relics_obtained":[{"floor":7,"key":"Ancient Tea Set"},{"floor":9,"key":"Orichalcum"},{"floor":13,"key":"Letter Opener"},{"floor":23,"key":"Ginger"},{"floor":26,"key":"Molten Egg 2"},{"floor":30,"key":"Strawberry"}],"event_choices":[{"event_name":"Liars Game","player_choice":"agreed","floor":2,"damage_taken":0},{"event_name":"Golden Idol","player_choice":"Take Wound","floor":5,"damage_taken":0},{"event_name":"Vampires","player_choice":"Ignored","floor":20,"damage_taken":0}],"is_beta":false,"boss_relics":[{"not_picked":["Eternal Feather","Runic Dome"],"picked":"Orrery"}],"items_purged_floors":[21],"is_endless":false,"potions_floor_spawned":[10,12,14,22,23,29,30,31],"killed_by":"Champ","ascension_level":3}