{"gold_per_floor":[110,128,128,146,111,111,141,141,223,223,223,254,268,298,298,370,370,384,384,399,31,47,47],"floor_reached":23,"playtime":1024,"items_purged":[],"score":366,"play_id":"504e85c0-0df3-41de-b6e2-9aff0e0d6b0d","local_time":"20191004193257","is_ascension_mode":true,"campfire_choices":[{"data":"Neutralize","floor":6.0,"key":"SMITH"},{"data":"Deadly Poison","floor":8.0,"key":"SMITH"},{"data":"Poisoned Stab","floor":10.0,"key":"SMITH"},{"data":"Noxious Fumes","floor":15.0,"key":"SMITH"}],"neow_cost":"NONE","seed_source_timestamp":969287304743600,"circlet_count":0,"master_deck":["AscendersBane","Strike_G+1","Strike_G","Strike_G","Strike_G","Defend_G","Defend_G","Defend_G","Defend_G","Defend_G","Survivor","Neutralize+1","Dramatic Entrance+1","Poisoned Stab","Deflect","Poisoned Stab+1","Deadly Poison+1","Noxious Fumes+1","Deflect","Corpse Explosion","PiercingWail","Footwork","Dodge and Roll"],"special_seed":0,"relics":["Ring of the Serpent","Ancient Tea Set","HornCleat","Blood Vial","Singing Bowl","Turnip","Gambling Chip"],"potions_floor_usage":[23],"damage_taken":[{"damage":0.0,"enemies":"Jaw Worm","floor":1.0,"turns":3.0},{"damage":0.0,"enemies":"2 Louse","floor":2.0,"turns":2.0},{"damage":0.0,"enemies":"Cultist","floor":4.0,"turns":3.0},{"damage":20.0,"enemies":"3 Sentries","floor":7.0,"turns":8.0},{"damage":10.0,"enemies":"Lagavulin","floor":12.0,"turns":5.0},{"damage":4.0,"enemies":"Exordium Wildlife","floor":13.0,"turns":4.0},{"damage":6.0,"enemies":"Gremlin Nob","floor":14.0,"turns":4.0},{"damage":16.0,"enemies":"The Guardian","floor":16.0,"turns":11.0},{"damage":13.0,"enemies":"Spheric Guardian","floor":18.0,"turns":4.0},{"damage":13.0,"enemies":"2 Thieves","floor":20.0,"turns":3.0},{"damage":11.0,"enemies":"Centurion and Healer","floor":22.0,"turns":5.0},{"damage":42,"enemies":"Slavers","floor":23,"turns":4}],"seed_played":"1072831592248066582","potions_obtained":[{"floor":1.0,"key":"Explosive Potion"},{"floor":2.0,"key":"Fire Potion"},{"floor":14.0,"key":"SpeedPotion"},{"floor":20.0,"key":"LiquidBronze"}],"is_trial":false,"path_per_floor":["M","M","?","M","?","R","E","R","T","R","?","E","M","E","R","B",null,"M","T","M","$","M","E"],"character_chosen":"THE_SILENT","items_purchased":["Gambling Chip","Footwork"],"campfire_rested":0,"item_purchase_floors":[21,21],"current_hp_per_floor":[59,59,39,39,55,55,35,35,35,35,35,25,23,21,21,7,53,42,42,33,33,24,0],"gold":47,"neow_bonus":"RANDOM_COLORLESS","is_prod":false,"is_daily":false,"chose_seed":false,"campfire_upgraded":4,"win_rate":0,"timestamp":1570210377,"path_taken":["M","M","?","M","?","R","E","R","T","R","?","E","M","E","R","BOSS","M","?","M","$","M","E"],"build_version":"2019-10-03","purchased_purges":0,"victory":false,"max_hp_per_floor":[66,66,66,66,66,66,66,66,66,66,66,66,66,68,68,68,68,68,68,70,70,70,70],"card_choices":[{"not_picked":["Jack Of All Trades","Blind"],"picked":"Dramatic Entrance","floor":0.0},{"not_picked":["Riddle With Holes","Cloak And Dagger"],"picked":"Poisoned Stab","floor":1.0},{"not_picked":["Acrobatics","Prepared"],"picked":"Deflect","floor":2.0},{"not_picked":["Reflex","Sucker Punch"],"picked":"Poisoned Stab","floor":4.0},{"not_picked":["Dagger Throw","Poisoned Stab"],"picked":"Deadly Poison","floor":7.0},{"not_picked":["Expertise","Heel Hook"],"picked":"Noxious Fumes","floor":12.0},{"not_picked":["Poisoned Stab","Bane"],"picked":"Deflect","floor":13.0},{"not_picked":["Bullet Time","Accuracy","Skewer"],"picked":"Singing Bowl","floor":14.0},{"not_picked":["Die Die Die","After Image"],"picked":"Corpse Explosion","floor":16.0},{"not_picked":["Acrobatics","Slice"],"picked":"PiercingWail","floor":18.0},{"not_picked":["Dagger Spray+1","Poisoned Stab","Bane"],"picked":"Singing Bowl","floor":20.0},{"not_picked":["Bouncing Flask","Quick Slash"],"picked":"Dodge and Roll","floor":22.0}],"player_experience":923302,"relics_obtained":[{"floor":7.0,"key":"Ancient Tea Set"},{"floor":9.0,"key":"HornCleat"},{"floor":12.0,"key":"Blood Vial"},{"floor":14.0,"key":"Singing Bowl"},{"floor":19.0,"key":"Turnip"}],"event_choices":[{"damage_healed":0.0,"max_hp_gain":0.0,"max_hp_loss":0.0,"gold_gain":0.0,"event_name":"Shining Light","player_choice":"Entered Light","floor":3.0,"gold_loss":0.0,"damage_taken":20.0,"cards_upgraded":["Strike_G","Dramatic Entrance"]},{"damage_healed":16.0,"max_hp_gain":0.0,"max_hp_loss":0.0,"gold_gain":0.0,"event_name":"The Cleric","player_choice":"Healed","floor":5.0,"gold_loss":35.0,"damage_taken":0.0},{"cards_removed":["Strike_G"],"damage_healed":0.0,"max_hp_gain":0.0,"max_hp_loss":0.0,"gold_gain":0.0,"event_name":"Bonfire Elementals","player_choice":"Offered Basic","floor":11.0,"gold_loss":0.0,"damage_taken":0.0}],"is_beta":true,"boss_relics":[{"not_picked":["Busted Crown","Coffee Dripper"],"picked":"Ring of the Serpent"}],"items_purged_floors":[],"is_endless":false,"potions_floor_spawned":[1,2,14,20,22],"killed_by":"Slavers","ascension_level":15}