{"gold_per_floor":[111,122,122,140,156,156,190,190,217,231,231,34,34,48,48,48],"floor_reached":16,"playtime":525,"items_purged":[],"score":204,"play_id":"d28bce17-8955-4f08-8049-e551358aba60","local_time":"20190605215245","is_ascension_mode":true,"campfire_choices":[{"floor":6,"key":"REST"},{"floor":8,"key":"REST"},{"floor":11,"key":"REST"},{"floor":15,"key":"REST"}],"neow_cost":"NONE","seed_source_timestamp":430758047647335,"circlet_count":0,"master_deck":["AscendersBane","Defend_G","Defend_G","Defend_G","Defend_G","Defend_G","Strike_G","Strike_G","Strike_G","Strike_G","Survivor","Neutralize","Dagger Spray","Noxious Fumes","Escape Plan","Deflect","Riddle With Holes","PiercingWail","Blur"],"relics":["Ring of the Snake","NeowsBlessing","Boot","Orichalcum","PreservedInsect"],"potions_floor_usage":[7],"damage_taken":[{"damage":0,"enemies":"2 Louse","floor":1,"turns":1},{"damage":0,"enemies":"Jaw Worm","floor":2,"turns":1},{"damage":0,"enemies":"Small Slimes","floor":4,"turns":1},{"damage":17,"enemies":"Exordium Thugs","floor":5,"turns":5},{"damage":50,"enemies":"Gremlin Nob","floor":7,"turns":5},{"damage":4,"enemies":"2 Fungi Beasts","floor":10,"turns":4},{"damage":14,"enemies":"Exordium Wildlife","floor":14,"turns":3},{"damage":54,"enemies":"Slime Boss","floor":16,"turns":6}],"seed_played":"5849665567850242985","potions_obtained":[{"floor":1,"key":"Strength Potion"},{"floor":4,"key":"Dexterity Potion"},{"floor":5,"key":"Fire Potion"}],"is_trial":false,"path_per_floor":["M","M","?","M","M","R","E","R","T","M","R","$","?","M","R","B"],"character_chosen":"THE_SILENT","items_purchased":["PreservedInsect","PiercingWail"],"campfire_rested":4,"item_purchase_floors":[12,12],"current_hp_per_floor":[59,59,52,52,35,54,4,23,23,19,38,38,43,29,50,0],"gold":48,"neow_bonus":"THREE_ENEMY_KILL","is_prod":false,"is_daily":false,"chose_seed":false,"campfire_upgraded":0,"win_rate":0,"timestamp":1559764365,"path_taken":["M","M","?","M","M","R","E","R","T","M","R","$","?","M","R","BOSS"],"build_version":"2019-01-23","purchased_purges":0,"victory":false,"max_hp_per_floor":[66,66,66,66,66,66,66,66,66,66,66,66,71,71,71,71],"card_choices":[{"not_picked":["Calculated Gamble","Concentrate"],"picked":"Dagger Spray","floor":1},{"not_picked":["Finisher","Outmaneuver"],"picked":"Noxious Fumes","floor":2},{"not_picked":["Dodge and Roll","Poisoned Stab"],"picked":"Escape Plan","floor":4},{"not_picked":["Blade Dance","Slice"],"picked":"Deflect","floor":5},{"not_picked":["Dodge and Roll","Acrobatics"],"picked":"Riddle With Holes","floor":7},{"not_picked":["Flechettes","Flying Knee","Predator"],"picked":"SKIP","floor":10},{"not_picked":["Dagger Throw","Bane"],"picked":"Blur","floor":14}],"player_experience":463358,"relics_obtained":[{"floor":7,"key":"Boot"},{"floor":9,"key":"Orichalcum"}],"event_choices":[{"cards_removed":["Strike_G"],"damage_healed":0,"gold_gain":0,"player_choice":"Card Removal","damage_taken":7,"max_hp_gain":0,"max_hp_loss":0,"event_name":"Golden Wing","floor":3,"gold_loss":0},{"damage_healed":0,"gold_gain":0,"player_choice":"Donut","damage_taken":0,"max_hp_gain":5,"max_hp_loss":0,"event_name":"Big Fish","floor":13,"gold_loss":0}],"is_beta":false,"boss_relics":[],"items_purged_floors":[],"is_endless":false,"potions_floor_spawned":[1,4,5],"killed_by":"Slime Boss","ascension_level":20}