{"gold_per_floor":[214,214,38,50,67,67,100,100,100,126,126,276,307,326,326,400,400,411,391,408,0,17,51,51,76,76,76,89,89,101,201,201,276,276,296,396,11,11,11,11,26,26,26,26,58,69,79,108,108,108],"floor_reached":51,"playtime":3664,"items_purged":["Pain","Doubt"],"score":1420,"play_id":"857a0a63-b6aa-4174-a786-e291c6eb5358","local_time":"20190624195238","is_ascension_mode":true,"campfire_choices":[{"data":"Neutralize","floor":6,"key":"SMITH"},{"floor":8,"key":"REST"},{"data":"Footwork","floor":11,"key":"SMITH"},{"data":"Crippling Poison","floor":15,"key":"SMITH"},{"floor":24,"key":"REST"},{"data":"Footwork","floor":27,"key":"SMITH"},{"data":"Noxious Fumes","floor":29,"key":"SMITH"},{"floor":32,"key":"REST"},{"floor":40,"key":"REST"},{"data":"Catalyst","floor":42,"key":"SMITH"},{"data":"Caltrops","floor":44,"key":"SMITH"},{"floor":49,"key":"REST"}],"neow_cost":"NONE","seed_source_timestamp":382970816476668,"circlet_count":0,"master_deck":["AscendersBane","Defend_G","Defend_G","Defend_G","Defend_G","Defend_G","Strike_G","Strike_G","Strike_G","Strike_G","Survivor","Neutralize+1","Quick Slash","Dash","Deflect","Crippling Poison+1","Footwork+1","Dodge and Roll","Footwork+1","Dash","Glass Knife","Deadly Poison","Backstab","Poisoned Stab","PiercingWail+1","Noxious Fumes+1","Backflip+1","Caltrops+1","Dodge and Roll","Unload","Catalyst+1","Tactician","Blur"],"relics":["Ring of the Snake","WarpedTongs","Blue Candle","Singing Bowl","Snake Skull","Pocketwatch","Orrery","Incense Burner","Letter Opener","Ornamental Fan","Mummified Hand","Calipers","Darkstone Periapt","Runic Pyramid","Gambling Chip","Bottled Tornado","Shuriken","Question Card","Regal Pillow","PreservedInsect"],"potions_floor_usage":[23,36,36],"damage_taken":[{"damage":2,"enemies":"Cultist","floor":1,"turns":4},{"damage":0,"enemies":"Jaw Worm","floor":4,"turns":5},{"damage":0,"enemies":"2 Louse","floor":5,"turns":2},{"damage":24,"enemies":"3 Sentries","floor":7,"turns":12},{"damage":5,"enemies":"Lagavulin","floor":10,"turns":10},{"damage":12,"enemies":"3 Sentries","floor":13,"turns":12},{"damage":3,"enemies":"Looter","floor":14,"turns":3},{"damage":12,"enemies":"The Guardian","floor":16,"turns":15},{"damage":3,"enemies":"Shell Parasite","floor":18,"turns":5},{"damage":1,"enemies":"Chosen","floor":20,"turns":4},{"damage":3,"enemies":"Snecko","floor":22,"turns":5},{"damage":35,"enemies":"Book of Stabbing","floor":23,"turns":5},{"damage":3,"enemies":"Gremlin Leader","floor":25,"turns":8},{"damage":1,"enemies":"Cultist and Chosen","floor":28,"turns":7},{"damage":3,"enemies":"3 Cultists","floor":30,"turns":5},{"damage":4,"enemies":"Colosseum Slavers","floor":31,"turns":4},{"damage":3,"enemies":"Colosseum Nobs","floor":31,"turns":7},{"damage":3,"enemies":"Champ","floor":33,"turns":13},{"damage":26,"enemies":"3 Darklings","floor":35,"turns":5},{"damage":1,"enemies":"Mind Bloom Boss Battle","floor":36,"turns":7},{"damage":3,"enemies":"Orb Walker","floor":41,"turns":4},{"damage":0,"enemies":"Reptomancer","floor":45,"turns":6},{"damage":0,"enemies":"3 Darklings","floor":46,"turns":5},{"damage":0,"enemies":"Sphere and 2 Shapes","floor":47,"turns":6},{"damage":0,"enemies":"Nemesis","floor":48,"turns":7},{"damage":1,"enemies":"Time Eater","floor":50,"turns":14}],"seed_played":"-6365411623784732075","potions_obtained":[{"floor":7,"key":"GamblersBrew"},{"floor":10,"key":"Ancient Potion"},{"floor":18,"key":"Poison Potion"},{"floor":19,"key":"Energy Potion"},{"floor":25,"key":"Block Potion"},{"floor":36,"key":"Swift Potion"},{"floor":47,"key":"Fire Potion"}],"is_trial":false,"path_per_floor":["M","?","$","M","M","R","E","R","T","E","R","?","E","M","R","B",null,"M","?","M","$","M","E","R","E","T","R","M","R","M","?","R","B",null,"M","?","$","?","T","R","M","R","T","R","E","M","M","E","R","B",null],"character_chosen":"THE_SILENT","items_purchased":["Dash","Deflect","Incense Burner","Noxious Fumes","Bottled Tornado"],"campfire_rested":5,"item_purchase_floors":[3,3,21,21,37],"current_hp_per_floor":[57,57,57,57,57,57,33,52,52,49,49,49,37,34,34,22,61,60,60,59,59,58,23,45,44,44,44,45,45,42,35,59,56,74,48,49,49,49,49,73,72,72,72,72,72,74,74,76,88,87],"gold":108,"neow_bonus":"HUNDRED_GOLD","is_prod":false,"is_daily":false,"chose_seed":false,"campfire_upgraded":7,"win_rate":0,"timestamp":1561420358,"path_taken":["M","?","$","M","?","R","E","R","T","E","R","?","E","M","R","BOSS","M","?","M","$","M","E","R","E","T","R","M","R","?","?","R","BOSS","M","?","$","?","?","R","M","R","T","R","E","M","?","E","R","BOSS"],"build_version":"2019-01-23","purchased_purges":2,"victory":true,"max_hp_per_floor":[66,66,66,66,66,66,66,66,66,68,68,68,68,68,68,68,72,74,74,74,74,76,76,76,78,78,78,80,80,80,80,80,80,80,80,82,82,82,82,82,84,84,84,84,84,86,86,88,88,88],"card_choices":[{"not_picked":["Setup","Acrobatics"],"picked":"Quick Slash","floor":1},{"not_picked":["Outmaneuver","Slice"],"picked":"Crippling Poison","floor":4},{"not_picked":["Poisoned Stab","Acrobatics"],"picked":"Footwork","floor":5},{"not_picked":["Outmaneuver","Prepared"],"picked":"Dodge and Roll","floor":7},{"not_picked":["Infinite Blades","Concentrate","Accuracy"],"picked":"Singing Bowl","floor":10},{"not_picked":["Outmaneuver","Endless Agony"],"picked":"Footwork","floor":13},{"not_picked":["Flechettes","Infinite Blades"],"picked":"Dash","floor":14},{"not_picked":["Storm of Steel","Malaise"],"picked":"Glass Knife","floor":16},{"not_picked":["Acrobatics","PiercingWail"],"picked":"Deadly Poison","floor":17},{"not_picked":["Deflect","All Out Attack"],"picked":"Backstab","floor":17},{"not_picked":["Dagger Throw","Underhanded Strike"],"picked":"Poisoned Stab","floor":17},{"not_picked":["Bane","Acrobatics","Dodge and Roll"],"picked":"Singing Bowl","floor":17},{"not_picked":["Bane","Blade Dance","Flying Knee"],"picked":"Singing Bowl","floor":17},{"not_picked":["Deflect","Cloak And Dagger+1","Skewer"],"picked":"Singing Bowl","floor":18},{"not_picked":["Slice","Outmaneuver"],"picked":"PiercingWail+1","floor":20},{"not_picked":["Concentrate","Predator","PiercingWail"],"picked":"Singing Bowl","floor":22},{"not_picked":["Quick Slash+1","Bane+1"],"picked":"Backflip+1","floor":23},{"not_picked":["Dagger Spray","Riddle With Holes","Tactician"],"picked":"Singing Bowl","floor":25},{"not_picked":["Venomology","Choke+1","Expertise"],"picked":"Singing Bowl","floor":28},{"not_picked":["Reflex","Accuracy"],"picked":"Caltrops","floor":30},{"not_picked":["Riddle With Holes","Accuracy"],"picked":"Dodge and Roll","floor":31},{"not_picked":["Bullet Time","Phantasmal Killer"],"picked":"Unload","floor":33},{"not_picked":["Dagger Throw+1","Riddle With Holes+1"],"picked":"Catalyst","floor":35},{"not_picked":["Reflex","Accuracy","Flying Knee"],"picked":"Singing Bowl","floor":36},{"not_picked":["Sucker Punch","Dagger Throw","Prepared"],"picked":"Singing Bowl","floor":41},{"not_picked":["Bane+1","Quick Slash+1","Phantasmal Killer"],"picked":"Tactician","floor":45},{"not_picked":["Quick Slash+1","Outmaneuver","Predator","Accuracy"],"picked":"Singing Bowl","floor":46},{"not_picked":["Acrobatics","Footwork","Infinite Blades"],"picked":"Blur","floor":47},{"not_picked":["Poisoned Stab+1","Quick Slash","Flying Knee","Acrobatics"],"picked":"Singing Bowl","floor":48}],"player_experience":1054230,"relics_obtained":[{"floor":7,"key":"Blue Candle"},{"floor":9,"key":"Singing Bowl"},{"floor":10,"key":"Snake Skull"},{"floor":13,"key":"Pocketwatch"},{"floor":23,"key":"Letter Opener"},{"floor":25,"key":"Ornamental Fan"},{"floor":26,"key":"Mummified Hand"},{"floor":31,"key":"Calipers"},{"floor":31,"key":"Darkstone Periapt"},{"floor":36,"key":"Gambling Chip"},{"floor":39,"key":"Shuriken"},{"floor":43,"key":"Question Card"},{"floor":45,"key":"Regal Pillow"},{"floor":48,"key":"PreservedInsect"}],"event_choices":[{"damage_healed":0,"gold_gain":0,"player_choice":"Rummage","damage_taken":0,"relics_obtained":["WarpedTongs"],"max_hp_gain":0,"max_hp_loss":0,"event_name":"Accursed Blacksmith","floor":2,"gold_loss":0,"cards_obtained":["Pain"]},{"damage_healed":0,"gold_gain":150,"player_choice":"AGREE","damage_taken":0,"max_hp_gain":0,"max_hp_loss":0,"event_name":"Liars Game","floor":12,"gold_loss":0,"cards_obtained":["Doubt"]},{"damage_healed":0,"gold_gain":0,"player_choice":"Bought 1 Potion","damage_taken":0,"max_hp_gain":0,"max_hp_loss":0,"event_name":"The Woman in Blue","floor":19,"gold_loss":0},{"damage_healed":0,"gold_gain":0,"player_choice":"Fight","damage_taken":0,"max_hp_gain":0,"max_hp_loss":0,"event_name":"Colosseum","floor":31,"gold_loss":0},{"damage_healed":0,"gold_gain":0,"player_choice":"Fought Nobs","damage_taken":0,"max_hp_gain":0,"max_hp_loss":0,"event_name":"Colosseum","floor":31,"gold_loss":0},{"damage_healed":0,"gold_gain":0,"player_choice":"Fight","damage_taken":0,"max_hp_gain":0,"max_hp_loss":0,"event_name":"MindBloom","floor":36,"gold_loss":0},{"cards_removed":["Strike_G"],"damage_healed":0,"gold_gain":0,"player_choice":"Removed Attack","damage_taken":0,"max_hp_gain":0,"max_hp_loss":0,"event_name":"Falling","floor":38,"gold_loss":0}],"is_beta":false,"boss_relics":[{"not_picked":["Empty Cage","Pandora\u0027s Box"],"picked":"Orrery"},{"not_picked":["Fusion Hammer","Philosopher\u0027s Stone"],"picked":"Runic Pyramid"}],"items_purged_floors":[3,37],"is_endless":false,"potions_floor_spawned":[7,10,13,18,25,28,30,31,31,35,36,47],"ascension_level":16}