{"gold_per_floor":[112,112,130,149,161,161,187,187,213,243,258,291,366,425,425,502,502,521,31,58,58,58,85,97,97,123,153,153,153,182,132,132,210,260,276,6,57,20,30,30,30,30,30,30,30,61,78,88,88,88,88,88,28,57,57],"floor_reached":55,"playtime":2960,"items_purged":["Strike_B"],"score":1392,"play_id":"829fa3ef-b60c-49ee-b7a0-2e1e2060ac57","local_time":"20190721183941","is_ascension_mode":true,"campfire_choices":[{"data":"Sunder","floor":6.0,"key":"SMITH"},{"data":"White Noise","floor":8.0,"key":"SMITH"},{"floor":15.0,"key":"REST"},{"floor":25.0,"key":"REST"},{"floor":32.0,"key":"REST"},{"data":"Amplify","floor":40.0,"key":"SMITH"},{"data":"Biased Cognition","floor":42.0,"key":"SMITH"},{"data":"Loop","floor":45.0,"key":"SMITH"},{"floor":49.0,"key":"RECALL"},{"data":"Coolheaded","floor":52.0,"key":"SMITH"}],"neow_cost":"NONE","seed_source_timestamp":895436055364050,"circlet_count":0,"master_deck":["AscendersBane","Strike_B","Strike_B","Defend_B","Defend_B","Defend_B","Defend_B","Zap+1","Dualcast","Self Repair","White Noise+1","Sunder+1","Cold Snap","Steam","Loop+1","Echo Form","Conserve Battery","Amplify+1","Sweeping Beam","Undo","Biased Cognition+1","Turbo","Coolheaded+1","Coolheaded+1","Cold Snap+1"],"special_seed":0,"relics":["Cracked Core","Art of War","Pen Nib","Strawberry","Juzu Bracelet","Orichalcum","Singing Bowl","Busted Crown","Mummified Hand","Runic Capacitor","Red Mask","Anchor","Centennial Puzzle","The Courier","Blue Candle","DataDisk","Tiny House","Bird Faced Urn","Emotion Chip","Molten Egg 2","Boot"],"potions_floor_usage":[55,55],"damage_taken":[{"damage":7.0,"enemies":"Small Slimes","floor":1.0,"turns":3.0},{"damage":7.0,"enemies":"2 Louse","floor":3.0,"turns":3.0},{"damage":4.0,"enemies":"Jaw Worm","floor":4.0,"turns":3.0},{"damage":7.0,"enemies":"3 Louse","floor":5.0,"turns":3.0},{"damage":13.0,"enemies":"Gremlin Nob","floor":7.0,"turns":4.0},{"damage":10.0,"enemies":"Lagavulin","floor":10.0,"turns":7.0},{"damage":0.0,"enemies":"Large Slime","floor":11.0,"turns":3.0},{"damage":22.0,"enemies":"3 Sentries","floor":12.0,"turns":7.0},{"damage":13.0,"enemies":"Lagavulin Event","floor":14.0,"turns":4.0},{"damage":0.0,"enemies":"Slime Boss","floor":16.0,"turns":4.0},{"damage":13.0,"enemies":"Spheric Guardian","floor":18.0,"turns":4.0},{"damage":48.0,"enemies":"Masked Bandits","floor":20.0,"turns":5.0},{"damage":5.0,"enemies":"Gremlin Leader","floor":23.0,"turns":6.0},{"damage":20.0,"enemies":"3 Byrds","floor":24.0,"turns":6.0},{"damage":5.0,"enemies":"Book of Stabbing","floor":27.0,"turns":3.0},{"damage":22.0,"enemies":"Slavers","floor":30.0,"turns":6.0},{"damage":27.0,"enemies":"Champ","floor":33.0,"turns":12.0},{"damage":0.0,"enemies":"3 Shapes","floor":35.0,"turns":4.0},{"damage":79.0,"enemies":"2 Orb Walkers","floor":37.0,"turns":6.0},{"damage":0.0,"enemies":"3 Darklings","floor":39.0,"turns":3.0},{"damage":57.0,"enemies":"Reptomancer","floor":46.0,"turns":6.0},{"damage":21.0,"enemies":"Maw","floor":47.0,"turns":9.0},{"damage":15.0,"enemies":"4 Shapes","floor":48.0,"turns":6.0},{"damage":33.0,"enemies":"Awakened One","floor":50.0,"turns":12.0},{"damage":45.0,"enemies":"Shield and Spear","floor":54.0,"turns":8.0},{"damage":78,"enemies":"The Heart","floor":55,"turns":5}],"seed_played":"1497261474461682301","potions_obtained":[{"floor":4.0,"key":"Block Potion"},{"floor":5.0,"key":"Weak Potion"},{"floor":10.0,"key":"GamblersBrew"},{"floor":16.0,"key":"Ancient Potion"},{"floor":27.0,"key":"Fruit Juice"},{"floor":34.0,"key":"Fruit Juice"},{"floor":37.0,"key":"Ancient Potion"},{"floor":54.0,"key":"GamblersBrew"}],"is_trial":false,"path_per_floor":["M","?","M","M","M","R","E","R","T","E","M","E","?","?","R","B",null,"M","$","?","?","?","E","M","R","T","E","?","T","E","?","R","B",null,"M","$","?","$","M","R","?","R","T","$","R","E","M","M","R","B",null,"R","$","E","B"],"character_chosen":"DEFECT","items_purchased":["Mummified Hand","Sweeping Beam","Runic Capacitor","Bird Faced Urn","Turbo","Coolheaded"],"campfire_rested":3,"item_purchase_floors":[19,19,19,36,36,38],"current_hp_per_floor":[57,50,50,53,53,53,40,40,47,37,44,29,18,12,35,42,69,65,65,26,26,26,23,12,37,37,48,48,48,33,33,59,39,88,97,97,42,42,48,48,48,48,48,48,48,20,27,40,40,30,89,89,89,72,0],"gold":57,"neow_bonus":"RANDOM_COMMON_RELIC","is_prod":false,"is_daily":false,"chose_seed":false,"campfire_upgraded":6,"win_rate":0,"timestamp":1563727181,"path_taken":["M","?","M","M","M","R","E","R","T","E","M","E","?","?","R","BOSS","M","$","?","?","?","E","M","R","T","E","?","?","E","?","R","BOSS","M","?","?","$","M","R","?","R","T","$","R","E","M","M","R","BOSS","R","$","E","BOSS"],"build_version":"2019-07-17","purchased_purges":1,"victory":false,"max_hp_per_floor":[71,71,71,71,71,71,71,71,78,78,78,78,78,78,78,78,78,80,80,82,82,82,84,86,86,86,88,88,88,88,88,88,88,100,102,102,107,107,109,109,104,104,104,104,104,106,108,108,108,108,108,108,108,110,110],"card_choices":[{"not_picked":["Beam Cell","Steam Power"],"picked":"Self Repair","floor":1.0},{"not_picked":["Barrage","Streamline"],"picked":"White Noise","floor":3.0},{"not_picked":["Barrage","Conserve Battery"],"picked":"Sunder","floor":4.0},{"not_picked":["Hologram","Go for the Eyes"],"picked":"Cold Snap","floor":5.0},{"not_picked":["Blizzard","Compile Driver"],"picked":"Steam","floor":7.0},{"not_picked":["Barrage","Tempest","Rebound"],"picked":"SKIP","floor":10.0},{"not_picked":["Turbo","Rebound"],"picked":"Loop","floor":11.0},{"not_picked":["Aggregate","Redo"],"picked":"Echo Form","floor":12.0},{"not_picked":["Gash","Skim"],"picked":"Conserve Battery","floor":14.0},{"not_picked":["Thunder Strike","Core Surge"],"picked":"Amplify","floor":16.0},{"not_picked":["Streamline"],"picked":"Singing Bowl","floor":18.0},{"not_picked":["Compile Driver"],"picked":"Singing Bowl","floor":20.0},{"not_picked":["Stack"],"picked":"Singing Bowl","floor":23.0},{"not_picked":["Conserve Battery"],"picked":"Singing Bowl","floor":24.0},{"not_picked":["Steam Power+1"],"picked":"Singing Bowl","floor":27.0},{"not_picked":[],"picked":"Undo","floor":30.0},{"not_picked":[],"picked":"Biased Cognition","floor":33.0},{"not_picked":["BootSequence"],"picked":"Singing Bowl","floor":34.0},{"not_picked":["Conserve Battery"],"picked":"Singing Bowl","floor":35.0},{"not_picked":[],"picked":"Coolheaded+1","floor":37.0},{"not_picked":["Turbo"],"picked":"Singing Bowl","floor":39.0},{"not_picked":["Rebound"],"picked":"Singing Bowl","floor":46.0},{"not_picked":["Streamline+1"],"picked":"Singing Bowl","floor":47.0},{"not_picked":[],"picked":"Cold Snap+1","floor":48.0},{"not_picked":["Tempest"],"picked":"Singing Bowl","floor":54.0}],"player_experience":679909,"relics_obtained":[{"floor":7.0,"key":"Pen Nib"},{"floor":9.0,"key":"Strawberry"},{"floor":10.0,"key":"Juzu Bracelet"},{"floor":12.0,"key":"Orichalcum"},{"floor":14.0,"key":"Singing Bowl"},{"floor":20.0,"key":"Red Mask"},{"floor":23.0,"key":"Anchor"},{"floor":26.0,"key":"Centennial Puzzle"},{"floor":27.0,"key":"The Courier"},{"floor":29.0,"key":"Blue Candle"},{"floor":30.0,"key":"DataDisk"},{"floor":37.0,"key":"Emotion Chip"},{"floor":46.0,"key":"Molten Egg 2"},{"floor":54.0,"key":"Boot"}],"event_choices":[{"cards_removed":["Strike_B"],"damage_healed":0.0,"max_hp_gain":0.0,"max_hp_loss":0.0,"gold_gain":0.0,"event_name":"Golden Wing","player_choice":"Card Removal","floor":2.0,"gold_loss":0.0,"damage_taken":7.0},{"damage_healed":0.0,"max_hp_gain":0.0,"max_hp_loss":0.0,"gold_gain":75.0,"event_name":"World of Goop","player_choice":"Gather Gold","floor":13.0,"gold_loss":0.0,"damage_taken":11.0},{"damage_healed":0.0,"max_hp_gain":0.0,"max_hp_loss":0.0,"gold_gain":0.0,"event_name":"Dead Adventurer","player_choice":"Searched \u00272\u0027 times","floor":14.0,"gold_loss":0.0,"damage_taken":0.0},{"damage_healed":0.0,"max_hp_gain":0.0,"max_hp_loss":0.0,"gold_gain":0.0,"event_name":"Masked Bandits","player_choice":"Fought Bandits","floor":20.0,"gold_loss":0.0,"damage_taken":0.0},{"damage_healed":0.0,"max_hp_gain":0.0,"max_hp_loss":0.0,"gold_gain":0.0,"event_name":"Ghosts","player_choice":"Ignored","floor":21.0,"gold_loss":0.0,"damage_taken":0.0},{"damage_healed":0.0,"max_hp_gain":0.0,"max_hp_loss":0.0,"gold_gain":0.0,"event_name":"Vampires","player_choice":"Ignored","floor":28.0,"gold_loss":0.0,"damage_taken":0.0},{"damage_healed":0.0,"max_hp_gain":0.0,"max_hp_loss":0.0,"gold_gain":0.0,"event_name":"The Joust","player_choice":"Bet on Murderer","floor":31.0,"gold_loss":50.0,"damage_taken":0.0},{"damage_healed":0.0,"max_hp_gain":0.0,"max_hp_loss":0.0,"gold_gain":0.0,"event_name":"Mysterious Sphere","player_choice":"Fight","floor":37.0,"gold_loss":0.0,"damage_taken":0.0},{"damage_healed":0.0,"max_hp_gain":0.0,"max_hp_loss":5.0,"gold_gain":0.0,"event_name":"Winding Halls","player_choice":"Max HP","floor":41.0,"gold_loss":0.0,"damage_taken":0.0}],"is_beta":false,"boss_relics":[{"not_picked":["Coffee Dripper","Runic Dome"],"picked":"Busted Crown"},{"not_picked":["Fusion Hammer","Philosopher\u0027s Stone"],"picked":"Tiny House"}],"items_purged_floors":[53],"is_endless":false,"potions_floor_spawned":[4,5,10,16,20,27,33,37,46,47,48,54],"killed_by":"The Heart","ascension_level":15}