{"gold_per_floor":[20,31,331,346,360,416,435,452,452,513,98,98,98,128,128,227,227,247,193,211,222,235,235,261,261,261,261,291,291,301,314,314,314],"floor_reached":33,"playtime":1982,"items_purged":["Regret"],"score":324,"play_id":"a0bf0605-eb15-4ad8-ba7c-41f6a20a1c13","local_time":"20190224163504","is_ascension_mode":false,"campfire_choices":[{"floor":12,"key":"REST"},{"data":"Uppercut","floor":15,"key":"SMITH"},{"data":"Inflame","floor":23,"key":"SMITH"},{"data":"Sword Boomerang","floor":25,"key":"SMITH"},{"floor":27,"key":"REST"},{"floor":32,"key":"REST"}],"neow_cost":"NO_GOLD","seed_source_timestamp":2924915691091962,"circlet_count":0,"master_deck":["Strike_R+1","Strike_R","Strike_R","Strike_R","Strike_R","Defend_R","Defend_R","Defend_R+1","Defend_R","Bash","Thunderclap","Sentinel+1","Inflame+1","Uppercut+1","Metallicize","Rage","Cleave+1","Metallicize","Sword Boomerang+1","Impervious","Disarm","Sword Boomerang","Pummel+1","Impervious+1"],"relics":["Burning Blood","Old Coin","Tiny Chest","MawBank","War Paint","Lantern","Whetstone","Mercury Hourglass","Orrery","Orichalcum","Blue Candle","Toxic Egg 2"],"potions_floor_usage":[10,14],"damage_taken":[{"damage":7,"enemies":"2 Louse","floor":1,"turns":4},{"damage":8,"enemies":"Jaw Worm","floor":2,"turns":4},{"damage":6,"enemies":"Cultist","floor":4,"turns":4},{"damage":27,"enemies":"Large Slime","floor":5,"turns":7},{"damage":38,"enemies":"3 Sentries","floor":6,"turns":9},{"damage":10,"enemies":"3 Louse","floor":7,"turns":5},{"damage":3,"enemies":"Exordium Wildlife","floor":8,"turns":4},{"damage":53,"enemies":"Lagavulin Event","floor":10,"turns":8},{"damage":12,"enemies":"Lagavulin","floor":14,"turns":9},{"damage":35,"enemies":"Hexaghost","floor":16,"turns":10},{"damage":15,"enemies":"Spheric Guardian","floor":18,"turns":6},{"damage":19,"enemies":"2 Thieves","floor":20,"turns":4},{"damage":12,"enemies":"Snake Plant","floor":21,"turns":5},{"damage":27,"enemies":"Sentry and Sphere","floor":22,"turns":6},{"damage":32,"enemies":"Gremlin Leader","floor":24,"turns":7},{"damage":12,"enemies":"Slavers","floor":28,"turns":5},{"damage":19,"enemies":"3 Cultists","floor":30,"turns":5},{"damage":0,"enemies":"Chosen and Byrds","floor":31,"turns":6},{"damage":47,"enemies":"Champ","floor":33,"turns":14}],"seed_played":"-6871973505205417539","potions_obtained":[{"floor":4,"key":"LiquidBronze"},{"floor":6,"key":"Regen Potion"},{"floor":7,"key":"EssenceOfSteel"},{"floor":10,"key":"BloodPotion"},{"floor":20,"key":"PowerPotion"},{"floor":21,"key":"Ancient Potion"}],"is_trial":false,"path_per_floor":["M","M","?","M","M","E","M","M","T","?","$","R","T","E","R","B",null,"M","$","M","M","M","R","E","R","T","R","E","?","M","M","R","B"],"character_chosen":"IRONCLAD","items_purchased":["War Paint","Sword Boomerang","Lantern","Sword Boomerang"],"campfire_rested":3,"item_purchase_floors":[11,11,11,19],"current_hp_per_floor":[95,93,93,93,72,40,36,39,39,7,7,35,35,38,38,9,96,87,87,74,68,47,47,21,21,21,49,43,24,11,17,47,0],"gold":314,"neow_bonus":"TWENTY_PERCENT_HP_BONUS","is_prod":false,"is_daily":false,"chose_seed":false,"campfire_upgraded":3,"win_rate":0,"timestamp":1551044104,"path_taken":["M","M","?","M","M","E","M","M","T","?","$","R","?","E","R","BOSS","M","?","M","M","M","R","E","R","T","R","E","?","M","M","R","BOSS"],"build_version":"2019-01-23","purchased_purges":1,"victory":false,"max_hp_per_floor":[96,96,96,96,96,96,96,96,96,96,96,96,96,96,96,96,96,96,96,96,96,96,96,96,96,96,96,96,101,101,101,101,101],"card_choices":[{"not_picked":["Reckless Charge","Armaments"],"picked":"Thunderclap","floor":1},{"not_picked":["Corruption","Armaments"],"picked":"Sentinel","floor":2},{"not_picked":["Iron Wave","Wild Strike"],"picked":"Inflame","floor":4},{"not_picked":["Pummel","Clothesline"],"picked":"Uppercut","floor":5},{"not_picked":["Combust","Intimidate"],"picked":"Metallicize","floor":6},{"not_picked":["Clothesline","Iron Wave"],"picked":"Rage","floor":7},{"not_picked":["Armaments","Bludgeon"],"picked":"Cleave","floor":8},{"not_picked":["Warcry","Pommel Strike"],"picked":"Metallicize","floor":10},{"not_picked":["Cleave","Clash","Carnage"],"picked":"SKIP","floor":14},{"not_picked":["Exhume","Immolate"],"picked":"Impervious","floor":16},{"not_picked":["Whirlwind","Demon Form"],"picked":"Disarm","floor":17},{"not_picked":["Clash+1","Iron Wave+1","Shrug It Off"],"picked":"SKIP","floor":18},{"not_picked":["Perfected Strike","Dual Wield","Warcry"],"picked":"SKIP","floor":20},{"not_picked":["Flex","Body Slam","Warcry"],"picked":"SKIP","floor":21},{"not_picked":["True Grit","Shrug It Off"],"picked":"Pummel+1","floor":22},{"not_picked":["Uppercut","Reckless Charge","Pommel Strike+1"],"picked":"SKIP","floor":24},{"not_picked":["Havoc","Blood for Blood+1"],"picked":"Impervious","floor":28},{"not_picked":["Second Wind+1","True Grit+1","Clash"],"picked":"SKIP","floor":30},{"not_picked":["Fire Breathing","Armaments+1","Iron Wave"],"picked":"SKIP","floor":31}],"player_experience":697603,"relics_obtained":[{"floor":6,"key":"Tiny Chest"},{"floor":10,"key":"MawBank"},{"floor":13,"key":"Whetstone"},{"floor":14,"key":"Mercury Hourglass"},{"floor":24,"key":"Orichalcum"},{"floor":26,"key":"Blue Candle"},{"floor":28,"key":"Toxic Egg 2"}],"event_choices":[{"damage_healed":0,"gold_gain":0,"player_choice":"Box","damage_taken":0,"relics_obtained":["Old Coin"],"max_hp_gain":0,"max_hp_loss":0,"event_name":"Big Fish","floor":3,"gold_loss":0,"cards_obtained":["Regret"]},{"damage_healed":0,"gold_gain":0,"player_choice":"Searched \u00272\u0027 times","damage_taken":0,"max_hp_gain":0,"max_hp_loss":0,"event_name":"Dead Adventurer","floor":10,"gold_loss":0},{"damage_healed":0,"gold_gain":0,"player_choice":"Shed Blood","damage_taken":24,"max_hp_gain":5,"max_hp_loss":0,"event_name":"Forgotten Altar","floor":29,"gold_loss":0}],"is_beta":false,"boss_relics":[{"not_picked":["Coffee Dripper","Snecko Eye"],"picked":"Orrery"}],"items_purged_floors":[11],"is_endless":false,"potions_floor_spawned":[4,6,7,10,20,21,30],"killed_by":"Champ","ascension_level":0}