{"gold_per_floor":[116,116,130,145,30,30,64,64,64,89,89,109,109,9,9,86,86,102,102,122,37,87,121,121,43,43,72,83,112,129,155,155,229,229,241,255,355,373,97,97,129,129,156,190,206,206,206,237,237,237],"floor_reached":50,"playtime":3386,"items_purged":["Pain","Strike_G","Underhanded Strike"],"score":1118,"play_id":"65a42700-d7f5-412d-905c-c84dfdfe5078","local_time":"20190806191409","is_ascension_mode":true,"campfire_choices":[{"data":"Noxious Fumes","floor":6.0,"key":"SMITH"},{"floor":8.0,"key":"REST"},{"data":"Neutralize","floor":13.0,"key":"SMITH"},{"data":"Bouncing Flask","floor":15.0,"key":"SMITH"},{"data":"Adrenaline","floor":24.0,"key":"SMITH"},{"floor":32.0,"key":"REST"},{"data":"Burst","floor":40.0,"key":"SMITH"},{"data":"Well Laid Plans","floor":42.0,"key":"SMITH"},{"floor":49,"key":"RECALL"}],"neow_cost":"NONE","seed_source_timestamp":173736901603217,"circlet_count":0,"master_deck":["AscendersBane","Survivor","Neutralize+1","PiercingWail","Dodge and Roll","Noxious Fumes+1","Deadly Poison","Escape Plan","Bouncing Flask+1","Adrenaline+1","Dash+1","Poisoned Stab+1","Leg Sweep","Well Laid Plans+1","Backflip","Leg Sweep","PiercingWail","Burst+1","Grand Finale","Flying Knee","Night Terror","Tools of the Trade","Quick Slash","Corpse Explosion","Masterful Stab","Dagger Throw","Blur","Dark Shackles","Panacea"],"special_seed":0,"relics":["Ring of the Snake","NeowsBlessing","WarpedTongs","Unceasing Top","Sundial","Dead Branch","Velvet Choker","Bronze Scales","Bird Faced Urn","Bottled Lightning","Blue Candle","PreservedInsect","Pandora\u0027s Box","Incense Burner","Ancient Tea Set","Tingsha","Vajra","Bottled Tornado","Singing Bowl"],"potions_floor_usage":[50],"damage_taken":[{"damage":0.0,"enemies":"2 Louse","floor":1.0,"turns":1.0},{"damage":1.0,"enemies":"Cultist","floor":3.0,"turns":1.0},{"damage":2.0,"enemies":"Small Slimes","floor":4.0,"turns":1.0},{"damage":30.0,"enemies":"Gremlin Nob","floor":7.0,"turns":6.0},{"damage":6.0,"enemies":"3 Sentries","floor":10.0,"turns":7.0},{"damage":5.0,"enemies":"2 Fungi Beasts","floor":12.0,"turns":5.0},{"damage":29.0,"enemies":"The Guardian","floor":16.0,"turns":9.0},{"damage":1.0,"enemies":"3 Byrds","floor":18.0,"turns":4.0},{"damage":2.0,"enemies":"Spheric Guardian","floor":20.0,"turns":5.0},{"damage":11.0,"enemies":"Book of Stabbing","floor":23.0,"turns":5.0},{"damage":24.0,"enemies":"Gremlin Leader","floor":27.0,"turns":8.0},{"damage":1.0,"enemies":"Shelled Parasite and Fungi","floor":28.0,"turns":5.0},{"damage":10.0,"enemies":"Book of Stabbing","floor":29.0,"turns":6.0},{"damage":0.0,"enemies":"Snake Plant","floor":30.0,"turns":3.0},{"damage":18.0,"enemies":"Slavers","floor":31.0,"turns":4.0},{"damage":24.0,"enemies":"Collector","floor":33.0,"turns":9.0},{"damage":9.0,"enemies":"3 Darklings","floor":35.0,"turns":4.0},{"damage":14.0,"enemies":"Orb Walker","floor":36.0,"turns":3.0},{"damage":0.0,"enemies":"Mind Bloom Boss Battle","floor":37.0,"turns":6.0},{"damage":0.0,"enemies":"4 Shapes","floor":38.0,"turns":2.0},{"damage":15.0,"enemies":"Reptomancer","floor":41.0,"turns":7.0},{"damage":13.0,"enemies":"Nemesis","floor":44.0,"turns":7.0},{"damage":22.0,"enemies":"Sphere and 2 Shapes","floor":45.0,"turns":4.0},{"damage":6,"enemies":"Giant Head","floor":48,"turns":10},{"damage":19,"enemies":"Time Eater","floor":50,"turns":4}],"seed_played":"-3809284418352983573","potions_obtained":[{"floor":3.0,"key":"Weak Potion"},{"floor":7.0,"key":"FearPotion"},{"floor":10.0,"key":"Swift Potion"},{"floor":16.0,"key":"GamblersBrew"},{"floor":20.0,"key":"Explosive Potion"},{"floor":29.0,"key":"Ancient Potion"},{"floor":37.0,"key":"LiquidBronze"},{"floor":48,"key":"GhostInAJar"}],"is_trial":false,"path_per_floor":["M","?","M","M","$","R","E","R","T","E","$","M","R","$","R","B",null,"M","?","M","?","?","E","R","$","T","E","M","E","M","E","R","B",null,"M","M","?","M","$","R","E","R","T","E","M","?","?","E","R","B"],"character_chosen":"THE_SILENT","items_purchased":["Noxious Fumes","Leg Sweep","Ancient Tea Set"],"campfire_rested":2,"item_purchase_floors":[5,25,39],"current_hp_per_floor":[59,59,58,56,56,56,26,45,45,39,39,34,34,34,34,5,51,50,50,48,48,48,37,37,37,37,17,22,18,20,6,25,5,51,48,36,42,42,42,42,31,31,31,24,14,14,4,14,14,0],"gold":237,"neow_bonus":"THREE_ENEMY_KILL","is_prod":false,"is_daily":false,"chose_seed":false,"campfire_upgraded":6,"win_rate":0,"timestamp":1565111649,"path_taken":["M","?","M","?","$","R","E","R","T","E","$","M","R","?","R","BOSS","M","?","M","?","?","E","R","$","T","E","M","E","M","E","R","BOSS","M","M","?","M","$","R","E","R","T","E","M","?","?","E","R","BOSS"],"build_version":"2019-07-17","purchased_purges":3,"victory":false,"max_hp_per_floor":[66,66,66,66,66,66,66,66,66,66,66,66,66,66,66,66,66,66,66,66,66,66,66,66,66,66,66,66,66,66,66,66,66,66,66,66,66,66,66,66,66,66,66,66,66,66,66,68,68,68],"card_choices":[{"not_picked":["Sucker Punch","All Out Attack"],"picked":"PiercingWail","floor":1.0},{"not_picked":["Underhanded Strike","Masterful Stab","Cloak And Dagger"],"picked":"SKIP","floor":3.0},{"not_picked":["Expertise","Sucker Punch"],"picked":"Dodge and Roll","floor":4.0},{"not_picked":["All Out Attack","Unload"],"picked":"Deadly Poison","floor":7.0},{"not_picked":["Backflip","PiercingWail"],"picked":"Escape Plan","floor":10.0},{"not_picked":["Poisoned Stab","Underhanded Strike"],"picked":"Bouncing Flask","floor":12.0},{"not_picked":["Tools of the Trade","Bullet Time"],"picked":"Adrenaline","floor":16.0},{"not_picked":["Backflip","Terror"],"picked":"Dash+1","floor":18.0},{"not_picked":["Flying Knee","Escape Plan"],"picked":"Poisoned Stab+1","floor":20.0},{"not_picked":["Sucker Punch+1","Poisoned Stab","Expertise+1"],"picked":"SKIP","floor":23.0},{"not_picked":["Cloak And Dagger","Adrenaline"],"picked":"Well Laid Plans","floor":27.0},{"not_picked":["Slice","Quick Slash","Acrobatics"],"picked":"SKIP","floor":28.0},{"not_picked":["Finisher","Predator"],"picked":"Backflip","floor":29.0},{"not_picked":["Dagger Spray","Expertise"],"picked":"Leg Sweep","floor":30.0},{"not_picked":["Unload","Endless Agony"],"picked":"PiercingWail","floor":31.0},{"not_picked":["Doppelganger","Storm of Steel"],"picked":"Burst","floor":33.0},{"not_picked":["Flying Knee","Deadly Poison","Slice"],"picked":"SKIP","floor":35.0},{"not_picked":["Masterful Stab","Setup","Poisoned Stab"],"picked":"SKIP","floor":36.0},{"not_picked":["Riddle With Holes+1","Poisoned Stab"],"picked":"Blur","floor":37.0},{"not_picked":["Outmaneuver+1","Dagger Spray","Deflect"],"picked":"SKIP","floor":38.0},{"not_picked":["Quick Slash+1","A Thousand Cuts","Choke+1"],"picked":"SKIP","floor":41.0},{"not_picked":["Underhanded Strike+1","Riddle With Holes","Flying Knee"],"picked":"SKIP","floor":44.0},{"not_picked":["Flying Knee+1","Blade Dance","Prepared"],"picked":"SKIP","floor":45.0},{"not_picked":["Chrysalis","Bandage Up"],"picked":"Dark Shackles","floor":47.0},{"not_picked":["Madness","Good Instincts"],"picked":"Panacea","floor":47.0},{"not_picked":["Sucker Punch","Dash","Deflect"],"picked":"Singing Bowl","floor":48}],"player_experience":718712,"relics_obtained":[{"floor":7.0,"key":"Unceasing Top"},{"floor":9.0,"key":"Sundial"},{"floor":10.0,"key":"Dead Branch"},{"floor":23.0,"key":"Bird Faced Urn"},{"floor":27.0,"key":"Bottled Lightning"},{"floor":29.0,"key":"Blue Candle"},{"floor":31.0,"key":"PreservedInsect"},{"floor":37.0,"key":"Incense Burner"},{"floor":41.0,"key":"Tingsha"},{"floor":43.0,"key":"Vajra"},{"floor":44.0,"key":"Bottled Tornado"},{"floor":48,"key":"Singing Bowl"}],"event_choices":[{"damage_healed":0.0,"max_hp_gain":0.0,"max_hp_loss":0.0,"gold_gain":0.0,"event_name":"Accursed Blacksmith","player_choice":"Rummage","floor":2.0,"gold_loss":0.0,"damage_taken":0.0,"relics_obtained":["WarpedTongs"],"cards_obtained":["Pain"]},{"damage_healed":0.0,"max_hp_gain":0.0,"max_hp_loss":0.0,"gold_gain":0.0,"event_name":"The Mausoleum","player_choice":"Ignored","floor":19.0,"gold_loss":0.0,"damage_taken":0.0},{"damage_healed":0.0,"max_hp_gain":0.0,"max_hp_loss":0.0,"gold_gain":0.0,"event_name":"Addict","player_choice":"Obtained Relic","floor":21.0,"gold_loss":85.0,"damage_taken":0.0,"relics_obtained":["Bronze Scales"]},{"damage_healed":0.0,"max_hp_gain":0.0,"max_hp_loss":0.0,"gold_gain":50.0,"event_name":"Golden Shrine","player_choice":"Pray","floor":22.0,"gold_loss":0.0,"damage_taken":0.0},{"damage_healed":0.0,"max_hp_gain":0.0,"max_hp_loss":0.0,"gold_gain":0.0,"event_name":"MindBloom","player_choice":"Fight","floor":37.0,"gold_loss":0.0,"damage_taken":0.0},{"damage_healed":0.0,"max_hp_gain":0.0,"max_hp_loss":0.0,"gold_gain":0.0,"event_name":"The Moai Head","player_choice":"Ignored","floor":46.0,"gold_loss":0.0,"damage_taken":0.0},{"damage_healed":0.0,"max_hp_gain":0.0,"max_hp_loss":0.0,"gold_gain":0.0,"event_name":"SensoryStone","player_choice":"Memory 3","floor":47.0,"gold_loss":0.0,"damage_taken":10.0}],"is_beta":false,"boss_relics":[{"not_picked":["Calling Bell","Runic Dome"],"picked":"Velvet Choker"},{"not_picked":["Busted Crown","Sozu"],"picked":"Pandora\u0027s Box"}],"items_purged_floors":[5,14,39],"is_endless":false,"potions_floor_spawned":[3,7,10,16,20,29,33,35,36,37,44,48],"killed_by":"Time Eater","ascension_level":15}