{"gold_per_floor":[115,115,65,65,80,108,108,134,134,36,48,48,61,79,79,177,177,194,47,57,74,91,91,119,119,165,185,203,203],"floor_reached":29,"playtime":2483,"items_purged":["Strike_R","Parasite"],"score":282,"play_id":"eba7bd44-f6fd-4c6a-9269-d5065e7338d2","local_time":"20191003221137","is_ascension_mode":false,"campfire_choices":[{"data":"Thunderclap","floor":7,"key":"SMITH"},{"data":"Body Slam","floor":15,"key":"SMITH"},{"data":"True Grit","floor":23,"key":"SMITH"},{"data":"Body Slam","floor":25,"key":"SMITH"}],"neow_cost":"NONE","seed_source_timestamp":1847402827604300,"circlet_count":0,"master_deck":["Strike_R","Strike_R","Strike_R","Strike_R","Defend_R","Defend_R","Defend_R","Defend_R","Shrug It Off","Thunderclap+1","Anger","Body Slam+1","Shrug It Off","Thunderclap","Metallicize","Shockwave","Juggernaut","Body Slam+1","True Grit+1","Iron Wave","Body Slam+1","Thunderclap+1","Second Wind+1","Armaments+1"],"relics":["Black Blood","Pear","Regal Pillow","Happy Flower","Strawberry","Gremlin Horn","Juzu Bracelet"],"potions_floor_usage":[6,21,24,24,24,28,29],"damage_taken":[{"damage":12,"enemies":"2 Louse","floor":1,"turns":3},{"damage":2,"enemies":"Small Slimes","floor":5,"turns":3},{"damage":35,"enemies":"3 Sentries","floor":6,"turns":9},{"damage":46,"enemies":"Lagavulin","floor":8,"turns":8},{"damage":0,"enemies":"Cultist","floor":11,"turns":3},{"damage":0,"enemies":"3 Louse","floor":13,"turns":3},{"damage":7,"enemies":"Looter","floor":14,"turns":3},{"damage":42,"enemies":"Slime Boss","floor":16,"turns":14},{"damage":7,"enemies":"Shell Parasite","floor":18,"turns":5},{"damage":12,"enemies":"3 Byrds","floor":20,"turns":4},{"damage":24,"enemies":"Snake Plant","floor":21,"turns":7},{"damage":2,"enemies":"Centurion and Healer","floor":22,"turns":8},{"damage":50,"enemies":"Slavers","floor":24,"turns":6},{"damage":31,"enemies":"3 Cultists","floor":27,"turns":5},{"damage":16,"enemies":"Shelled Parasite and Fungi","floor":28,"turns":4},{"damage":42,"enemies":"Cultist and Chosen","floor":29,"turns":6}],"seed_played":"4038202868881386301","potions_obtained":[{"floor":1,"key":"Explosive Potion"},{"floor":11,"key":"Explosive Potion"},{"floor":13,"key":"PowerPotion"},{"floor":14,"key":"AttackPotion"},{"floor":18,"key":"Swift Potion"},{"floor":21,"key":"Block Potion"},{"floor":27,"key":"PowerPotion"},{"floor":28,"key":"LiquidBronze"}],"is_trial":false,"path_per_floor":["M","?","?","?","M","E","R","E","T","$","M","?","M","M","R","B",null,"M","$","M","M","M","R","E","R","T","M","M","M"],"character_chosen":"IRONCLAD","items_purchased":["Shrug It Off","True Grit"],"campfire_rested":0,"item_purchase_floors":[10,19],"current_hp_per_floor":[82,92,92,92,96,67,67,27,34,34,40,66,72,71,71,35,105,105,102,100,86,94,94,54,54,54,33,27,0],"gold":203,"neow_bonus":"TEN_PERCENT_HP_BONUS","is_prod":false,"is_daily":false,"chose_seed":false,"campfire_upgraded":4,"win_rate":0.0,"timestamp":1570155097,"path_taken":["M","?","?","?","?","E","R","E","T","$","M","?","M","M","R","BOSS","M","$","M","M","M","R","E","R","T","M","M","M"],"build_version":"2019-07-17","purchased_purges":2,"victory":false,"max_hp_per_floor":[88,98,98,98,98,98,98,98,105,105,105,105,105,105,105,105,105,105,102,102,102,102,102,102,102,102,102,102,102],"card_choices":[{"not_picked":["Hemokinesis","Warcry"],"picked":"Shrug It Off","floor":1},{"not_picked":["Pommel Strike","Burning Pact"],"picked":"Thunderclap","floor":5},{"not_picked":["Clothesline","Uppercut"],"picked":"Anger","floor":6},{"not_picked":["Juggernaut","True Grit"],"picked":"Body Slam","floor":8},{"not_picked":["Shrug It Off","Warcry"],"picked":"Thunderclap","floor":11},{"not_picked":["Shrug It Off","Armaments"],"picked":"Metallicize","floor":13},{"not_picked":["Body Slam","True Grit"],"picked":"Shockwave","floor":14},{"not_picked":["Limit Break","Fiend Fire"],"picked":"Juggernaut","floor":16},{"not_picked":["Clothesline","Anger"],"picked":"Body Slam+1","floor":18},{"not_picked":["Sword Boomerang+1","Bludgeon"],"picked":"Iron Wave","floor":20},{"not_picked":["Perfected Strike","Rampage"],"picked":"Body Slam","floor":21},{"not_picked":["Anger+1","Heavy Blade"],"picked":"Thunderclap+1","floor":22},{"not_picked":["Cleave","Burning Pact"],"picked":"Second Wind+1","floor":24},{"not_picked":["True Grit","Warcry"],"picked":"Armaments+1","floor":27},{"not_picked":["Warcry","Rupture","Searing Blow+1"],"picked":"SKIP","floor":28}],"player_experience":13113,"relics_obtained":[{"floor":6,"key":"Regal Pillow"},{"floor":8,"key":"Happy Flower"},{"floor":9,"key":"Strawberry"},{"floor":24,"key":"Gremlin Horn"},{"floor":26,"key":"Juzu Bracelet"}],"event_choices":[{"damage_healed":0,"gold_gain":0,"player_choice":"Box","damage_taken":0,"relics_obtained":["Pear"],"max_hp_gain":0,"max_hp_loss":0,"event_name":"Big Fish","floor":2,"gold_loss":0,"cards_obtained":["Regret"]},{"cards_removed":["Regret"],"damage_healed":0,"gold_gain":0,"player_choice":"Card Removal","damage_taken":0,"max_hp_gain":0,"max_hp_loss":0,"event_name":"The Cleric","floor":3,"gold_loss":50},{"cards_removed":["Bash"],"damage_healed":0,"gold_gain":0,"player_choice":"Purged","damage_taken":0,"max_hp_gain":0,"max_hp_loss":0,"event_name":"Purifier","floor":4,"gold_loss":0},{"damage_healed":26,"gold_gain":0,"player_choice":"Healed and dodged fight","damage_taken":0,"max_hp_gain":0,"max_hp_loss":0,"event_name":"Mushrooms","floor":12,"gold_loss":0,"cards_obtained":["Parasite"]}],"is_beta":false,"boss_relics":[{"not_picked":["Lizard Tail","Coffee Dripper"],"picked":"Black Blood"}],"items_purged_floors":[10,19],"is_endless":false,"potions_floor_spawned":[1,11,13,14,18,21,27,28],"killed_by":"Cultist and Chosen","ascension_level":0}