{"gold_per_floor":[115,115,132,151,167,167,217,229,266,309,321,658,690,762,774,887,899,926,1003,1029,1091,1118,1130,1153,1165,1177,1239,1251,583,633,665,665,665],"floor_reached":33,"playtime":2716,"items_purged":["Regret"],"score":397,"play_id":"c1151d0f-80a6-4d5b-a7e9-c0588e07e508","local_time":"20180816202248","is_ascension_mode":true,"campfire_choices":[{"floor":8,"key":"REST"},{"floor":11,"key":"REST"},{"data":"All Out Attack","floor":15,"key":"SMITH"},{"floor":23,"key":"REST"},{"data":"Unload","floor":25,"key":"SMITH"},{"data":"Leg Sweep","floor":28,"key":"SMITH"},{"data":"Bouncing Flask","floor":32,"key":"SMITH"}],"neow_cost":"NONE","seed_source_timestamp":66126414390769,"circlet_count":0,"master_deck":["Defend_G","Defend_G","Defend_G","Defend_G+1","Strike_G","Strike_G","Strike_G+1","Strike_G","Survivor","Neutralize+1","Backstab","Prepared+1","All Out Attack+1","Heel Hook","Leg Sweep+1","Infinite Blades","Unload+1","Cloak And Dagger","Sucker Punch","Poisoned Stab+1","Ghostly","Ghostly","Ghostly","Ghostly","Ghostly","Bouncing Flask+1","Deflect","Necronomicurse","Bouncing Flask+1","Mind Blast","Backstab","Tactician+1"],"relics":["Empty Cage","SsserpentHead","MawBank","Oddly Smooth Stone","Ancient Tea Set","Eternal Feather","Letter Opener","Necronomicon","Bag of Marbles","War Paint","Turnip"],"potions_floor_usage":[10,16,20,20,22,22,24,33],"damage_taken":[{"damage":1,"enemies":"Small Slimes","floor":1,"turns":4},{"damage":0,"enemies":"Jaw Worm","floor":3,"turns":3},{"damage":0,"enemies":"Cultist","floor":4,"turns":3},{"damage":21,"enemies":"Large Slime","floor":5,"turns":5},{"damage":9,"enemies":"Lagavulin","floor":10,"turns":5},{"damage":6,"enemies":"Blue Slaver","floor":13,"turns":4},{"damage":8,"enemies":"Looter","floor":14,"turns":3},{"damage":31,"enemies":"Slime Boss","floor":16,"turns":11},{"damage":18,"enemies":"Spheric Guardian","floor":18,"turns":4},{"damage":20,"enemies":"Chosen","floor":19,"turns":5},{"damage":16,"enemies":"Centurion and Healer","floor":20,"turns":5},{"damage":0,"enemies":"Snake Plant","floor":22,"turns":5},{"damage":8,"enemies":"Chosen and Byrds","floor":24,"turns":8},{"damage":3,"enemies":"Book of Stabbing","floor":31,"turns":4},{"damage":45,"enemies":"Champ","floor":33,"turns":8}],"seed_played":"-917560306749134648","potions_obtained":[{"floor":3,"key":"FearPotion"},{"floor":4,"key":"Strength Potion"},{"floor":13,"key":"Swift Potion"},{"floor":14,"key":"Ancient Potion"},{"floor":19,"key":"Block Potion"},{"floor":20,"key":"LiquidBronze"},{"floor":22,"key":"LiquidBronze"}],"is_trial":false,"path_per_floor":["M","?","M","M","M","?","?","R","T","E","R","?","M","M","R","B",null,"M","M","M","?","M","R","M","R","T","?","R","$","?","E","R"],"character_chosen":"THE_SILENT","items_purchased":["Bag of Marbles","Bouncing Flask","Mind Blast","Backstab","War Paint","PowerPotion"],"campfire_rested":3,"item_purchase_floors":[29,29,29,29,29,29],"current_hp_per_floor":[62,48,48,48,27,27,27,48,48,39,60,60,54,46,46,15,56,38,18,2,2,2,27,19,34,34,18,33,33,33,30,35,0],"gold":665,"neow_bonus":"BOSS_RELIC","is_prod":false,"is_daily":false,"chose_seed":false,"campfire_upgraded":4,"win_rate":0,"timestamp":1534465368,"path_taken":["M","?","M","M","M","?","?","R","T","E","R","?","M","?","R","BOSS","M","?","M","?","M","R","M","R","T","?","R","$","?","E","R","BOSS"],"build_version":"2018-08-09","purchased_purges":1,"victory":false,"max_hp_per_floor":[70,70,70,70,70,70,70,70,70,70,70,70,70,70,70,70,70,70,70,70,35,35,35,35,35,35,35,35,35,35,35,35,35],"card_choices":[{"not_picked":["Prepared","Dodge and Roll"],"picked":"Backstab","floor":1},{"not_picked":["Masterful Stab","Deflect"],"picked":"Prepared","floor":3},{"not_picked":["Slice","Eviscerate"],"picked":"All Out Attack","floor":4},{"not_picked":["Acrobatics","Dodge and Roll"],"picked":"Heel Hook","floor":5},{"not_picked":["PiercingWail","Outmaneuver"],"picked":"Leg Sweep","floor":10},{"not_picked":["Setup","Tactician","Accuracy"],"picked":"SKIP","floor":13},{"not_picked":["Outmaneuver","Leg Sweep"],"picked":"Infinite Blades","floor":14},{"not_picked":["Tools of the Trade","Burst"],"picked":"Unload","floor":16},{"not_picked":["Bouncing Flask+1","Dodge and Roll"],"picked":"Cloak And Dagger","floor":18},{"not_picked":["Backflip","PiercingWail"],"picked":"Sucker Punch","floor":19},{"not_picked":["Skewer","Dodge and Roll"],"picked":"Poisoned Stab+1","floor":20},{"not_picked":["Prepared","Predator"],"picked":"Bouncing Flask+1","floor":22},{"not_picked":["Distraction","PiercingWail"],"picked":"Deflect","floor":24},{"not_picked":["Outmaneuver","Caltrops+1"],"picked":"Tactician+1","floor":31}],"player_experience":293277,"relics_obtained":[{"floor":9,"key":"Oddly Smooth Stone"},{"floor":10,"key":"Ancient Tea Set"},{"floor":26,"key":"Letter Opener"},{"floor":27,"key":"Necronomicon"},{"floor":31,"key":"Turnip"}],"event_choices":[{"event_name":"Shining Light","player_choice":"Entered Light","floor":2,"damage_taken":0},{"event_name":"FaceTrader","player_choice":"Trade","floor":6,"damage_taken":0},{"event_name":"Dead Adventurer","player_choice":"Searched \u00272\u0027 times","floor":7,"damage_taken":0},{"event_name":"Golden Shrine","player_choice":"Desecrate","floor":12,"damage_taken":0},{"event_name":"Ghosts","player_choice":"Became a Ghost","floor":21,"damage_taken":0},{"event_name":"Cursed Tome","player_choice":"Obtained Book","floor":27,"damage_taken":0},{"event_name":"Vampires","player_choice":"Ignored","floor":30,"damage_taken":0}],"is_beta":false,"boss_relics":[{"not_picked":["Busted Crown","Velvet Choker"],"picked":"Eternal Feather"}],"items_purged_floors":[29],"is_endless":false,"potions_floor_spawned":[3,4,13,14,19,20,22],"killed_by":"Champ","ascension_level":6}