{"gold_per_floor":[18,18,29,42,58,84,84,117,117,128,128,128,138,88,88,192,192,203,219,236,248,283,308,308,319,344,344,358,390,390,407,407,507,507,526,526,578,578,595,624,638,638,638,638,204,204,204,230,230,230],"floor_reached":51,"playtime":2998,"items_purged":["Strike_R"],"score":807,"play_id":"f095fa4e-6dec-4d39-9bfb-2d366cdbf009","local_time":"20190618223742","is_ascension_mode":false,"campfire_choices":[{"data":"Bash","floor":7.0,"key":"SMITH"},{"data":"1","floor":11.0,"key":"LIFT"},{"data":"2","floor":15.0,"key":"LIFT"},{"data":"3","floor":30.0,"key":"LIFT"},{"data":"Armaments","floor":32.0,"key":"SMITH"},{"data":"Blind","floor":42.0,"key":"SMITH"},{"data":"Burning Pact","floor":44.0,"key":"SMITH"},{"data":"Rage","floor":46.0,"key":"SMITH"},{"data":"Heavy Blade","floor":49.0,"key":"SMITH"}],"neow_cost":"NO_GOLD","seed_source_timestamp":2489545090175044,"circlet_count":0,"master_deck":["Strike_R","Strike_R","Strike_R","Defend_R","Defend_R","Defend_R","Defend_R","Bash+1","Headbutt","Iron Wave","Armaments+1","True Grit","Heavy Blade+1","Feed","Warcry","Sword Boomerang","Cleave","Battle Trance","Barricade","Entrench+1","Writhe","Flex+1","Double Tap","Burning Pact+1","Blind+1","Shrug It Off","Entrench+1","Rage+1","Battle Trance","Parasite","Feed","Dark Shackles"],"special_seed":0,"relics":["Burning Blood","StoneCalendar","Matryoshka","Girya","Oddly Smooth Stone","Du-Vu Doll","Smiling Mask","Self Forming Clay","Cursed Key","Red Mask","Centennial Puzzle","Bag of Preparation","Boot","Sozu","Shovel","Art of War","Dead Branch","Blood Vial","Strawberry"],"potions_floor_usage":[],"damage_taken":[{"damage":2.0,"enemies":"2 Louse","floor":1.0,"turns":3.0},{"damage":1.0,"enemies":"Jaw Worm","floor":3.0,"turns":3.0},{"damage":1.0,"enemies":"Cultist","floor":4.0,"turns":3.0},{"damage":5.0,"enemies":"Looter","floor":5.0,"turns":3.0},{"damage":9.0,"enemies":"Lagavulin","floor":6.0,"turns":7.0},{"damage":18.0,"enemies":"Gremlin Nob","floor":8.0,"turns":4.0},{"damage":0.0,"enemies":"Blue Slaver","floor":10.0,"turns":4.0},{"damage":8.0,"enemies":"Large Slime","floor":13.0,"turns":6.0},{"damage":20.0,"enemies":"The Guardian","floor":16.0,"turns":9.0},{"damage":4.0,"enemies":"Spheric Guardian","floor":18.0,"turns":3.0},{"damage":12.0,"enemies":"Shell Parasite","floor":19.0,"turns":6.0},{"damage":7.0,"enemies":"Centurion and Healer","floor":20.0,"turns":6.0},{"damage":12.0,"enemies":"3 Cultists","floor":21.0,"turns":6.0},{"damage":13.0,"enemies":"Masked Bandits","floor":22.0,"turns":4.0},{"damage":26.0,"enemies":"Gremlin Leader","floor":23.0,"turns":5.0},{"damage":8.0,"enemies":"Cultist and Chosen","floor":25.0,"turns":5.0},{"damage":17.0,"enemies":"Snake Plant","floor":28.0,"turns":4.0},{"damage":14.0,"enemies":"Slavers","floor":29.0,"turns":4.0},{"damage":0.0,"enemies":"Centurion and Healer","floor":31.0,"turns":5.0},{"damage":29.0,"enemies":"Collector","floor":33.0,"turns":10.0},{"damage":5.0,"enemies":"3 Shapes","floor":35.0,"turns":4.0},{"damage":28.0,"enemies":"2 Orb Walkers","floor":37.0,"turns":6.0},{"damage":3.0,"enemies":"3 Darklings","floor":39.0,"turns":5.0},{"damage":4.0,"enemies":"Nemesis","floor":40.0,"turns":7.0},{"damage":5.0,"enemies":"Jaw Worm Horde","floor":41.0,"turns":3.0},{"damage":0.0,"enemies":"Giant Head","floor":48.0,"turns":7.0},{"damage":24,"enemies":"Donu and Deca","floor":50,"turns":10}],"seed_played":"1429009320360723409","potions_obtained":[{"floor":5.0,"key":"Poison Potion"},{"floor":13.0,"key":"Strength Potion"},{"floor":16.0,"key":"Weak Potion"},{"floor":18.0,"key":"BloodPotion"},{"floor":25.0,"key":"Dexterity Potion"},{"floor":28.0,"key":"Poison Potion"}],"is_trial":false,"path_per_floor":["M","?","M","M","M","E","R","E","T","M","R","T","M","?","R","B",null,"M","M","M","M","?","E","?","M","T","?","M","E","R","M","R","B",null,"M","?","?","?","M","E","M","R","T","R","$","R","?","E","R","B",null],"character_chosen":"IRONCLAD","items_purchased":["Feed","Dark Shackles","Blood Vial"],"campfire_rested":0,"item_purchase_floors":[45,45,45],"current_hp_per_floor":[96,93,96,96,96,93,93,81,81,87,87,87,85,85,85,71,96,99,96,98,95,91,85,85,86,86,62,51,46,46,56,56,33,129,132,127,108,108,111,113,117,117,117,117,117,117,117,132,132,120],"gold":230,"neow_bonus":"TWENTY_PERCENT_HP_BONUS","is_prod":false,"is_daily":false,"chose_seed":false,"campfire_upgraded":6,"win_rate":0,"timestamp":1560911862,"path_taken":["M","?","M","M","M","E","R","E","T","M","R","?","M","?","R","BOSS","M","M","M","M","?","E","?","?","T","?","M","E","R","M","R","BOSS","M","?","?","?","?","E","M","R","T","R","$","R","?","E","R","BOSS"],"build_version":"2019-01-23","purchased_purges":1,"victory":true,"max_hp_per_floor":[96,96,96,96,96,96,96,96,96,96,96,96,96,96,96,96,96,99,102,105,108,111,114,114,117,117,122,122,125,125,129,129,129,129,132,132,135,135,135,135,138,138,138,138,138,138,138,145,145,149],"card_choices":[{"not_picked":["Perfected Strike","Havoc"],"picked":"Headbutt","floor":1.0},{"not_picked":["Warcry","Headbutt"],"picked":"Iron Wave","floor":3.0},{"not_picked":["Entrench","Fire Breathing"],"picked":"Armaments","floor":4.0},{"not_picked":["Anger","Blood for Blood"],"picked":"True Grit","floor":5.0},{"not_picked":["Headbutt","Dark Embrace"],"picked":"Rupture","floor":6.0},{"not_picked":["Wild Strike","Dark Embrace","Warcry"],"picked":"SKIP","floor":8.0},{"not_picked":["Havoc","Clothesline"],"picked":"Heavy Blade","floor":10.0},{"not_picked":["Cleave","Clash","Clothesline"],"picked":"SKIP","floor":13.0},{"not_picked":["Double Tap","Juggernaut"],"picked":"Feed","floor":16.0},{"not_picked":["Corruption+1","Wild Strike+1"],"picked":"Warcry","floor":18.0},{"not_picked":["Wild Strike","Anger"],"picked":"Sword Boomerang","floor":19.0},{"not_picked":["Warcry","Seeing Red+1","Carnage+1"],"picked":"SKIP","floor":20.0},{"not_picked":["Dual Wield","Sword Boomerang"],"picked":"Cleave","floor":21.0},{"not_picked":["Evolve","Sword Boomerang"],"picked":"Battle Trance","floor":22.0},{"not_picked":["Thunderclap","Sword Boomerang+1"],"picked":"Barricade","floor":23.0},{"not_picked":["Armaments","Searing Blow"],"picked":"Entrench+1","floor":25.0},{"not_picked":["Fire Breathing","Headbutt+1"],"picked":"Flex+1","floor":28.0},{"not_picked":["Infernal Blade+1","Armaments","Anger"],"picked":"SKIP","floor":29.0},{"not_picked":["Perfected Strike+1","Clothesline+1","Flex"],"picked":"SKIP","floor":31.0},{"not_picked":["Berserk","Feed"],"picked":"Double Tap","floor":33.0},{"not_picked":["Wild Strike+1","Clash+1"],"picked":"Burning Pact","floor":35.0},{"not_picked":["Discovery","Finesse"],"picked":"Blind","floor":36.0},{"not_picked":["Wild Strike","Combust"],"picked":"Shrug It Off","floor":37.0},{"not_picked":["Sword Boomerang+1","Perfected Strike+1","Searing Blow"],"picked":"SKIP","floor":39.0},{"not_picked":["Wild Strike+1","Battle Trance+1"],"picked":"Rage","floor":40.0},{"not_picked":["Armaments+1","Corruption+1"],"picked":"Battle Trance","floor":41.0},{"not_picked":["Juggernaut","Inflame","Rupture+1"],"picked":"SKIP","floor":48.0}],"player_experience":1036687,"relics_obtained":[{"floor":6.0,"key":"Matryoshka"},{"floor":8.0,"key":"Girya"},{"floor":9.0,"key":"Oddly Smooth Stone"},{"floor":9.0,"key":"Du-Vu Doll"},{"floor":12.0,"key":"Smiling Mask"},{"floor":12.0,"key":"Self Forming Clay"},{"floor":22.0,"key":"Red Mask"},{"floor":23.0,"key":"Centennial Puzzle"},{"floor":26.0,"key":"Bag of Preparation"},{"floor":29.0,"key":"Boot"},{"floor":37.0,"key":"Shovel"},{"floor":40.0,"key":"Art of War"},{"floor":43.0,"key":"Dead Branch"},{"floor":48.0,"key":"Strawberry"}],"event_choices":[{"damage_healed":0.0,"max_hp_gain":0.0,"max_hp_loss":0.0,"gold_gain":0.0,"event_name":"Scrap Ooze","player_choice":"Success","floor":2.0,"gold_loss":0.0,"damage_taken":3.0,"relics_obtained":["StoneCalendar"]},{"cards_removed":["Strike_R"],"damage_healed":0.0,"max_hp_gain":0.0,"max_hp_loss":0.0,"gold_gain":0.0,"event_name":"The Cleric","player_choice":"Card Removal","floor":14.0,"gold_loss":50.0,"damage_taken":0.0},{"damage_healed":0.0,"max_hp_gain":0.0,"max_hp_loss":0.0,"gold_gain":0.0,"event_name":"Masked Bandits","player_choice":"Fought Bandits","floor":22.0,"gold_loss":0.0,"damage_taken":0.0},{"damage_healed":0.0,"max_hp_gain":0.0,"max_hp_loss":0.0,"gold_gain":0.0,"cards_transformed":["Rupture"],"event_name":"Transmorgrifier","player_choice":"Transformed","floor":24.0,"gold_loss":0.0,"damage_taken":0.0,"cards_obtained":["Armaments"]},{"damage_healed":0.0,"max_hp_gain":5.0,"max_hp_loss":0.0,"gold_gain":0.0,"event_name":"Forgotten Altar","player_choice":"Shed Blood","floor":27.0,"gold_loss":0.0,"damage_taken":29.0},{"damage_healed":0.0,"max_hp_gain":0.0,"max_hp_loss":0.0,"gold_gain":0.0,"event_name":"SensoryStone","player_choice":"Memory 2","floor":36.0,"gold_loss":0.0,"damage_taken":5.0},{"damage_healed":0.0,"max_hp_gain":0.0,"max_hp_loss":0.0,"gold_gain":0.0,"event_name":"Mysterious Sphere","player_choice":"Fight","floor":37.0,"gold_loss":0.0,"damage_taken":0.0},{"damage_healed":0.0,"max_hp_gain":0.0,"max_hp_loss":0.0,"gold_gain":0.0,"event_name":"Duplicator","player_choice":"Copied","floor":38.0,"gold_loss":0.0,"damage_taken":0.0,"cards_obtained":["Entrench"]},{"cards_removed":["Armaments"],"damage_healed":0.0,"max_hp_gain":0.0,"max_hp_loss":0.0,"gold_gain":0.0,"event_name":"Falling","player_choice":"Removed Skill","floor":47.0,"gold_loss":0.0,"damage_taken":0.0}],"is_beta":false,"boss_relics":[{"not_picked":["Eternal Feather","Astrolabe"],"picked":"Cursed Key"},{"not_picked":["Coffee Dripper","Snecko Eye"],"picked":"Sozu"}],"items_purged_floors":[45],"is_endless":false,"potions_floor_spawned":[5,13,16,18,20,25,28,35,37,39],"ascension_level":0}