{"gold_per_floor":[110,110,122,136,151,151,176,176,176,176,202,218,248,260,260,339,339,356,356,281,300,300,300,300],"floor_reached":24,"playtime":1138,"items_purged":["Shame"],"score":378,"play_id":"b26031a4-d744-4e7f-bed8-b7ebc90cd15c","local_time":"20190830184655","is_ascension_mode":true,"campfire_choices":[{"data":"Hemokinesis","floor":6,"key":"SMITH"},{"floor":8,"key":"REST"},{"floor":10,"key":"DIG"},{"data":"Demon Form","floor":15,"key":"SMITH"},{"floor":23,"key":"DIG"}],"neow_cost":"NONE","seed_source_timestamp":701748718754,"circlet_count":0,"master_deck":["AscendersBane","Strike_R","Strike_R","Strike_R","Strike_R","Strike_R","Defend_R","Defend_R","Defend_R+1","Defend_R+1","Bash+1","Shockwave","Hemokinesis+1","Whirlwind","Shrug It Off","Sword Boomerang","Spot Weakness","Shrug It Off","Demon Form+1","Feed","Writhe"],"relics":["Black Blood","Du-Vu Doll","Shovel","Blue Candle","War Paint","Peace Pipe","Dream Catcher","Pantograph","Paper Frog"],"potions_floor_usage":[11,14,21,21],"damage_taken":[{"damage":7,"enemies":"Jaw Worm","floor":1,"turns":3},{"damage":1,"enemies":"Cultist","floor":3,"turns":4},{"damage":8,"enemies":"2 Louse","floor":4,"turns":3},{"damage":26,"enemies":"Exordium Wildlife","floor":5,"turns":9},{"damage":43,"enemies":"Lagavulin","floor":7,"turns":9},{"damage":16,"enemies":"Gremlin Nob","floor":11,"turns":3},{"damage":8,"enemies":"Blue Slaver","floor":12,"turns":4},{"damage":21,"enemies":"Lagavulin","floor":13,"turns":7},{"damage":0,"enemies":"Red Slaver","floor":14,"turns":5},{"damage":7,"enemies":"Hexaghost","floor":16,"turns":8},{"damage":19,"enemies":"Chosen","floor":18,"turns":6},{"damage":18,"enemies":"2 Thieves","floor":21,"turns":4},{"damage":69,"enemies":"Book of Stabbing","floor":24,"turns":6}],"seed_played":"-2820693252325779631","potions_obtained":[{"floor":3,"key":"SteroidPotion"},{"floor":11,"key":"Fruit Juice"},{"floor":12,"key":"SpeedPotion"},{"floor":14,"key":"Block Potion"},{"floor":16,"key":"Regen Potion"}],"is_trial":false,"path_per_floor":["M","?","M","M","M","R","E","R","T","R","E","M","E","M","R","B",null,"M","?","$","M","?","R","E"],"character_chosen":"IRONCLAD","items_purchased":[],"campfire_rested":1,"item_purchase_floors":[],"current_hp_per_floor":[67,67,72,70,50,50,13,35,35,35,25,23,8,19,19,18,65,56,56,56,63,63,63,0],"gold":300,"neow_bonus":"UPGRADE_CARD","is_prod":false,"is_daily":false,"chose_seed":false,"campfire_upgraded":2,"win_rate":0,"timestamp":1567183615,"path_taken":["M","?","M","?","M","R","E","R","T","R","E","M","E","M","R","BOSS","M","?","$","M","?","R","E"],"build_version":"2019-07-17","purchased_purges":1,"victory":false,"max_hp_per_floor":[75,75,75,75,75,75,75,75,75,75,75,75,75,80,80,80,80,80,80,80,83,83,83,83],"card_choices":[{"not_picked":["Cleave","Pummel"],"picked":"Armaments","floor":1},{"not_picked":["Sword Boomerang","True Grit"],"picked":"Hemokinesis","floor":3},{"not_picked":["Cleave","Clothesline"],"picked":"Whirlwind","floor":4},{"not_picked":["Whirlwind","Sword Boomerang"],"picked":"Shrug It Off","floor":5},{"not_picked":["Twin Strike","Carnage"],"picked":"Sword Boomerang","floor":7},{"not_picked":["Uppercut","Rage"],"picked":"Spot Weakness","floor":11},{"not_picked":["Clothesline","Searing Blow"],"picked":"Shrug It Off","floor":12},{"not_picked":["Whirlwind","Power Through","Sword Boomerang"],"picked":"SKIP","floor":13},{"not_picked":["Rampage","Havoc"],"picked":"Demon Form","floor":14},{"not_picked":["Offering","Double Tap"],"picked":"Feed","floor":16},{"not_picked":["Uppercut","Wild Strike","Rupture"],"picked":"SKIP","floor":18},{"not_picked":["Headbutt","Twin Strike","Body Slam"],"picked":"SKIP","floor":21}],"player_experience":756960,"relics_obtained":[{"floor":7,"key":"Du-Vu Doll"},{"floor":9,"key":"Shovel"},{"floor":10,"key":"Blue Candle"},{"floor":11,"key":"War Paint"},{"floor":13,"key":"Peace Pipe"},{"floor":23,"key":"Paper Frog"}],"event_choices":[{"damage_healed":0,"gold_gain":0,"cards_transformed":["Armaments"],"player_choice":"Transformed","damage_taken":0,"max_hp_gain":0,"max_hp_loss":0,"event_name":"Transmorgrifier","floor":2,"gold_loss":0,"cards_obtained":["Shockwave"]},{"damage_healed":0,"gold_gain":0,"player_choice":"Stole Relic","damage_taken":0,"relics_obtained":["Dream Catcher"],"max_hp_gain":0,"max_hp_loss":0,"event_name":"Addict","floor":19,"gold_loss":0,"cards_obtained":["Shame"]},{"damage_healed":0,"gold_gain":0,"player_choice":"Opened","damage_taken":0,"relics_obtained":["Pantograph"],"max_hp_gain":0,"max_hp_loss":0,"event_name":"The Mausoleum","floor":22,"gold_loss":0,"cards_obtained":["Writhe"]}],"is_beta":false,"boss_relics":[{"not_picked":["Lizard Tail","Eternal Feather"],"picked":"Black Blood"}],"items_purged_floors":[20],"is_endless":false,"potions_floor_spawned":[3,11,12,14,16],"killed_by":"Book of Stabbing","ascension_level":15}