{"gold_per_floor":[113,131,52,52,67,102,120,120,147,166,192,192,209,241,241,343,343,359,359,246,345,360,360,285,316,316,328,328,328,328,361,361,457,457,476,490,503,522,82,82,110,110,188,219,219,219,229,329,329,329],"floor_reached":50,"playtime":4010,"items_purged":["Strike_G","Strike_G"],"score":998,"play_id":"2ba0efa9-cb1a-4bd8-ad29-6640eea5ddba","local_time":"20190603223649","is_ascension_mode":true,"campfire_choices":[{"data":"Skewer","floor":8.0,"key":"SMITH"},{"floor":12.0,"key":"REST"},{"data":"Sucker Punch","floor":15.0,"key":"SMITH"},{"data":"Corpse Explosion","floor":23.0,"key":"SMITH"},{"data":"Poisoned Stab","floor":28.0,"key":"SMITH"},{"floor":32.0,"key":"REST"},{"floor":40,"key":"REST"},{"data":"Tools of the Trade","floor":42,"key":"SMITH"},{"floor":46,"key":"REST"},{"floor":49,"key":"REST"}],"neow_cost":"NONE","seed_source_timestamp":1193075231219523,"circlet_count":0,"master_deck":["AscendersBane","Defend_G","Defend_G","Defend_G","Defend_G","Defend_G","Strike_G","Survivor","Neutralize+1","Sucker Punch+1","PiercingWail","Footwork","Heel Hook","Poisoned Stab+1","Skewer+1","Dodge and Roll","Well Laid Plans","Corpse Explosion+1","Malaise","Deflect","Deflect","Backflip","Footwork","Blur","Bane","Tools of the Trade+1","Blur","Infinite Blades"],"special_seed":0,"relics":["Ring of the Snake","Ancient Tea Set","Strawberry","PreservedInsect","Dodecahedron","Orrery","Juzu Bracelet","Pear","Nunchaku","Enchiridion","Ornamental Fan","Black Star","Chemical X","Lantern","Kunai","Tingsha","Molten Egg 2","Bronze Scales","Torii"],"potions_floor_usage":[33,38,50,50],"damage_taken":[{"damage":0.0,"enemies":"Small Slimes","floor":1.0,"turns":4.0},{"damage":0.0,"enemies":"Cultist","floor":2.0,"turns":4.0},{"damage":0.0,"enemies":"2 Louse","floor":5.0,"turns":3.0},{"damage":41.0,"enemies":"3 Sentries","floor":6.0,"turns":17.0},{"damage":1.0,"enemies":"2 Fungi Beasts","floor":7.0,"turns":4.0},{"damage":1.0,"enemies":"Large Slime","floor":10.0,"turns":5.0},{"damage":0.0,"enemies":"Lagavulin","floor":11.0,"turns":8.0},{"damage":1.0,"enemies":"3 Louse","floor":13.0,"turns":5.0},{"damage":12.0,"enemies":"3 Sentries","floor":14.0,"turns":6.0},{"damage":34.0,"enemies":"Hexaghost","floor":16.0,"turns":16.0},{"damage":23.0,"enemies":"2 Thieves","floor":18.0,"turns":4.0},{"damage":0.0,"enemies":"Shell Parasite","floor":22.0,"turns":11.0},{"damage":13.0,"enemies":"Gremlin Leader","floor":25.0,"turns":9.0},{"damage":0.0,"enemies":"Snake Plant","floor":27.0,"turns":8.0},{"damage":6.0,"enemies":"Slavers","floor":31.0,"turns":2.0},{"damage":31,"enemies":"Collector","floor":33,"turns":19},{"damage":7,"enemies":"3 Darklings","floor":35,"turns":6},{"damage":15,"enemies":"Orb Walker","floor":36,"turns":6},{"damage":20,"enemies":"Jaw Worm Horde","floor":37,"turns":4},{"damage":20,"enemies":"Spire Growth","floor":38,"turns":10},{"damage":0,"enemies":"Nemesis","floor":41,"turns":11},{"damage":4,"enemies":"Giant Head","floor":44,"turns":9},{"damage":33,"enemies":"Transient","floor":47,"turns":5},{"damage":62,"enemies":"Time Eater","floor":50,"turns":17}],"seed_played":"4602067464153274522","potions_obtained":[{"floor":1.0,"key":"Energy Potion"},{"floor":10.0,"key":"EssenceOfSteel"},{"floor":13.0,"key":"FearPotion"},{"floor":18.0,"key":"EntropicBrew"},{"floor":31.0,"key":"Regen Potion"},{"floor":35,"key":"LiquidBronze"},{"floor":44,"key":"SkillPotion"}],"is_trial":false,"path_per_floor":["M","M","$","?","M","E","M","R","T","M","E","R","M","E","R","B",null,"M","?","$","?","M","R","?","E","T","M","R","?","T","E","R","B",null,"M","M","M","M","$","R","E","R","T","E","?","R","M","?","R","B"],"character_chosen":"THE_SILENT","items_purchased":["Footwork","Footwork","Chemical X","Lantern"],"campfire_rested":5,"item_purchase_floors":[3,20,39,39],"current_hp_per_floor":[63,63,63,63,63,22,21,21,28,27,27,50,49,37,37,3,59,36,36,36,36,36,36,36,33,33,33,33,17,17,11,37,6,67,60,45,25,20,20,46,46,46,46,42,42,66,33,33,57,0],"gold":329,"neow_bonus":"UPGRADE_CARD","is_prod":false,"is_daily":false,"chose_seed":false,"campfire_upgraded":5,"win_rate":0,"timestamp":1559615809,"path_taken":["M","M","$","?","M","E","M","R","T","M","E","R","?","E","R","BOSS","M","?","$","?","M","R","?","E","T","M","R","?","?","E","R","BOSS","M","M","M","M","$","R","E","R","T","E","?","R","M","?","R","BOSS"],"build_version":"2019-01-23","purchased_purges":2,"victory":false,"max_hp_per_floor":[70,70,70,70,70,70,70,70,77,77,77,77,77,77,77,77,77,77,77,77,77,77,77,77,87,87,87,87,87,87,87,87,87,87,87,87,87,87,87,87,87,87,87,87,83,83,83,83,83,83],"card_choices":[{"not_picked":["Setup","Quick Slash"],"picked":"Sucker Punch","floor":1.0},{"not_picked":["Sucker Punch","Heel Hook"],"picked":"PiercingWail","floor":2.0},{"not_picked":["Sucker Punch","Blade Dance"],"picked":"Heel Hook","floor":5.0},{"not_picked":["Night Terror","Acrobatics"],"picked":"Poisoned Stab","floor":6.0},{"not_picked":["Flying Knee","Bane"],"picked":"Skewer","floor":7.0},{"not_picked":["Acrobatics","Dagger Throw","Blade Dance"],"picked":"SKIP","floor":10.0},{"not_picked":["Deadly Poison","Noxious Fumes"],"picked":"Dodge and Roll","floor":11.0},{"not_picked":["Poisoned Stab","Slice","Acrobatics"],"picked":"SKIP","floor":13.0},{"not_picked":["Reflex","Underhanded Strike"],"picked":"Well Laid Plans","floor":14.0},{"not_picked":["Night Terror","Glass Knife"],"picked":"Corpse Explosion","floor":16.0},{"not_picked":["Eviscerate","Deflect"],"picked":"Malaise","floor":17.0},{"not_picked":["Bouncing Flask","Leg Sweep"],"picked":"Deflect","floor":17.0},{"not_picked":["Dagger Spray","Backflip"],"picked":"Deflect","floor":17.0},{"not_picked":["Acrobatics","Riddle With Holes"],"picked":"Backflip","floor":17.0},{"not_picked":["Poisoned Stab","Riddle With Holes","Dagger Throw+1"],"picked":"SKIP","floor":18.0},{"not_picked":["Crippling Poison","Outmaneuver","Night Terror"],"picked":"SKIP","floor":22.0},{"not_picked":["Setup+1","Tactician"],"picked":"Blur","floor":25.0},{"not_picked":["PiercingWail","Deflect+1","Sucker Punch"],"picked":"SKIP","floor":27.0},{"not_picked":["Leg Sweep","Dodge and Roll"],"picked":"Bane","floor":31.0},{"not_picked":["Night Terror","Glass Knife"],"picked":"Tools of the Trade","floor":33},{"not_picked":["Prepared","Acrobatics","Dodge and Roll"],"picked":"SKIP","floor":35},{"not_picked":["Deflect","PiercingWail","Distraction"],"picked":"SKIP","floor":36},{"not_picked":["Quick Slash","Backflip","Footwork"],"picked":"SKIP","floor":37},{"not_picked":["Terror","Flechettes+1","Underhanded Strike"],"picked":"SKIP","floor":38},{"not_picked":["Bane","Prepared"],"picked":"Blur","floor":41},{"not_picked":["Adrenaline","Flying Knee+1"],"picked":"Infinite Blades","floor":44},{"not_picked":["Concentrate","Blur","Dagger Throw+1"],"picked":"SKIP","floor":47}],"player_experience":963491,"relics_obtained":[{"floor":6.0,"key":"Ancient Tea Set"},{"floor":9.0,"key":"Strawberry"},{"floor":11.0,"key":"PreservedInsect"},{"floor":14.0,"key":"Dodecahedron"},{"floor":25.0,"key":"Pear"},{"floor":26.0,"key":"Nunchaku"},{"floor":29.0,"key":"Enchiridion"},{"floor":31.0,"key":"Ornamental Fan"},{"floor":41,"key":"Kunai"},{"floor":41,"key":"Tingsha"},{"floor":43,"key":"Molten Egg 2"},{"floor":44,"key":"Bronze Scales"},{"floor":44,"key":"Torii"}],"event_choices":[{"cards_removed":["Strike_G"],"damage_healed":0.0,"max_hp_gain":0.0,"max_hp_loss":0.0,"gold_gain":0.0,"event_name":"Purifier","player_choice":"Purged","floor":4.0,"gold_loss":0.0,"damage_taken":0.0},{"damage_healed":0.0,"max_hp_gain":0.0,"max_hp_loss":0.0,"gold_gain":0.0,"event_name":"The Mausoleum","player_choice":"Opened","floor":19.0,"gold_loss":0.0,"damage_taken":0.0,"relics_obtained":["Juzu Bracelet"]},{"damage_healed":0.0,"max_hp_gain":0.0,"max_hp_loss":0.0,"gold_gain":99.0,"event_name":"Nest","player_choice":"Stole From Cult","floor":21.0,"gold_loss":0.0,"damage_taken":0.0},{"cards_removed":["Strike_G"],"damage_healed":0.0,"max_hp_gain":0.0,"max_hp_loss":0.0,"gold_gain":0.0,"event_name":"Beggar","player_choice":"Gave Gold","floor":24.0,"gold_loss":75.0,"damage_taken":0.0},{"damage_healed":0.0,"max_hp_gain":0.0,"max_hp_loss":0.0,"gold_gain":0.0,"event_name":"Cursed Tome","player_choice":"Obtained Book","floor":29.0,"gold_loss":0.0,"damage_taken":16.0},{"damage_healed":0,"gold_gain":0,"player_choice":"Max HP","damage_taken":0,"max_hp_gain":0,"max_hp_loss":4,"event_name":"Winding Halls","floor":45,"gold_loss":0},{"damage_healed":0,"gold_gain":100,"player_choice":"Pray","damage_taken":0,"max_hp_gain":0,"max_hp_loss":0,"event_name":"Golden Shrine","floor":48,"gold_loss":0}],"is_beta":false,"boss_relics":[{"not_picked":["WristBlade","Coffee Dripper"],"picked":"Orrery"},{"not_picked":["Tiny House","Empty Cage"],"picked":"Black Star"}],"items_purged_floors":[20,39],"is_endless":false,"potions_floor_spawned":[1,10,13,16,18,31,35,44,47],"killed_by":"Time Eater","ascension_level":12}