{"gold_per_floor":[14,24,24,39,55,86,86,361,361,216,216,226,226,238,238,337,337,309,309,116,164,181,181,196,216,216,216,316,333,333,349,349,447,447,458,468,486,486,260,260,31,43,43,43,43,57,57,57],"floor_reached":48,"playtime":2216,"items_purged":["Regret","Strike_R","Strike_R"],"score":484,"play_id":"dec6bef6-7517-4c0b-bb65-1e8017e6199a","local_time":"20190617193630","is_ascension_mode":false,"campfire_choices":[{"data":"Armaments","floor":7.0,"key":"SMITH"},{"data":"Fiend Fire","floor":13.0,"key":"SMITH"},{"data":"Combust","floor":15.0,"key":"SMITH"},{"data":"Burning Pact","floor":23.0,"key":"SMITH"},{"floor":27.0,"key":"REST"},{"floor":32.0,"key":"REST"},{"floor":40,"key":"REST"},{"floor":44,"key":"REST"}],"neow_cost":"NO_GOLD","seed_source_timestamp":2393376403720997,"circlet_count":0,"master_deck":["Strike_R","Strike_R","Defend_R","Defend_R","Defend_R","Defend_R","Bash","Fiend Fire+1","Burning Pact+1","Shrug It Off","Armaments+1","Shockwave","Combust+1","Uppercut","Flame Barrier","Barricade","Enlightenment","True Grit","Rage+1","Rupture+1","Battle Trance","Twin Strike","Impervious","Whirlwind","Immolate","Master of Strategy","Doubt"],"special_seed":0,"relics":["Burning Blood"],"potions_floor_usage":[37,48],"damage_taken":[{"damage":4.0,"enemies":"2 Louse","floor":1.0,"turns":3.0},{"damage":14.0,"enemies":"Small Slimes","floor":2.0,"turns":4.0},{"damage":1.0,"enemies":"Cultist","floor":4.0,"turns":3.0},{"damage":2.0,"enemies":"Blue Slaver","floor":5.0,"turns":7.0},{"damage":6.0,"enemies":"Gremlin Nob","floor":6.0,"turns":3.0},{"damage":8.0,"enemies":"Exordium Thugs","floor":12.0,"turns":4.0},{"damage":26.0,"enemies":"Gremlin Gang","floor":14.0,"turns":4.0},{"damage":22.0,"enemies":"Slime Boss","floor":16.0,"turns":6.0},{"damage":29.0,"enemies":"2 Thieves","floor":18.0,"turns":5.0},{"damage":12.0,"enemies":"3 Byrds","floor":22.0,"turns":5.0},{"damage":35.0,"enemies":"Cultist and Chosen","floor":24.0,"turns":6.0},{"damage":10.0,"enemies":"Snake Plant","floor":25.0,"turns":6.0},{"damage":8.0,"enemies":"Chosen and Byrds","floor":29.0,"turns":3.0},{"damage":11.0,"enemies":"Centurion and Healer","floor":31.0,"turns":7.0},{"damage":7.0,"enemies":"Collector","floor":33.0,"turns":10.0},{"damage":8.0,"enemies":"3 Shapes","floor":35.0,"turns":11.0},{"damage":49.0,"enemies":"Orb Walker","floor":36.0,"turns":6.0},{"damage":10,"enemies":"Transient","floor":37,"turns":5},{"damage":48,"enemies":"3 Darklings","floor":42,"turns":5},{"damage":36,"enemies":"Sphere and 2 Shapes","floor":46,"turns":8},{"damage":52,"enemies":"Spire Growth","floor":48,"turns":4}],"seed_played":"5486975026395741969","potions_obtained":[{"floor":1.0,"key":"SteroidPotion"},{"floor":2.0,"key":"LiquidBronze"},{"floor":6.0,"key":"Poison Potion"},{"floor":18.0,"key":"Fire Potion"},{"floor":22.0,"key":"EssenceOfSteel"},{"floor":29.0,"key":"AttackPotion"},{"floor":31.0,"key":"SpeedPotion"},{"floor":35.0,"key":"PowerPotion"},{"floor":36.0,"key":"SpeedPotion"},{"floor":46,"key":"EssenceOfSteel"}],"is_trial":false,"path_per_floor":["M","M","?","M","M","E","R","?","T","$","T","M","R","M","R","B",null,"M","?","$","T","M","R","M","M","T","R","?","M","?","M","R","B",null,"M","M","M","?","$","R","$","M","T","R","?","M","?","M"],"character_chosen":"IRONCLAD","items_purchased":["Combust","Enlightenment","Swift Potion","FearPotion","Dexterity Potion","Master of Strategy"],"campfire_rested":4,"item_purchase_floors":[10,20,39,39,41,41],"current_hp_per_floor":[80,72,72,77,80,80,80,80,80,80,80,78,78,58,58,42,80,57,49,49,49,43,43,14,10,10,34,34,32,32,27,51,50,80,78,35,31,31,31,53,53,11,11,33,76,46,46,0],"gold":57,"neow_bonus":"THREE_RARE_CARDS","is_prod":false,"is_daily":false,"chose_seed":false,"campfire_upgraded":4,"win_rate":0,"timestamp":1560814590,"path_taken":["M","M","?","M","M","E","R","?","T","$","?","M","R","M","R","BOSS","M","?","$","?","?","R","M","M","T","R","?","?","?","M","R","BOSS","M","M","M","?","$","R","?","M","T","R","?","?","?","M"],"build_version":"2019-01-23","purchased_purges":3,"victory":false,"max_hp_per_floor":[80,80,80,80,80,80,80,80,80,80,80,80,80,80,80,80,80,80,80,80,80,80,80,80,80,80,80,80,80,80,80,80,80,80,80,80,80,76,76,76,76,76,76,76,76,76,76,76],"card_choices":[{"not_picked":["Exhume","Dark Embrace"],"picked":"Fiend Fire","floor":0.0},{"not_picked":["Seeing Red","Clash","Blood for Blood"],"picked":"SKIP","floor":1.0},{"not_picked":["Clash","Havoc"],"picked":"Burning Pact","floor":2.0},{"not_picked":["Metallicize","Dropkick"],"picked":"Shrug It Off","floor":4.0},{"not_picked":["Flame Barrier","Headbutt"],"picked":"Armaments","floor":5.0},{"not_picked":["Clothesline","Flex"],"picked":"Shockwave","floor":6.0},{"not_picked":["Pommel Strike","Metallicize"],"picked":"Uppercut","floor":12.0},{"not_picked":["Evolve","Headbutt"],"picked":"Flame Barrier","floor":14.0},{"not_picked":["Brutality","Immolate"],"picked":"Barricade","floor":16.0},{"not_picked":["Carnage","Whirlwind","Wild Strike"],"picked":"SKIP","floor":18.0},{"not_picked":["Havoc","Bloodletting"],"picked":"True Grit","floor":22.0},{"not_picked":["Body Slam","Iron Wave"],"picked":"Rage+1","floor":24.0},{"not_picked":["Sword Boomerang","Iron Wave"],"picked":"Rupture+1","floor":25.0},{"not_picked":["True Grit","Corruption+1"],"picked":"Battle Trance","floor":29.0},{"not_picked":["Perfected Strike","Flex"],"picked":"Twin Strike","floor":31.0},{"not_picked":["Reaper","Double Tap"],"picked":"Impervious","floor":33.0},{"not_picked":["Wild Strike+1","Second Wind+1"],"picked":"Whirlwind","floor":35.0},{"not_picked":["Havoc","Headbutt+1","Anger+1"],"picked":"SKIP","floor":36.0},{"not_picked":["Thunderclap","Dropkick+1"],"picked":"Immolate","floor":37},{"not_picked":["Armaments+1","Second Wind+1","Clash"],"picked":"SKIP","floor":42},{"not_picked":["Sever Soul","Havoc","Shrug It Off"],"picked":"SKIP","floor":46}],"player_experience":1027489,"relics_obtained":[],"event_choices":[{"damage_healed":0.0,"max_hp_gain":0.0,"max_hp_loss":0.0,"gold_gain":0.0,"event_name":"The Cleric","player_choice":"Leave","floor":3.0,"gold_loss":0.0,"damage_taken":0.0},{"damage_healed":0.0,"max_hp_gain":0.0,"max_hp_loss":0.0,"gold_gain":275.0,"event_name":"Golden Shrine","player_choice":"Desecrate","floor":8.0,"gold_loss":0.0,"damage_taken":0.0,"cards_obtained":["Regret"]},{"damage_healed":0.0,"max_hp_gain":0.0,"max_hp_loss":0.0,"gold_gain":0.0,"event_name":"Knowing Skull","player_choice":"","floor":19.0,"potions_obtained":[],"gold_loss":0.0,"damage_taken":8.0,"cards_obtained":[]},{"damage_healed":0.0,"max_hp_gain":0.0,"max_hp_loss":0.0,"gold_gain":100.0,"event_name":"Golden Shrine","player_choice":"Pray","floor":28.0,"gold_loss":0.0,"damage_taken":0.0},{"cards_removed":["Strike_R"],"damage_healed":0.0,"max_hp_gain":0.0,"max_hp_loss":0.0,"gold_gain":0.0,"event_name":"Purifier","player_choice":"Purged","floor":30.0,"gold_loss":0.0,"damage_taken":0.0},{"damage_healed":0,"gold_gain":0,"player_choice":"Max HP","damage_taken":0,"max_hp_gain":0,"max_hp_loss":4,"event_name":"Winding Halls","floor":38,"gold_loss":0},{"damage_healed":43,"gold_gain":0,"player_choice":"Heal","damage_taken":0,"max_hp_gain":0,"max_hp_loss":0,"event_name":"MindBloom","floor":45,"gold_loss":0,"cards_obtained":["Doubt"]},{"damage_healed":0,"gold_gain":0,"player_choice":"Ignored","damage_taken":0,"max_hp_gain":0,"max_hp_loss":0,"event_name":"Mysterious Sphere","floor":47,"gold_loss":0}],"is_beta":false,"boss_relics":[{"not_picked":["Orrery","Velvet Choker","Pandora\u0027s Box"]},{"not_picked":["Snecko Eye","Eternal Feather","Tiny House"]}],"items_purged_floors":[10,20,39],"is_endless":false,"potions_floor_spawned":[1,2,6,18,22,29,31,35,36,42,46],"killed_by":"Spire Growth","ascension_level":0}