{"gold_per_floor":[115,35,110,122,172,172,233,251,274,285,320,72,72,133,133,204,204,220,237,237,237,253,253,279,279,279,309,326,192,192,206,206,280,280,290,290,301,401,401,401,433,444,470,501,517,547,557,572,572,572],"floor_reached":51,"playtime":3873,"items_purged":["Strike_G"],"score":1443,"play_id":"0f8d1076-7c7d-40c8-9f0a-4b813bf9ad7c","local_time":"20190619235208","is_ascension_mode":true,"campfire_choices":[{"data":"Crippling Poison","floor":6.0,"key":"SMITH"},{"data":"Malaise","floor":13.0,"key":"SMITH"},{"floor":15.0,"key":"REST"},{"data":"Adrenaline","floor":23.0,"key":"SMITH"},{"floor":32.0,"key":"REST"},{"floor":40,"key":"REST"},{"floor":49,"key":"REST"}],"neow_cost":"NONE","seed_source_timestamp":629668297604206,"circlet_count":0,"master_deck":["AscendersBane","Defend_G+1","Defend_G+1","Defend_G+1","Defend_G+1","Defend_G+1","Strike_G+1","Strike_G+1","Strike_G+1","Survivor+1","Neutralize","Dash","Noxious Fumes","Crippling Poison+1","Dodge and Roll+1","Malaise+1","Footwork","Panacea","Adrenaline+1","Backflip","Bouncing Flask","Dodge and Roll","Doppelganger","Backflip","Calculated Gamble","Crippling Poison","Catalyst","Good Instincts+1","Adrenaline+1","Footwork+1","Panache","Apotheosis+1","Escape Plan+1","Blur+1","Dodge and Roll+1","Escape Plan+1","Catalyst+1","Burst+1","Noxious Fumes+1"],"special_seed":0,"relics":["Ring of the Snake","NeowsBlessing","Tiny Chest","Happy Flower","Question Card","Singing Bowl","Orrery","Kunai","Girya","Ninja Scroll","Toxic Egg 2","Fusion Hammer","Torii","Du-Vu Doll","War Paint","Frozen Egg 2","Calipers"],"potions_floor_usage":[50,50],"damage_taken":[{"damage":0.0,"enemies":"2 Louse","floor":1.0,"turns":1.0},{"damage":0.0,"enemies":"Small Slimes","floor":4.0,"turns":1.0},{"damage":0.0,"enemies":"Gremlin Nob","floor":7.0,"turns":1.0},{"damage":0.0,"enemies":"Cultist","floor":8.0,"turns":4.0},{"damage":3.0,"enemies":"Looter","floor":10.0,"turns":3.0},{"damage":21.0,"enemies":"3 Sentries","floor":11.0,"turns":9.0},{"damage":17.0,"enemies":"Gremlin Nob","floor":14.0,"turns":5.0},{"damage":4.0,"enemies":"Hexaghost","floor":16.0,"turns":14.0},{"damage":2.0,"enemies":"Spheric Guardian","floor":18.0,"turns":5.0},{"damage":4.0,"enemies":"3 Byrds","floor":19.0,"turns":4.0},{"damage":12.0,"enemies":"3 Cultists","floor":22.0,"turns":5.0},{"damage":4.0,"enemies":"Book of Stabbing","floor":24.0,"turns":10.0},{"damage":20.0,"enemies":"Slavers","floor":27.0,"turns":5.0},{"damage":0.0,"enemies":"Chosen and Byrds","floor":28.0,"turns":6.0},{"damage":1.0,"enemies":"Snake Plant","floor":31.0,"turns":5.0},{"damage":14,"enemies":"Champ","floor":33,"turns":18},{"damage":0,"enemies":"3 Shapes","floor":35,"turns":6},{"damage":16,"enemies":"Orb Walker","floor":37,"turns":4},{"damage":0,"enemies":"Mind Bloom Boss Battle","floor":38,"turns":6},{"damage":0,"enemies":"Giant Head","floor":41,"turns":8},{"damage":0,"enemies":"Writhing Mass","floor":42,"turns":8},{"damage":7,"enemies":"Reptomancer","floor":44,"turns":6},{"damage":0,"enemies":"3 Darklings","floor":45,"turns":5},{"damage":13,"enemies":"Nemesis","floor":46,"turns":9},{"damage":0,"enemies":"Spire Growth","floor":47,"turns":2},{"damage":8,"enemies":"Transient","floor":48,"turns":5},{"damage":1,"enemies":"Donu and Deca","floor":50,"turns":7}],"seed_played":"5576414657110391504","potions_obtained":[{"floor":8.0,"key":"GhostInAJar"},{"floor":11.0,"key":"FearPotion"},{"floor":14.0,"key":"FearPotion"},{"floor":16.0,"key":"Dexterity Potion"},{"floor":18.0,"key":"Explosive Potion"},{"floor":37,"key":"Explosive Potion"},{"floor":45,"key":"SpeedPotion"}],"is_trial":false,"path_per_floor":["M","$","?","M","?","R","E","M","T","M","E","$","R","?","R","B",null,"M","M","?","?","M","R","E","T","T","E","M","$","?","M","R","B",null,"M","?","M","?","?","R","E","M","T","E","M","E","M","M","R","B",null],"character_chosen":"THE_SILENT","items_purchased":["Noxious Fumes","Footwork","Panacea","Good Instincts+1","Dexterity Potion"],"campfire_rested":4,"item_purchase_floors":[2,12,12,29,29],"current_hp_per_floor":[59,59,48,48,42,42,42,42,42,39,18,18,18,3,23,19,58,56,52,52,52,40,40,36,36,36,18,20,20,20,21,43,29,64,64,56,40,40,40,63,63,63,63,56,58,45,45,39,63,62],"gold":572,"neow_bonus":"THREE_ENEMY_KILL","is_prod":false,"is_daily":false,"chose_seed":false,"campfire_upgraded":3,"win_rate":0,"timestamp":1560981128,"path_taken":["M","$","?","M","?","R","E","M","T","?","E","$","R","?","R","BOSS","M","M","?","?","?","R","E","?","T","E","M","$","?","M","R","BOSS","M","?","M","?","?","R","E","M","T","E","M","E","M","?","R","BOSS"],"build_version":"2019-01-23","purchased_purges":1,"victory":true,"max_hp_per_floor":[66,66,66,66,66,66,66,66,66,66,66,66,66,68,68,68,70,70,70,70,70,70,70,70,70,70,72,74,74,74,76,76,76,76,76,78,78,78,78,78,78,78,78,78,80,80,80,82,82,82],"card_choices":[{"not_picked":["Bane","Setup"],"picked":"Dash","floor":1.0},{"not_picked":["Underhanded Strike","Distraction"],"picked":"Crippling Poison","floor":4.0},{"not_picked":["Choke","Prepared","Dagger Spray"],"picked":"SKIP","floor":7.0},{"not_picked":["Outmaneuver","Storm of Steel","Acrobatics"],"picked":"SKIP","floor":8.0},{"not_picked":["Blade Dance","Escape Plan"],"picked":"Dodge and Roll","floor":10.0},{"not_picked":["All Out Attack","Prepared"],"picked":"Malaise","floor":11.0},{"not_picked":["Setup","Poisoned Stab","Bane","Underhanded Strike"],"picked":"Singing Bowl","floor":14.0},{"not_picked":["Doppelganger","Malaise","A Thousand Cuts"],"picked":"Adrenaline","floor":16.0},{"not_picked":["Flying Knee","Dodge and Roll","All Out Attack"],"picked":"Backflip","floor":17.0},{"not_picked":["Accuracy","Setup","Deadly Poison","Sucker Punch"],"picked":"Singing Bowl","floor":17.0},{"not_picked":["Eviscerate","Dagger Throw","Blade Dance"],"picked":"Glass Knife","floor":17.0},{"not_picked":["PiercingWail","Setup","Bane"],"picked":"Bouncing Flask","floor":17.0},{"not_picked":["Quick Slash","Prepared","Acrobatics"],"picked":"Dodge and Roll","floor":17.0},{"not_picked":["Cloak And Dagger","Quick Slash","Terror"],"picked":"Doppelganger","floor":18.0},{"not_picked":["Accuracy","Dagger Throw","Slice"],"picked":"Backflip","floor":19.0},{"not_picked":["Dash","Masterful Stab","Flying Knee"],"picked":"Crippling Poison","floor":22.0},{"not_picked":["Backflip","Poisoned Stab","Skewer"],"picked":"Catalyst","floor":24.0},{"not_picked":["Eviscerate+1","Bane+1","Expertise","Acrobatics"],"picked":"Singing Bowl","floor":27.0},{"not_picked":["Flying Knee","Phantasmal Killer+1","Dagger Spray","Dagger Throw"],"picked":"Singing Bowl","floor":28.0},{"not_picked":["Reflex+1","Heel Hook+1","Eviscerate","Tactician+1"],"picked":"Singing Bowl","floor":31.0},{"not_picked":["Wraith Form v2","After Image","Grand Finale"],"picked":"Adrenaline+1","floor":33},{"not_picked":["Dagger Throw","Outmaneuver+1","Poisoned Stab"],"picked":"Footwork+1","floor":35},{"not_picked":["Flash of Steel","Madness+1","Chrysalis+1","Forethought+1"],"picked":"Singing Bowl","floor":36},{"not_picked":["Swift Strike","PanicButton+1","Apotheosis+1"],"picked":"Panache","floor":36},{"not_picked":["Dark Shackles+1","Swift Strike","Purity+1"],"picked":"Apotheosis+1","floor":36},{"not_picked":["Masterful Stab","Endless Agony","Prepared+1"],"picked":"Escape Plan+1","floor":37},{"not_picked":["Accuracy+1","Distraction+1","Endless Agony"],"picked":"Blur+1","floor":38},{"not_picked":["Setup+1","All Out Attack","Riddle With Holes"],"picked":"Dodge and Roll+1","floor":41},{"not_picked":["Quick Slash","Reflex+1","Slice"],"picked":"Escape Plan+1","floor":42},{"not_picked":["Sucker Punch+1","Dodge and Roll+1","Setup+1"],"picked":"Catalyst+1","floor":44},{"not_picked":["Bane","Flying Knee+1","Dagger Throw","Masterful Stab"],"picked":"Singing Bowl","floor":45},{"not_picked":["Sucker Punch","Dodge and Roll+1","Bane+1"],"picked":"Burst+1","floor":46},{"not_picked":["Sucker Punch","Dagger Spray","Quick Slash"],"picked":"Noxious Fumes+1","floor":47},{"not_picked":["Poisoned Stab","Deadly Poison+1","Underhanded Strike","Bane+1"],"picked":"Singing Bowl","floor":48}],"player_experience":571794,"relics_obtained":[{"floor":7.0,"key":"Tiny Chest"},{"floor":9.0,"key":"Happy Flower"},{"floor":11.0,"key":"Question Card"},{"floor":24.0,"key":"Kunai"},{"floor":25.0,"key":"Girya"},{"floor":26.0,"key":"Ninja Scroll"},{"floor":27.0,"key":"Toxic Egg 2"},{"floor":38,"key":"Torii"},{"floor":41,"key":"Du-Vu Doll"},{"floor":43,"key":"War Paint"},{"floor":44,"key":"Frozen Egg 2"},{"floor":46,"key":"Calipers"}],"event_choices":[{"damage_healed":0.0,"max_hp_gain":0.0,"max_hp_loss":0.0,"gold_gain":75.0,"event_name":"World of Goop","player_choice":"Gather Gold","floor":3.0,"gold_loss":0.0,"damage_taken":11.0},{"damage_healed":0.0,"max_hp_gain":0.0,"max_hp_loss":0.0,"gold_gain":50.0,"event_name":"FaceTrader","player_choice":"Touch","floor":5.0,"gold_loss":0.0,"damage_taken":6.0},{"damage_healed":0.0,"max_hp_gain":0.0,"max_hp_loss":0.0,"gold_gain":0.0,"event_name":"Dead Adventurer","player_choice":"Searched \u00272\u0027 times","floor":14.0,"gold_loss":0.0,"damage_taken":0.0,"relics_obtained":["Singing Bowl"]},{"damage_healed":0.0,"max_hp_gain":0.0,"max_hp_loss":0.0,"gold_gain":0.0,"event_name":"The Library","player_choice":"Read","floor":20.0,"gold_loss":0.0,"damage_taken":0.0,"cards_obtained":["Calculated Gamble"]},{"cards_removed":["Strike_G"],"damage_healed":0.0,"max_hp_gain":0.0,"max_hp_loss":0.0,"gold_gain":0.0,"event_name":"Bonfire Elementals","player_choice":"Offered Basic","floor":21.0,"gold_loss":0.0,"damage_taken":0.0},{"damage_healed":0.0,"max_hp_gain":0.0,"max_hp_loss":0.0,"gold_gain":0.0,"event_name":"Back to Basics","player_choice":"Simplicity","floor":30.0,"gold_loss":0.0,"damage_taken":0.0,"cards_upgraded":["Defend_G","Defend_G","Defend_G","Defend_G","Defend_G","Strike_G","Strike_G","Strike_G"]},{"damage_healed":0,"gold_gain":0,"player_choice":"Memory 3","damage_taken":10,"max_hp_gain":0,"max_hp_loss":0,"event_name":"SensoryStone","floor":36,"gold_loss":0},{"damage_healed":0,"gold_gain":0,"player_choice":"Fight","damage_taken":0,"max_hp_gain":0,"max_hp_loss":0,"event_name":"MindBloom","floor":38,"gold_loss":0},{"cards_removed":["Glass Knife"],"damage_healed":0,"gold_gain":0,"player_choice":"Removed Attack","damage_taken":0,"max_hp_gain":0,"max_hp_loss":0,"event_name":"Falling","floor":39,"gold_loss":0}],"is_beta":false,"boss_relics":[{"not_picked":["White Beast Statue","Coffee Dripper"],"picked":"Orrery"},{"not_picked":["Velvet Choker","Astrolabe"],"picked":"Fusion Hammer"}],"items_purged_floors":[12],"is_endless":false,"potions_floor_spawned":[8,11,14,16,18,22,37,38,45,46,48],"ascension_level":15}