{"gold_per_floor":[215,215,165,14,32,32,51,51,121,146,166,180,180,196,196,300,300,311,328,328,343,343,372,166,179,235,235,235,246,262,287,287,287],"floor_reached":33,"playtime":1774,"items_purged":["Strike_G","Strike_G"],"score":314,"play_id":"0261c70c-6c6c-40d3-a6e9-55793adb9400","local_time":"20190511230325","is_ascension_mode":false,"campfire_choices":[{"data":"Neutralize","floor":6,"key":"SMITH"},{"data":"Predator","floor":13,"key":"SMITH"},{"data":"Flying Knee","floor":15,"key":"SMITH"},{"data":"Catalyst","floor":28,"key":"SMITH"},{"data":"Footwork","floor":32,"key":"SMITH"}],"neow_cost":"NONE","seed_source_timestamp":66921917812358,"circlet_count":0,"master_deck":["Defend_G","Defend_G","Defend_G","Defend_G","Strike_G+1","Strike_G+1","Survivor","Neutralize+1","Flying Knee+1","Escape Plan","Blur","Dash+1","Footwork+1","Bouncing Flask","Predator+1","Die Die Die","Catalyst+1","Bouncing Flask","Neutralize+1","Deadly Poison","Catalyst+1","Backflip","Corpse Explosion"],"relics":["Ring of the Snake","Sundial","Dodecahedron","Sozu","Smiling Mask","Whetstone","Tiny Chest","The Specimen"],"potions_floor_usage":[10,33],"damage_taken":[{"damage":0,"enemies":"Cultist","floor":1,"turns":4},{"damage":0,"enemies":"2 Louse","floor":5,"turns":3},{"damage":0,"enemies":"Small Slimes","floor":7,"turns":3},{"damage":3,"enemies":"3 Sentries","floor":10,"turns":8},{"damage":0,"enemies":"Looter","floor":11,"turns":3},{"damage":0,"enemies":"Exordium Thugs","floor":12,"turns":4},{"damage":0,"enemies":"3 Louse","floor":14,"turns":3},{"damage":17,"enemies":"Slime Boss","floor":16,"turns":13},{"damage":6,"enemies":"Shell Parasite","floor":18,"turns":4},{"damage":0,"enemies":"Chosen","floor":19,"turns":3},{"damage":0,"enemies":"Snecko","floor":21,"turns":3},{"damage":15,"enemies":"Gremlin Leader","floor":23,"turns":6},{"damage":0,"enemies":"3 Cultists","floor":25,"turns":5},{"damage":4,"enemies":"Centurion and Healer","floor":29,"turns":6},{"damage":8,"enemies":"Snake Plant","floor":30,"turns":4},{"damage":2,"enemies":"Book of Stabbing","floor":31,"turns":3},{"damage":58,"enemies":"Champ","floor":33,"turns":8}],"seed_played":"7452057536666893003","potions_obtained":[{"floor":1,"key":"Energy Potion"},{"floor":5,"key":"Explosive Potion"},{"floor":10,"key":"FearPotion"}],"is_trial":false,"path_per_floor":["M","?","?","$","M","R","M","?","T","E","M","M","R","M","R","B",null,"M","M","?","M","$","E","$","M","T","?","R","M","M","E","R","B"],"character_chosen":"THE_SILENT","items_purchased":["Escape Plan","Whetstone"],"campfire_rested":0,"item_purchase_floors":[4,24],"current_hp_per_floor":[70,70,70,70,70,70,70,56,56,53,53,53,53,53,53,36,70,64,64,64,64,64,49,49,49,49,49,49,45,37,35,35,0],"gold":287,"neow_bonus":"HUNDRED_GOLD","is_prod":false,"is_daily":false,"chose_seed":false,"campfire_upgraded":5,"win_rate":0,"timestamp":1557630205,"path_taken":["M","?","?","$","M","R","M","?","T","E","M","M","R","M","R","BOSS","M","M","?","M","?","E","$","?","T","?","R","M","M","E","R","BOSS"],"build_version":"2019-01-23","purchased_purges":2,"victory":false,"max_hp_per_floor":[70,70,70,70,70,70,70,70,70,70,70,70,70,70,70,70,70,70,70,70,70,70,70,70,70,70,70,70,70,70,70,70,70],"card_choices":[{"not_picked":["Setup","Noxious Fumes"],"picked":"Flying Knee","floor":1},{"not_picked":["Choke","Dagger Throw"],"picked":"Blur","floor":5},{"not_picked":["Dagger Throw","Outmaneuver"],"picked":"Dash","floor":7},{"not_picked":["Backflip","After Image"],"picked":"Footwork","floor":10},{"not_picked":["Dagger Throw","Poisoned Stab"],"picked":"Bouncing Flask","floor":11},{"not_picked":["Riddle With Holes","Bane"],"picked":"Predator","floor":12},{"not_picked":["Bane","Expertise","Underhanded Strike"],"picked":"SKIP","floor":14},{"not_picked":["Storm of Steel","Wraith Form v2"],"picked":"Die Die Die","floor":16},{"not_picked":["Dodge and Roll+1","Outmaneuver+1"],"picked":"Catalyst+1","floor":18},{"not_picked":["Bane+1","Endless Agony+1"],"picked":"Bouncing Flask","floor":19},{"not_picked":["PiercingWail","Predator+1"],"picked":"Deadly Poison","floor":21},{"not_picked":["Flying Knee","Deadly Poison","Backflip"],"picked":"SKIP","floor":23},{"not_picked":["Distraction","Flying Knee","A Thousand Cuts"],"picked":"SKIP","floor":25},{"not_picked":["Slice","Prepared+1"],"picked":"Backflip","floor":29},{"not_picked":["Bouncing Flask","Cloak And Dagger+1","Underhanded Strike"],"picked":"SKIP","floor":30},{"not_picked":["Unload","Noxious Fumes+1"],"picked":"Corpse Explosion","floor":31}],"player_experience":885982,"relics_obtained":[{"floor":9,"key":"Sundial"},{"floor":10,"key":"Dodecahedron"},{"floor":23,"key":"Smiling Mask"},{"floor":26,"key":"Tiny Chest"},{"floor":31,"key":"The Specimen"}],"event_choices":[{"cards_removed":["Strike_G"],"damage_healed":0,"gold_gain":0,"player_choice":"Forget","damage_taken":0,"max_hp_gain":0,"max_hp_loss":0,"event_name":"Living Wall","floor":2,"gold_loss":0},{"cards_removed":["Defend_G"],"damage_healed":0,"gold_gain":0,"player_choice":"Card Removal","damage_taken":0,"max_hp_gain":0,"max_hp_loss":0,"event_name":"The Cleric","floor":3,"gold_loss":50},{"damage_healed":0,"gold_gain":0,"player_choice":"Entered Light","damage_taken":14,"max_hp_gain":0,"max_hp_loss":0,"event_name":"Shining Light","floor":8,"gold_loss":0,"cards_upgraded":["Strike_G","Strike_G"]},{"damage_healed":0,"gold_gain":0,"player_choice":"1 cards matched","damage_taken":0,"max_hp_gain":0,"max_hp_loss":0,"event_name":"Match and Keep!","floor":20,"gold_loss":0,"cards_obtained":["Neutralize"]},{"damage_healed":0,"gold_gain":0,"player_choice":"Read","damage_taken":0,"max_hp_gain":0,"max_hp_loss":0,"event_name":"The Library","floor":27,"gold_loss":0,"cards_obtained":["Catalyst"]}],"is_beta":false,"boss_relics":[{"not_picked":["Velvet Choker","Lizard Tail"],"picked":"Sozu"}],"items_purged_floors":[4,24],"is_endless":false,"potions_floor_spawned":[1,5,10,19,31],"killed_by":"Champ","ascension_level":0}