{"gold_per_floor":[111,111,125,139,151,151,176,176,230,256,256,256,256,270,270,270],"floor_reached":16,"playtime":1133,"items_purged":[],"score":110,"play_id":"67b6be23-b84e-476f-883e-ba27a1d758b0","local_time":"20181217185017","is_ascension_mode":false,"campfire_choices":[{"data":"Body Slam","floor":6,"key":"SMITH"},{"data":"Shockwave","floor":8,"key":"SMITH"},{"data":"Immolate","floor":12,"key":"SMITH"},{"data":"Body Slam","floor":15,"key":"SMITH"}],"neow_cost":"NONE","seed_source_timestamp":55714717898355,"circlet_count":0,"master_deck":["Strike_R","Strike_R","Strike_R","Strike_R","Defend_R","Defend_R","Defend_R","Defend_R","Bash","Body Slam+1","Shockwave+1","Shrug It Off","Thunderclap","Cleave","Immolate+1","Regret","Body Slam+1"],"relics":["Burning Blood","Strawberry","Bottled Lightning","Boot","Pen Nib","Mercury Hourglass","Frozen Egg 2"],"potions_floor_usage":[16,16],"damage_taken":[{"damage":12,"enemies":"Small Slimes","floor":1,"turns":4},{"damage":1,"enemies":"Cultist","floor":3,"turns":3},{"damage":0,"enemies":"2 Louse","floor":4,"turns":5},{"damage":0,"enemies":"Blue Slaver","floor":5,"turns":6},{"damage":24,"enemies":"3 Sentries","floor":7,"turns":9},{"damage":32,"enemies":"Gremlin Nob","floor":10,"turns":5},{"damage":9,"enemies":"Exordium Wildlife","floor":14,"turns":2},{"damage":46,"enemies":"The Guardian","floor":16,"turns":8}],"seed_played":"6668130277373683807","potions_obtained":[{"floor":1,"key":"GamblersBrew"},{"floor":3,"key":"Ancient Potion"},{"floor":14,"key":"PowerPotion"}],"is_trial":false,"path_per_floor":["M","?","M","M","M","R","E","R","T","E","?","R","T","M","R","B"],"character_chosen":"IRONCLAD","items_purchased":[],"campfire_rested":0,"item_purchase_floors":[],"current_hp_per_floor":[81,81,86,87,87,87,69,69,69,43,43,43,43,40,40,0],"gold":270,"neow_bonus":"RANDOM_COMMON_RELIC","is_prod":false,"is_daily":false,"chose_seed":false,"campfire_upgraded":4,"win_rate":0,"timestamp":1545090617,"path_taken":["M","?","?","M","M","R","E","R","T","E","?","R","?","M","R","BOSS"],"build_version":"2018-12-13","purchased_purges":0,"victory":false,"max_hp_per_floor":[87,87,87,87,87,87,87,87,87,87,87,87,87,87,87,87],"card_choices":[{"not_picked":["Dual Wield","Clothesline"],"picked":"Body Slam","floor":1},{"not_picked":["True Grit","Perfected Strike"],"picked":"Shrug It Off","floor":3},{"not_picked":["Fire Breathing","Shockwave","Bludgeon"],"picked":"SKIP","floor":4},{"not_picked":["Dual Wield","Heavy Blade"],"picked":"Thunderclap","floor":5},{"not_picked":["Clash","Demon Form"],"picked":"Cleave","floor":7},{"not_picked":["Armaments","Thunderclap"],"picked":"Immolate","floor":10},{"not_picked":["Clothesline","Shrug It Off"],"picked":"Body Slam","floor":14}],"player_experience":600796,"relics_obtained":[{"floor":7,"key":"Bottled Lightning"},{"floor":9,"key":"Boot"},{"floor":10,"key":"Pen Nib"},{"floor":13,"key":"Frozen Egg 2"}],"event_choices":[{"damage_healed":0,"gold_gain":0,"cards_transformed":["Strike_R"],"player_choice":"Transformed","damage_taken":0,"max_hp_gain":0,"max_hp_loss":0,"event_name":"Transmorgrifier","floor":2,"gold_loss":0,"cards_obtained":["Shockwave"]},{"damage_healed":0,"gold_gain":0,"player_choice":"Box","damage_taken":0,"relics_obtained":["Mercury Hourglass"],"max_hp_gain":0,"max_hp_loss":0,"event_name":"Big Fish","floor":11,"gold_loss":0,"cards_obtained":["Regret"]}],"is_beta":false,"boss_relics":[],"items_purged_floors":[],"is_endless":false,"potions_floor_spawned":[1,3,14],"killed_by":"The Guardian","ascension_level":0}