{"gold_per_floor":[114,114,114,127,147,191,191,229,276,276,290,290,290,290,290,386,386,400,425,425,425,475,475,1195,1211,1262,1290,1305,592,592,617,617,694,694,704,704,82,101,101,131,131,62,62,62,62,78,78,89,89,89,89,89,13,39,39],"floor_reached":56,"playtime":3737,"items_purged":["Bite","Bouncing Flask"],"score":1848,"play_id":"cda40f6e-b9c1-4449-9be8-3021644f60fd","local_time":"20190707144557","is_ascension_mode":true,"campfire_choices":[{"floor":7.0,"key":"REST"},{"data":"Crippling Poison","floor":10.0,"key":"SMITH"},{"data":"Glass Knife","floor":12.0,"key":"SMITH"},{"floor":15.0,"key":"REST"},{"data":"Corpse Explosion","floor":23.0,"key":"SMITH"},{"data":"Wraith Form v2","floor":30.0,"key":"SMITH"},{"data":"Skewer","floor":32.0,"key":"SMITH"},{"data":"Malaise","floor":41.0,"key":"SMITH"},{"data":"Well Laid Plans","floor":45.0,"key":"SMITH"},{"data":"Night Terror","floor":47.0,"key":"SMITH"},{"floor":49.0,"key":"RECALL"},{"data":"Caltrops","floor":52.0,"key":"SMITH"}],"neow_cost":"NONE","seed_source_timestamp":0,"circlet_count":0,"master_deck":["AscendersBane","Defend_G+1","Defend_G+1","Defend_G","Defend_G","Defend_G","Survivor","Neutralize+1","Skewer+1","Backflip","Crippling Poison+1","Deflect","Glass Knife+1","Backflip","Corpse Explosion+1","Dash","Bite","Bite","Bite","Bouncing Flask+1","Wraith Form v2+1","Dodge and Roll","Malaise+1","PiercingWail","Adrenaline","Backflip","Caltrops+1","Panacea","Night Terror+1","Blur+1","Well Laid Plans+1","Blur+1","Noxious Fumes","Caltrops+1"],"special_seed":0,"relics":["Ring of the Snake","Bloody Idol","Pear","Dream Catcher","Juzu Bracelet","Girya","Velvet Choker","Ancient Tea Set","ClockworkSouvenir","Bird Faced Urn","Snake Skull","Pen Nib","Orrery","Art of War","Dead Branch","Potion Belt","Kunai","Gremlin Horn"],"potions_floor_usage":[55,55,55],"damage_taken":[{"damage":2.0,"enemies":"Jaw Worm","floor":1.0,"turns":4.0},{"damage":0.0,"enemies":"Small Slimes","floor":4.0,"turns":3.0},{"damage":0.0,"enemies":"Cultist","floor":5.0,"turns":4.0},{"damage":26.0,"enemies":"3 Sentries","floor":6.0,"turns":10.0},{"damage":12.0,"enemies":"Lagavulin","floor":8.0,"turns":11.0},{"damage":11.0,"enemies":"Large Slime","floor":11.0,"turns":14.0},{"damage":19.0,"enemies":"The Guardian","floor":16.0,"turns":11.0},{"damage":4.0,"enemies":"Spheric Guardian","floor":18.0,"turns":4.0},{"damage":0.0,"enemies":"Shell Parasite","floor":19.0,"turns":5.0},{"damage":17.0,"enemies":"Shelled Parasite and Fungi","floor":25.0,"turns":10.0},{"damage":44.0,"enemies":"Slavers","floor":27.0,"turns":3.0},{"damage":0.0,"enemies":"Cultist and Chosen","floor":28.0,"turns":4.0},{"damage":41.0,"enemies":"Champ","floor":33.0,"turns":12.0},{"damage":0.0,"enemies":"3 Darklings","floor":35.0,"turns":2.0},{"damage":9.0,"enemies":"Orb Walker","floor":38.0,"turns":3.0},{"damage":29.0,"enemies":"Nemesis","floor":40.0,"turns":9.0},{"damage":0.0,"enemies":"Jaw Worm Horde","floor":46.0,"turns":6.0},{"damage":0.0,"enemies":"Maw","floor":48.0,"turns":7.0},{"damage":24.0,"enemies":"Time Eater","floor":50.0,"turns":19.0},{"damage":23.0,"enemies":"Shield and Spear","floor":54.0,"turns":8.0},{"damage":46,"enemies":"The Heart","floor":55,"turns":8}],"seed_played":"5800418063928636982","potions_obtained":[{"floor":1.0,"key":"PowerPotion"},{"floor":6.0,"key":"Explosive Potion"},{"floor":11.0,"key":"SteroidPotion"},{"floor":18.0,"key":"LiquidBronze"},{"floor":19.0,"key":"PowerPotion"},{"floor":28.0,"key":"EssenceOfSteel"},{"floor":40.0,"key":"Fire Potion"},{"floor":46.0,"key":"Poison Potion"},{"floor":54.0,"key":"EssenceOfSteel"}],"is_trial":false,"path_per_floor":["M","?","?","M","M","E","R","E","T","R","M","R","T","?","R","B",null,"M","M","?","?","?","R","?","M","T","E","M","$","R","T","R","B",null,"M","?","$","M","?","E","R","$","T","?","R","M","R","M","R","B",null,"R","$","E","B",null],"character_chosen":"THE_SILENT","items_purchased":["ClockworkSouvenir","Bird Faced Urn","Snake Skull","Art of War","Dead Branch","Night Terror","Well Laid Plans","Noxious Fumes"],"campfire_rested":2,"item_purchase_floors":[29,29,29,37,37,37,42,53],"current_hp_per_floor":[57,57,39,39,39,23,44,32,32,32,21,21,21,14,35,16,57,53,53,53,49,49,49,35,49,49,14,27,27,27,32,32,16,41,46,36,36,34,34,24,24,24,24,24,24,43,43,49,49,41,47,47,47,45,15],"gold":39,"neow_bonus":"UPGRADE_CARD","is_prod":false,"is_daily":false,"chose_seed":false,"campfire_upgraded":9,"win_rate":0,"timestamp":1562503557,"path_taken":["M","?","?","M","M","E","R","E","T","R","M","R","?","?","R","BOSS","M","M","?","?","?","R","?","M","T","E","M","?","R","?","R","BOSS","M","?","$","M","?","E","R","?","T","?","R","M","R","M","R","BOSS","R","$","E","BOSS"],"build_version":"2019-07-05","purchased_purges":2,"victory":true,"max_hp_per_floor":[66,60,60,60,60,70,70,70,70,70,70,70,70,70,70,70,70,70,70,70,49,49,49,49,49,49,49,49,49,49,49,49,49,49,49,49,49,49,49,49,49,49,49,49,49,49,49,49,49,49,49,49,49,49,49],"card_choices":[{"not_picked":["Eviscerate","Flying Knee"],"picked":"Skewer","floor":1.0},{"not_picked":["Cloak And Dagger","Catalyst"],"picked":"Backflip","floor":4.0},{"not_picked":["Heel Hook","All Out Attack"],"picked":"Crippling Poison","floor":5.0},{"not_picked":["Dagger Spray","Poisoned Stab"],"picked":"Deflect","floor":6.0},{"not_picked":["Setup","Cloak And Dagger"],"picked":"Bouncing Flask","floor":8.0},{"not_picked":["Poisoned Stab","Cloak And Dagger"],"picked":"Glass Knife","floor":11.0},{"not_picked":["Cloak And Dagger","Masterful Stab"],"picked":"Backflip","floor":15.0},{"not_picked":["Envenom","A Thousand Cuts"],"picked":"Corpse Explosion","floor":16.0},{"not_picked":["Infinite Blades+1","Quick Slash"],"picked":"Dash","floor":18.0},{"not_picked":["Outmaneuver","Underhanded Strike","Bane"],"picked":"SKIP","floor":19.0},{"not_picked":["Sucker Punch","All Out Attack+1"],"picked":"Bouncing Flask+1","floor":25.0},{"not_picked":["Underhanded Strike","Heel Hook"],"picked":"Wraith Form v2","floor":27.0},{"not_picked":["Predator","Outmaneuver"],"picked":"Dodge and Roll","floor":28.0},{"not_picked":["Glass Knife","Adrenaline"],"picked":"Malaise","floor":33.0},{"not_picked":["Sucker Punch","Acrobatics"],"picked":"PiercingWail","floor":34.0},{"not_picked":["Escape Plan","Bane"],"picked":"Adrenaline","floor":34.0},{"not_picked":["Deadly Poison","Flying Knee"],"picked":"Backflip","floor":34.0},{"not_picked":["Flying Knee","Sucker Punch"],"picked":"Caltrops","floor":35.0},{"not_picked":["Forethought","Chrysalis"],"picked":"Panacea","floor":36.0},{"not_picked":["Flechettes","Prepared"],"picked":"Blur+1","floor":38.0},{"not_picked":["Outmaneuver","Quick Slash","Prepared"],"picked":"SKIP","floor":40.0},{"not_picked":["Backflip","Bane+1"],"picked":"Blur+1","floor":46.0},{"not_picked":["Bane","Tactician","Cloak And Dagger"],"picked":"SKIP","floor":48.0},{"not_picked":["Acrobatics","Blade Dance+1"],"picked":"Caltrops+1","floor":54.0}],"player_experience":629916,"relics_obtained":[{"floor":6.0,"key":"Pear"},{"floor":8.0,"key":"Dream Catcher"},{"floor":9.0,"key":"Juzu Bracelet"},{"floor":13.0,"key":"Girya"},{"floor":27.0,"key":"Ancient Tea Set"},{"floor":31.0,"key":"Pen Nib"},{"floor":40.0,"key":"Potion Belt"},{"floor":43.0,"key":"Kunai"},{"floor":54.0,"key":"Gremlin Horn"}],"event_choices":[{"damage_healed":0.0,"max_hp_gain":0.0,"max_hp_loss":6.0,"gold_gain":0.0,"event_name":"Golden Idol","player_choice":"Lose Max HP","floor":2.0,"gold_loss":0.0,"damage_taken":0.0,"relics_obtained":["Golden Idol"]},{"damage_healed":0.0,"max_hp_gain":0.0,"max_hp_loss":0.0,"gold_gain":0.0,"event_name":"Shining Light","player_choice":"Entered Light","floor":3.0,"gold_loss":0.0,"damage_taken":18.0,"cards_upgraded":["Defend_G","Defend_G"]},{"cards_removed":["Strike_G"],"damage_healed":0.0,"max_hp_gain":0.0,"max_hp_loss":0.0,"gold_gain":0.0,"event_name":"Golden Wing","player_choice":"Card Removal","floor":14.0,"gold_loss":0.0,"damage_taken":7.0},{"damage_healed":0.0,"max_hp_gain":0.0,"max_hp_loss":0.0,"gold_gain":0.0,"event_name":"Forgotten Altar","player_choice":"Gave Idol","floor":20.0,"relics_lost":["Golden Idol"],"gold_loss":0.0,"damage_taken":0.0,"relics_obtained":["Bloody Idol"]},{"damage_healed":0.0,"max_hp_gain":0.0,"max_hp_loss":21.0,"gold_gain":0.0,"event_name":"Vampires","player_choice":"Became a vampire","floor":21.0,"gold_loss":0.0,"damage_taken":0.0,"cards_obtained":["Bite","Bite","Bite","Bite","Bite"]},{"damage_healed":0.0,"max_hp_gain":0.0,"max_hp_loss":0.0,"gold_gain":50.0,"event_name":"Golden Shrine","player_choice":"Pray","floor":22.0,"gold_loss":0.0,"damage_taken":0.0},{"damage_healed":0.0,"max_hp_gain":0.0,"max_hp_loss":0.0,"gold_gain":720.0,"event_name":"Knowing Skull","player_choice":"GOLD GOLD GOLD GOLD GOLD GOLD GOLD GOLD ","floor":24.0,"potions_obtained":[],"gold_loss":0.0,"damage_taken":54.0,"cards_obtained":[]},{"damage_healed":0.0,"max_hp_gain":0.0,"max_hp_loss":0.0,"gold_gain":0.0,"event_name":"SensoryStone","player_choice":"Memory 3","floor":36.0,"gold_loss":0.0,"damage_taken":10.0},{"cards_removed":["Bite"],"damage_healed":0.0,"max_hp_gain":0.0,"max_hp_loss":0.0,"gold_gain":0.0,"event_name":"Falling","player_choice":"Removed Attack","floor":39.0,"gold_loss":0.0,"damage_taken":0.0},{"damage_healed":0.0,"max_hp_gain":0.0,"max_hp_loss":0.0,"gold_gain":0.0,"event_name":"Transmorgrifier","player_choice":"Ignored","floor":44.0,"gold_loss":0.0,"damage_taken":0.0}],"is_beta":false,"boss_relics":[{"not_picked":["WristBlade","Busted Crown"],"picked":"Velvet Choker"},{"not_picked":["Lizard Tail","Fusion Hammer"],"picked":"Orrery"}],"items_purged_floors":[29,37],"is_endless":false,"potions_floor_spawned":[1,6,11,18,19,25,28,40,46,54],"ascension_level":15}