{"gold_per_floor":[112,112,131,306,320,348,348,362,362,379,186,186,203,234,234,334,334,348,447,447,241,261,261,286,286,365,365,378,406,406,406,406,508,508,518,518,532,546,546,546,546],"floor_reached":41,"playtime":4152,"items_purged":["Doubt","Defend_B"],"score":673,"play_id":"ce30fb5a-8d1f-4304-b829-70d727e1548c","local_time":"20180909155115","is_ascension_mode":true,"campfire_choices":[{"floor":7,"key":"REST"},{"data":"Zap","floor":12,"key":"SMITH"},{"data":"Lockon","floor":15,"key":"SMITH"},{"floor":23,"key":"REST"},{"floor":25,"key":"REST"},{"floor":27,"key":"REST"},{"floor":32,"key":"REST"},{"floor":40,"key":"REST"}],"neow_cost":"NONE","seed_source_timestamp":243505178601122,"circlet_count":0,"master_deck":["Strike_B","Strike_B","Defend_B+1","Defend_B","Defend_B+1","Zap+1","Dualcast","Electrodynamics","BootSequence","Capacitor","Lockon+1","Auto Shields","Leap","Lockon","Ball Lightning","Hologram","Rebound","Thunder Strike","Discovery","Leap","Hologram+1","Barrage+1","Buffer","Darkness"],"special_seed":0,"relics":["Cracked Core","War Paint","Gremlin Horn","Dead Branch","Sozu","Bottled Lightning","Question Card","Blue Candle","Potion Belt","Lizard Tail"],"potions_floor_usage":[16,16,33],"damage_taken":[{"damage":4,"enemies":"Jaw Worm","floor":1,"turns":3},{"damage":1,"enemies":"Cultist","floor":3,"turns":3},{"damage":0,"enemies":"2 Louse","floor":5,"turns":2},{"damage":33,"enemies":"Lagavulin","floor":6,"turns":8},{"damage":1,"enemies":"Looter","floor":8,"turns":3},{"damage":0,"enemies":"3 Louse","floor":10,"turns":1},{"damage":0,"enemies":"Red Slaver","floor":13,"turns":3},{"damage":0,"enemies":"3 Sentries","floor":14,"turns":2},{"damage":25,"enemies":"Hexaghost","floor":16,"turns":9},{"damage":6,"enemies":"Shell Parasite","floor":18,"turns":4},{"damage":13,"enemies":"3 Byrds","floor":22,"turns":3},{"damage":38,"enemies":"Slavers","floor":24,"turns":4},{"damage":24,"enemies":"Cultist and Chosen","floor":28,"turns":7},{"damage":12,"enemies":"Gremlin Leader","floor":29,"turns":6},{"damage":2,"enemies":"Colosseum Slavers","floor":30,"turns":3},{"damage":49,"enemies":"Collector","floor":33,"turns":8},{"damage":2,"enemies":"3 Shapes","floor":35,"turns":4},{"damage":51,"enemies":"3 Darklings","floor":37,"turns":6},{"damage":33,"enemies":"Maw","floor":38,"turns":7},{"damage":48,"enemies":"Giant Head","floor":41,"turns":7}],"seed_played":"-1355727884135185706","potions_obtained":[{"floor":5,"key":"PowerPotion"},{"floor":10,"key":"Energy Potion"},{"floor":13,"key":"PowerPotion"},{"floor":16,"key":"Ancient Potion"}],"is_trial":false,"path_per_floor":["M","?","M","?","M","E","R","M","T","M","$","R","M","E","R","B",null,"M","?","?","$","M","R","E","R","T","R","M","E","?","?","R","B",null,"M","?","M","M","?","R"],"character_chosen":"DEFECT","items_purchased":["Lockon","Ball Lightning","Discovery"],"campfire_rested":6,"item_purchase_floors":[11,11,21],"current_hp_per_floor":[64,64,63,63,63,30,52,51,51,51,51,51,51,51,51,26,63,57,57,43,43,30,54,16,40,40,64,40,28,26,26,50,1,60,58,58,7,18,18,42,0],"gold":546,"neow_bonus":"ONE_RANDOM_RARE_CARD","is_prod":false,"is_daily":false,"chose_seed":false,"campfire_upgraded":2,"win_rate":0,"timestamp":1536522675,"path_taken":["M","?","M","?","?","E","R","M","T","M","$","R","M","E","R","BOSS","M","?","?","$","?","R","E","R","T","R","?","E","?","?","R","BOSS","M","?","M","M","?","R","E"],"build_version":"2018-09-06","purchased_purges":2,"victory":false,"max_hp_per_floor":[75,75,75,75,75,75,75,75,75,75,75,75,75,75,75,75,75,75,75,80,80,80,80,80,80,80,80,80,80,80,80,80,80,80,80,80,80,80,80,80,80],"card_choices":[{"not_picked":["Turbo","Barrage"],"picked":"BootSequence","floor":1},{"not_picked":["Stack","Ball Lightning"],"picked":"Capacitor","floor":3},{"not_picked":["Gash","Go for the Eyes"],"picked":"Lockon","floor":5},{"not_picked":["Coolheaded","Self Repair"],"picked":"Auto Shields","floor":6},{"not_picked":["Streamline","Heatsinks","Sweeping Beam"],"picked":"SKIP","floor":8},{"not_picked":["Glacier","Stack"],"picked":"Leap","floor":10},{"not_picked":["Electrodynamics","Redo"],"picked":"Hologram","floor":13},{"not_picked":["Streamline","Conserve Battery"],"picked":"Rebound","floor":14},{"not_picked":["Reboot","All For One"],"picked":"Thunder Strike","floor":16},{"not_picked":["Compile Driver+1","Coolheaded","Storm"],"picked":"SKIP","floor":18},{"not_picked":["Cold Snap+1","Go for the Eyes"],"picked":"Leap","floor":22},{"not_picked":["Beam Cell","Cold Snap"],"picked":"Hologram+1","floor":24},{"not_picked":["Creative AI","Storm","Rebound"],"picked":"Barrage+1","floor":28},{"not_picked":["Blizzard","Streamline","Gash","Capacitor+1"],"picked":"SKIP","floor":29},{"not_picked":["Multi-Cast","Rainbow","Biased Cognition"],"picked":"Buffer","floor":33},{"not_picked":["Glacier+1","Leap","Loop","Storm"],"picked":"SKIP","floor":35},{"not_picked":["Barrage","Glacier","Streamline+1"],"picked":"Darkness","floor":37},{"not_picked":["Cold Snap+1","Go for the Eyes","FTL","Chaos+1"],"picked":"SKIP","floor":38}],"player_experience":399449,"relics_obtained":[{"floor":6,"key":"War Paint"},{"floor":9,"key":"Gremlin Horn"},{"floor":14,"key":"Dead Branch"},{"floor":24,"key":"Bottled Lightning"},{"floor":26,"key":"Question Card"},{"floor":29,"key":"Blue Candle"}],"event_choices":[{"event_name":"Bonfire Elementals","player_choice":"BASIC","floor":2,"damage_taken":0},{"event_name":"Liars Game","player_choice":"agreed","floor":4,"damage_taken":0},{"event_name":"Nest","player_choice":"Stole From Cult","floor":19,"damage_taken":0},{"event_name":"Forgotten Altar","player_choice":"Shed Blood","floor":20,"damage_taken":0},{"event_name":"Colosseum","player_choice":"Fight","floor":30,"damage_taken":0},{"event_name":"Colosseum","player_choice":"Fled From Nobs","floor":30,"damage_taken":0},{"event_name":"The Mausoleum","player_choice":"Yes","floor":31,"damage_taken":0},{"event_name":"Falling","player_choice":"Removed Attack","floor":36,"damage_taken":0},{"event_name":"Mysterious Sphere","player_choice":"Ignore","floor":39,"damage_taken":0}],"is_beta":false,"boss_relics":[{"not_picked":["Runic Dome","Tiny House"],"picked":"Sozu"},{"not_picked":["Philosopher\u0027s Stone","Busted Crown"],"picked":"Lizard Tail"}],"items_purged_floors":[11,21],"is_endless":false,"potions_floor_spawned":[5,10,13,16,22,30,37,38],"killed_by":"Giant Head","ascension_level":9}