{"gold_per_floor":[17,36,55,55,72,72,103,103,157,157,332,332,347,21,21,118,118,100,100,112,123,137,137,47,47,47,47,47,74,74,74,74,179,179,198,198,163,174,174,174,274,274,274,304,50,50,0,0,0,0,0,0,0,27,27],"floor_reached":55,"playtime":3713,"items_purged":["Doubt"],"score":712,"play_id":"f09d7118-61f8-4aa0-9502-605df66f659b","local_time":"20181128204557","is_ascension_mode":false,"campfire_choices":[{"data":"Bouncing Flask","floor":6,"key":"SMITH"},{"data":"Tools of the Trade","floor":8,"key":"SMITH"},{"data":"Neutralize","floor":10,"key":"SMITH"},{"data":"Survivor","floor":15,"key":"SMITH"},{"data":"Sucker Punch","floor":23,"key":"SMITH"},{"data":"Flying Knee","floor":25,"key":"SMITH"},{"data":"Dagger Spray","floor":27,"key":"SMITH"},{"floor":32,"key":"RECALL"},{"data":"Blur","floor":40,"key":"SMITH"},{"data":"Defend_G","floor":42,"key":"SMITH"},{"floor":46,"key":"REST"},{"data":"Corpse Explosion","floor":49,"key":"SMITH"},{"data":"PiercingWail","floor":52,"key":"SMITH"}],"neow_cost":"NO_GOLD","seed_source_timestamp":3691370723465774,"circlet_count":0,"master_deck":["Defend_G","Defend_G","Defend_G+1","Defend_G","Defend_G+1","Strike_G","Strike_G","Strike_G","Survivor+1","Neutralize+1","Bouncing Flask+1","Sucker Punch+1","Poisoned Stab","PiercingWail+1","Tools of the Trade+1","Flying Knee+1","Corpse Explosion+1","Dodge and Roll+1","Dodge and Roll+1","Dagger Spray+1","Poisoned Stab+1","Underhanded Strike+1","Tactician","Die Die Die","Blur+1","Deflect+1","Predator+1","Writhe"],"relics":["Ring of the Snake","Question Card","Oddly Smooth Stone","Letter Opener","Black Star","Juzu Bracelet","Bronze Scales","Velvet Choker","Prayer Wheel","Pocketwatch","Vajra","Anchor","Potion Belt","Red Mask","Art of War","Orichalcum"],"potions_floor_usage":[16,21,29,33,54,55,55,55,55],"damage_taken":[{"damage":0,"enemies":"2 Louse","floor":1,"turns":3},{"damage":0,"enemies":"Small Slimes","floor":2,"turns":3},{"damage":1,"enemies":"Cultist","floor":3,"turns":4},{"damage":13,"enemies":"Lots of Slimes","floor":5,"turns":5},{"damage":13,"enemies":"Lagavulin","floor":7,"turns":6},{"damage":0,"enemies":"3 Louse","floor":13,"turns":3},{"damage":22,"enemies":"The Guardian","floor":16,"turns":9},{"damage":11,"enemies":"2 Thieves","floor":18,"turns":5},{"damage":0,"enemies":"Chosen","floor":20,"turns":5},{"damage":6,"enemies":"Snake Plant","floor":21,"turns":4},{"damage":5,"enemies":"Snecko","floor":22,"turns":5},{"damage":8,"enemies":"Slavers","floor":29,"turns":4},{"damage":34,"enemies":"Collector","floor":33,"turns":10},{"damage":12,"enemies":"3 Darklings","floor":35,"turns":2},{"damage":0,"enemies":"3 Shapes","floor":38,"turns":4},{"damage":0,"enemies":"Mind Bloom Boss Battle","floor":41,"turns":5},{"damage":43,"enemies":"Nemesis","floor":44,"turns":7},{"damage":67,"enemies":"Awakened One","floor":50,"turns":17},{"damage":36,"enemies":"Shield and Spear","floor":54,"turns":6},{"damage":67,"enemies":"The Heart","floor":55,"turns":5}],"seed_played":"2579726638815849963","potions_obtained":[{"floor":1,"key":"EssenceOfSteel"},{"floor":5,"key":"PowerPotion"},{"floor":7,"key":"SteroidPotion"},{"floor":16,"key":"Poison Potion"},{"floor":21,"key":"SteroidPotion"},{"floor":29,"key":"FearPotion"},{"floor":41,"key":"Ancient Potion"},{"floor":44,"key":"GhostInAJar"}],"is_trial":false,"path_per_floor":["M","M","M","?","M","R","E","R","T","R","?","?","M","$","R","B",null,"M","?","M","M","M","R","?","R","T","R","$","E","?","?","R","B",null,"M","?","$","M","$","R","?","R","T","E","$","R","?","?","R","B",null,"R","$","E","B"],"character_chosen":"THE_SILENT","items_purchased":["Letter Opener","Blur","Potion Belt","Strength Potion","Block Potion"],"campfire_rested":1,"item_purchase_floors":[14,37,45,45,45],"current_hp_per_floor":[84,84,83,76,63,63,50,50,50,50,50,42,42,42,42,20,84,73,73,73,67,62,62,62,62,62,62,62,54,54,54,54,20,84,72,72,72,72,72,72,72,72,72,29,29,54,54,75,75,8,84,84,84,48,0],"gold":27,"neow_bonus":"TWENTY_PERCENT_HP_BONUS","is_prod":false,"is_daily":false,"chose_seed":false,"campfire_upgraded":11,"win_rate":0,"timestamp":1543455957,"path_taken":["M","M","M","?","M","R","E","R","T","R","?","?","M","$","R","BOSS","M","?","?","M","M","R","?","R","T","R","$","E","?","?","R","BOSS","M","?","$","M","?","R","?","R","T","E","$","R","?","?","R","BOSS","R","$","E","BOSS"],"build_version":"2018-11-15","purchased_purges":1,"victory":false,"max_hp_per_floor":[84,84,84,84,84,84,84,84,84,84,84,84,84,84,84,84,84,84,84,84,84,84,84,84,84,84,84,84,84,84,84,84,84,84,84,84,84,84,84,84,84,84,84,84,84,84,84,84,84,84,84,84,84,84,84],"card_choices":[{"not_picked":["Reflex","Outmaneuver"],"picked":"Bouncing Flask","floor":1},{"not_picked":["Quick Slash","Blade Dance"],"picked":"Sucker Punch","floor":2},{"not_picked":["Sucker Punch","Dagger Throw"],"picked":"Poisoned Stab","floor":3},{"not_picked":["Escape Plan","Outmaneuver"],"picked":"PiercingWail","floor":5},{"not_picked":["Outmaneuver","Deadly Poison"],"picked":"Tools of the Trade","floor":7},{"not_picked":["Cloak And Dagger","Accuracy","Deadly Poison"],"picked":"Flying Knee","floor":13},{"not_picked":["Unload","Grand Finale","Envenom"],"picked":"Corpse Explosion","floor":16},{"not_picked":["Finisher","Dagger Spray","Deadly Poison"],"picked":"Dodge and Roll+1","floor":18},{"not_picked":["Leg Sweep","Choke","Prepared"],"picked":"Dagger Spray","floor":20},{"not_picked":["Flechettes","Dodge and Roll","Quick Slash"],"picked":"Poisoned Stab+1","floor":21},{"not_picked":["Dodge and Roll+1","Heel Hook","Quick Slash","Sucker Punch"],"picked":"SKIP","floor":22},{"not_picked":["Dagger Spray","Outmaneuver","Finisher"],"picked":"Underhanded Strike+1","floor":29},{"not_picked":["Doppelganger","Tools of the Trade","Venomology"],"picked":"Die Die Die","floor":33},{"not_picked":["Dodge and Roll+1","Slice","Flechettes","Cloak And Dagger"],"picked":"SKIP","floor":35},{"not_picked":["Concentrate","Leg Sweep+1","Slice","Quick Slash+1"],"picked":"SKIP","floor":38},{"not_picked":["Quick Slash","Infinite Blades+1","Bane"],"picked":"Deflect+1","floor":41},{"not_picked":["Deflect","Accuracy+1","Burst"],"picked":"Predator+1","floor":44},{"not_picked":["Poisoned Stab","Dagger Throw","Flying Knee+1","Quick Slash"],"picked":"SKIP","floor":54}],"player_experience":587682,"relics_obtained":[{"floor":7,"key":"Question Card"},{"floor":9,"key":"Oddly Smooth Stone"},{"floor":29,"key":"Juzu Bracelet"},{"floor":29,"key":"Bronze Scales"},{"floor":41,"key":"Prayer Wheel"},{"floor":43,"key":"Pocketwatch"},{"floor":44,"key":"Vajra"},{"floor":44,"key":"Anchor"},{"floor":54,"key":"Art of War"},{"floor":54,"key":"Orichalcum"}],"event_choices":[{"cards_removed":["Strike_G"],"damage_healed":0,"gold_gain":0,"player_choice":"Card Removal","damage_taken":7,"max_hp_gain":0,"max_hp_loss":0,"event_name":"Golden Wing","floor":4,"gold_loss":0},{"damage_healed":0,"gold_gain":175,"player_choice":"AGREE","damage_taken":0,"max_hp_gain":0,"max_hp_loss":0,"event_name":"Liars Game","floor":11,"gold_loss":0,"cards_obtained":["Doubt"]},{"damage_healed":0,"gold_gain":0,"player_choice":"Damaged","damage_taken":8,"max_hp_gain":0,"max_hp_loss":0,"event_name":"Wheel of Change","floor":12,"gold_loss":0},{"damage_healed":0,"gold_gain":0,"player_choice":"Copied","damage_taken":0,"max_hp_gain":0,"max_hp_loss":0,"event_name":"Duplicator","floor":19,"gold_loss":0,"cards_obtained":["Dodge and Roll"]},{"cards_removed":["Strike_G"],"damage_healed":0,"gold_gain":0,"player_choice":"Upgrade and Remove","damage_taken":0,"max_hp_gain":0,"max_hp_loss":0,"event_name":"Designer","floor":24,"gold_loss":90,"cards_upgraded":["Defend_G"]},{"damage_healed":0,"gold_gain":0,"player_choice":"Ignored","damage_taken":0,"max_hp_gain":0,"max_hp_loss":0,"event_name":"Ghosts","floor":30,"gold_loss":0},{"damage_healed":0,"gold_gain":0,"player_choice":"Read","damage_taken":0,"max_hp_gain":0,"max_hp_loss":0,"event_name":"The Library","floor":31,"gold_loss":0,"cards_obtained":["Tactician"]},{"damage_healed":0,"gold_gain":0,"player_choice":"Bought 0 Potions","damage_taken":0,"max_hp_gain":0,"max_hp_loss":0,"event_name":"The Woman in Blue","floor":36,"gold_loss":0},{"damage_healed":0,"gold_gain":0,"player_choice":"Fight","damage_taken":0,"max_hp_gain":0,"max_hp_loss":0,"event_name":"MindBloom","floor":41,"gold_loss":0},{"damage_healed":0,"gold_gain":0,"player_choice":"Paid","damage_taken":0,"relics_obtained":["Red Mask"],"max_hp_gain":0,"max_hp_loss":0,"event_name":"Tomb of Lord Red Mask","floor":47,"gold_loss":50},{"damage_healed":21,"gold_gain":0,"player_choice":"Writhe","damage_taken":0,"max_hp_gain":0,"max_hp_loss":0,"event_name":"Winding Halls","floor":48,"gold_loss":0,"cards_obtained":["Writhe"]}],"is_beta":false,"boss_relics":[{"not_picked":["Runic Dome","WristBlade"],"picked":"Black Star"},{"not_picked":["Astrolabe","Pandora\u0027s Box"],"picked":"Velvet Choker"}],"items_purged_floors":[14],"is_endless":false,"potions_floor_spawned":[1,5,7,16,21,29,41,44],"killed_by":"The Heart","ascension_level":0}