{"gold_per_floor":[13,32,32,32,48,48,79,4,4,4,4,20,35,63,63,135,135,146,173,173,173,189,189,209,209,259,72,91,104,139,154,154,154],"floor_reached":33,"playtime":2069,"items_purged":["Pain","Regret"],"score":512,"play_id":"7d2edb14-c5d9-44ad-bc94-78832f416db6","local_time":"20190627185521","is_ascension_mode":true,"campfire_choices":[{"data":"Armaments","floor":6.0,"key":"SMITH"},{"floor":10.0,"key":"REST"},{"data":"Juggernaut","floor":15.0,"key":"SMITH"},{"floor":23.0,"key":"REST"},{"floor":25.0,"key":"REST"},{"floor":32,"key":"REST"}],"neow_cost":"NO_GOLD","seed_source_timestamp":640234607327373,"circlet_count":0,"master_deck":["AscendersBane","Strike_R","Strike_R","Strike_R","Defend_R","Defend_R","Defend_R","Defend_R","Bash","Seeing Red","Armaments+1","Clothesline","Flex+1","Juggernaut+1","Pommel Strike","Power Through+1","Bludgeon","True Grit+1","Shrug It Off+1","Shrug It Off+1","Pain","Rupture","Double Tap+1","Shrug It Off+1"],"special_seed":0,"relics":["Burning Blood","WarpedTongs","Toxic Egg 2","Blue Candle","Sundial","Cursed Key","Red Mask","Orichalcum","Regal Pillow","Potion Belt"],"potions_floor_usage":[30,31,33],"damage_taken":[{"damage":7.0,"enemies":"Cultist","floor":1.0,"turns":5.0},{"damage":0.0,"enemies":"2 Louse","floor":2.0,"turns":3.0},{"damage":14.0,"enemies":"Jaw Worm","floor":5.0,"turns":5.0},{"damage":23.0,"enemies":"Gremlin Nob","floor":7.0,"turns":5.0},{"damage":12.0,"enemies":"Looter","floor":12.0,"turns":3.0},{"damage":0.0,"enemies":"3 Louse","floor":13.0,"turns":4.0},{"damage":23.0,"enemies":"3 Sentries","floor":14.0,"turns":9.0},{"damage":38.0,"enemies":"The Guardian","floor":16.0,"turns":10.0},{"damage":9.0,"enemies":"Chosen","floor":18.0,"turns":5.0},{"damage":28.0,"enemies":"Masked Bandits","floor":19.0,"turns":4.0},{"damage":12.0,"enemies":"3 Byrds","floor":22.0,"turns":6.0},{"damage":11.0,"enemies":"Centurion and Healer","floor":24.0,"turns":7.0},{"damage":26.0,"enemies":"Chosen and Byrds","floor":28.0,"turns":7.0},{"damage":11.0,"enemies":"Snecko","floor":29.0,"turns":6.0},{"damage":27,"enemies":"Gremlin Leader","floor":30,"turns":7},{"damage":3,"enemies":"Sentry and Sphere","floor":31,"turns":7},{"damage":60,"enemies":"Champ","floor":33,"turns":14}],"seed_played":"-4483868659616678039","potions_obtained":[{"floor":5.0,"key":"Swift Potion"},{"floor":13.0,"key":"FearPotion"},{"floor":22.0,"key":"Fire Potion"},{"floor":28.0,"key":"Block Potion"},{"floor":29.0,"key":"Explosive Potion"},{"floor":30,"key":"Weak Potion"}],"is_trial":false,"path_per_floor":["M","M","$","?","M","R","E","$","T","R","?","M","M","E","R","B",null,"M","?","?","T","M","R","M","R","T","$","M","M","E","M","R","B"],"character_chosen":"IRONCLAD","items_purchased":["Rupture"],"campfire_rested":4,"item_purchase_floors":[27],"current_hp_per_floor":[67,73,73,73,65,65,48,48,48,70,75,69,75,58,58,26,67,64,42,19,19,13,38,33,58,58,58,38,33,12,15,55,0],"gold":154,"neow_bonus":"REMOVE_TWO","is_prod":false,"is_daily":false,"chose_seed":false,"campfire_upgraded":2,"win_rate":0,"timestamp":1561676121,"path_taken":["M","M","$","?","M","R","E","?","T","R","?","M","?","E","R","BOSS","M","?","?","?","M","R","?","R","T","?","M","M","E","M","R","BOSS"],"build_version":"2019-01-23","purchased_purges":2,"victory":false,"max_hp_per_floor":[75,75,75,75,75,75,75,75,75,75,80,80,80,80,80,80,80,80,80,85,85,85,85,85,85,85,85,85,85,85,85,85,85],"card_choices":[{"not_picked":["Warcry","Havoc"],"picked":"Seeing Red","floor":1.0},{"not_picked":["Cleave","Clash"],"picked":"Armaments","floor":2.0},{"not_picked":["Pummel","Sever Soul"],"picked":"Clothesline","floor":5.0},{"not_picked":["Pommel Strike","Heavy Blade"],"picked":"Flex","floor":7.0},{"not_picked":["Thunderclap","Flex+1"],"picked":"Juggernaut","floor":12.0},{"not_picked":["Dropkick","Clothesline"],"picked":"Pommel Strike","floor":13.0},{"not_picked":["Havoc+1","Headbutt"],"picked":"Power Through+1","floor":14.0},{"not_picked":["Berserk","Brutality"],"picked":"Bludgeon","floor":16.0},{"not_picked":["Infernal Blade+1","Wild Strike","Cleave+1"],"picked":"SKIP","floor":18.0},{"not_picked":["Shockwave+1","Armaments+1"],"picked":"True Grit+1","floor":19.0},{"not_picked":["Bloodletting+1","True Grit+1"],"picked":"Shrug It Off+1","floor":22.0},{"not_picked":["Havoc+1","Thunderclap"],"picked":"Shrug It Off+1","floor":24.0},{"not_picked":["Warcry+1","Cleave"],"picked":"Double Tap+1","floor":28.0},{"not_picked":["Armaments+1","Wild Strike+1","Havoc+1"],"picked":"SKIP","floor":29.0},{"not_picked":["Havoc+1","Sever Soul","Heavy Blade+1"],"picked":"SKIP","floor":30},{"not_picked":["Pummel","Rupture"],"picked":"Shrug It Off+1","floor":31}],"player_experience":1064016,"relics_obtained":[{"floor":7.0,"key":"Toxic Egg 2"},{"floor":9.0,"key":"Blue Candle"},{"floor":14.0,"key":"Sundial"},{"floor":19.0,"key":"Red Mask"},{"floor":21.0,"key":"Orichalcum"},{"floor":26.0,"key":"Regal Pillow"},{"floor":30,"key":"Potion Belt"}],"event_choices":[{"damage_healed":0.0,"max_hp_gain":0.0,"max_hp_loss":0.0,"gold_gain":0.0,"event_name":"Accursed Blacksmith","player_choice":"Rummage","floor":4.0,"gold_loss":0.0,"damage_taken":0.0,"relics_obtained":["WarpedTongs"],"cards_obtained":["Pain"]},{"damage_healed":0.0,"max_hp_gain":5.0,"max_hp_loss":0.0,"gold_gain":0.0,"event_name":"Big Fish","player_choice":"Donut","floor":11.0,"gold_loss":0.0,"damage_taken":0.0},{"damage_healed":0.0,"max_hp_gain":0.0,"max_hp_loss":0.0,"gold_gain":0.0,"event_name":"Masked Bandits","player_choice":"Fought Bandits","floor":19.0,"gold_loss":0.0,"damage_taken":0.0},{"damage_healed":0.0,"max_hp_gain":5.0,"max_hp_loss":0.0,"gold_gain":0.0,"event_name":"Forgotten Altar","player_choice":"Shed Blood","floor":20.0,"gold_loss":0.0,"damage_taken":28.0}],"is_beta":false,"boss_relics":[{"not_picked":["Orrery","Eternal Feather"],"picked":"Cursed Key"}],"items_purged_floors":[8,27],"is_endless":false,"potions_floor_spawned":[5,13,14,22,28,29,30],"killed_by":"Champ","ascension_level":17}