{"gold_per_floor":[109,109,109,26,26,26,67,67,91,111,132,146,182,206,206,325,325,349,374,393,393,230,230,263,263,263,281,210,210,251,176,176,176],"floor_reached":33,"playtime":1314,"items_purged":["Strike_G"],"score":318,"play_id":"3f9c9b70-a033-4a55-b8e2-b6ecf0472b55","local_time":"20190506214731","is_ascension_mode":false,"campfire_choices":[{"data":"Blade Dance","floor":6.0,"key":"SMITH"},{"data":"Cloak And Dagger","floor":8.0,"key":"SMITH"},{"data":"Blade Dance","floor":15.0,"key":"SMITH"},{"data":"Terror","floor":23.0,"key":"SMITH"},{"data":"Accuracy","floor":25.0,"key":"SMITH"},{"floor":32,"key":"REST"}],"neow_cost":"NONE","seed_source_timestamp":2691990243032406,"circlet_count":0,"master_deck":["Defend_G","Defend_G","Defend_G","Defend_G","Defend_G","Strike_G","Strike_G","Strike_G","Strike_G","Survivor","Neutralize","Cloak And Dagger+1","Blade Dance+1","Escape Plan","Blur","Die Die Die","Backstab","Choke","Blur","Blade Dance+1","Storm of Steel","Deflect+1","Leg Sweep+1","Accuracy+1","Terror+1","Dagger Spray","Well Laid Plans","Dagger Spray+1","Accuracy","Acrobatics+1"],"special_seed":0,"relics":["Ring of the Snake","Golden Idol","Vajra","Darkstone Periapt","Centennial Puzzle","Bronze Scales","Philosopher\u0027s Stone","Happy Flower","Letter Opener","PreservedInsect"],"potions_floor_usage":[30,30],"damage_taken":[{"damage":0.0,"enemies":"Jaw Worm","floor":1.0,"turns":6.0},{"damage":19.0,"enemies":"Gremlin Nob","floor":7.0,"turns":4.0},{"damage":0.0,"enemies":"Cultist","floor":10.0,"turns":2.0},{"damage":0.0,"enemies":"2 Louse","floor":11.0,"turns":1.0},{"damage":0.0,"enemies":"2 Fungi Beasts","floor":12.0,"turns":1.0},{"damage":14.0,"enemies":"Lagavulin","floor":13.0,"turns":5.0},{"damage":0.0,"enemies":"Gremlin Gang","floor":14.0,"turns":3.0},{"damage":5.0,"enemies":"Slime Boss","floor":16.0,"turns":10.0},{"damage":4.0,"enemies":"2 Thieves","floor":18.0,"turns":3.0},{"damage":0.0,"enemies":"Chosen","floor":19.0,"turns":3.0},{"damage":19.0,"enemies":"Centurion and Healer","floor":20.0,"turns":4.0},{"damage":23.0,"enemies":"Book of Stabbing","floor":24.0,"turns":4.0},{"damage":8.0,"enemies":"Snake Plant","floor":27.0,"turns":3.0},{"damage":0,"enemies":"Colosseum Slavers","floor":29,"turns":3},{"damage":0,"enemies":"Gremlin Leader","floor":30,"turns":3},{"damage":46,"enemies":"Automaton","floor":33,"turns":6}],"seed_played":"2846511810837574554","potions_obtained":[{"floor":10.0,"key":"SpeedPotion"},{"floor":14.0,"key":"Strength Potion"},{"floor":18.0,"key":"Dexterity Potion"}],"is_trial":false,"path_per_floor":["M","?","?","$","$","R","E","R","T","M","M","M","E","M","R","B",null,"M","M","M","?","$","R","E","R","T","M","$","?","E","$","R","B"],"character_chosen":"THE_SILENT","items_purchased":["Blade Dance","Escape Plan","Accuracy","Terror","Dagger Spray","Accuracy"],"campfire_rested":1,"item_purchase_floors":[4,4,22,22,22,28],"current_hp_per_floor":[77,58,55,55,55,55,36,36,36,36,36,36,22,22,22,17,77,73,73,54,54,54,54,31,31,31,23,23,23,23,23,46,0],"gold":176,"neow_bonus":"TEN_PERCENT_HP_BONUS","is_prod":false,"is_daily":false,"chose_seed":false,"campfire_upgraded":5,"win_rate":0,"timestamp":1557193651,"path_taken":["M","?","?","?","$","R","E","R","T","M","M","?","E","M","R","BOSS","M","M","M","?","?","R","E","R","T","M","$","?","E","$","R","BOSS"],"build_version":"2019-01-23","purchased_purges":1,"victory":false,"max_hp_per_floor":[77,77,77,77,77,77,77,77,77,77,77,77,77,77,77,77,77,77,77,77,77,77,77,77,77,77,77,77,77,77,77,77,77],"card_choices":[{"not_picked":["Caltrops","Poisoned Stab"],"picked":"Cloak And Dagger","floor":1.0},{"not_picked":["Cloak And Dagger","Dodge and Roll"],"picked":"Blur","floor":7.0},{"not_picked":["Sucker Punch","Blur"],"picked":"Die Die Die","floor":10.0},{"not_picked":["Eviscerate","Prepared"],"picked":"Backstab","floor":11.0},{"not_picked":["Infinite Blades","Calculated Gamble"],"picked":"Choke","floor":12.0},{"not_picked":["Prepared","Heel Hook"],"picked":"Blur","floor":13.0},{"not_picked":["Eviscerate","Crippling Poison"],"picked":"Blade Dance","floor":14.0},{"not_picked":["Venomology","Unload"],"picked":"Storm of Steel","floor":16.0},{"not_picked":["Catalyst+1","Blade Dance","Quick Slash"],"picked":"SKIP","floor":18.0},{"not_picked":["Deadly Poison+1","Slice+1"],"picked":"Deflect+1","floor":19.0},{"not_picked":["Quick Slash","Dagger Throw+1"],"picked":"Leg Sweep","floor":20.0},{"not_picked":["Calculated Gamble","Backflip+1"],"picked":"Well Laid Plans","floor":24.0},{"not_picked":["Slice","Outmaneuver"],"picked":"Dagger Spray+1","floor":27.0},{"not_picked":["Prepared","Poisoned Stab"],"picked":"Acrobatics+1","floor":30}],"player_experience":852555,"relics_obtained":[{"floor":7.0,"key":"Darkstone Periapt"},{"floor":9.0,"key":"Centennial Puzzle"},{"floor":13.0,"key":"Bronze Scales"},{"floor":24.0,"key":"Happy Flower"},{"floor":26.0,"key":"Letter Opener"},{"floor":30,"key":"PreservedInsect"}],"event_choices":[{"damage_healed":0.0,"max_hp_gain":0.0,"max_hp_loss":0.0,"gold_gain":0.0,"event_name":"Golden Idol","player_choice":"Take Damage","floor":2.0,"gold_loss":0.0,"damage_taken":19.0,"relics_obtained":["Golden Idol"]},{"damage_healed":0.0,"max_hp_gain":0.0,"max_hp_loss":0.0,"gold_gain":0.0,"event_name":"Scrap Ooze","player_choice":"Success","floor":3.0,"gold_loss":0.0,"damage_taken":3.0,"relics_obtained":["Vajra"]},{"damage_healed":0.0,"max_hp_gain":0.0,"max_hp_loss":0.0,"gold_gain":0.0,"event_name":"Upgrade Shrine","player_choice":"Upgraded","floor":21.0,"gold_loss":0.0,"damage_taken":0.0,"cards_upgraded":["Leg Sweep"]},{"damage_healed":0,"gold_gain":0,"player_choice":"Fight","damage_taken":0,"max_hp_gain":0,"max_hp_loss":0,"event_name":"Colosseum","floor":29,"gold_loss":0},{"damage_healed":0,"gold_gain":0,"player_choice":"Fled From Nobs","damage_taken":0,"max_hp_gain":0,"max_hp_loss":0,"event_name":"Colosseum","floor":29,"gold_loss":0}],"is_beta":false,"boss_relics":[{"not_picked":["Empty Cage","Orrery"],"picked":"Philosopher\u0027s Stone"}],"items_purged_floors":[31],"is_endless":false,"potions_floor_spawned":[10,14,18,19,24],"killed_by":"Automaton","ascension_level":0}