{"gold_per_floor":[115,190,190,210,66,66,94,94,144,175,175,210,228,228,228,228],"floor_reached":16,"playtime":577,"items_purged":["Strike_G"],"score":191,"play_id":"c036410a-ddff-4f9f-b491-5c6f991c6d51","local_time":"20190604215232","is_ascension_mode":true,"campfire_choices":[{"data":"Neutralize","floor":6,"key":"SMITH"},{"floor":8,"key":"REST"},{"floor":11,"key":"REST"},{"data":"Dagger Spray","floor":15,"key":"SMITH"}],"neow_cost":"NONE","seed_source_timestamp":1280225600612879,"circlet_count":0,"master_deck":["AscendersBane","Defend_G","Defend_G","Defend_G","Defend_G","Defend_G","Strike_G","Strike_G","Strike_G","Survivor","Neutralize+1","Riddle With Holes","Flying Knee","Footwork","Wraith Form v2","Flying Knee","Backflip","Dagger Spray+1"],"special_seed":0,"relics":["Ring of the Snake","Darkstone Periapt","Smiling Mask","Juzu Bracelet","Meat on the Bone","Golden Idol"],"potions_floor_usage":[12,16],"damage_taken":[{"damage":1.0,"enemies":"Small Slimes","floor":1.0,"turns":4.0},{"damage":0.0,"enemies":"2 Louse","floor":4.0,"turns":4.0},{"damage":23,"enemies":"Gremlin Nob","floor":7,"turns":5},{"damage":28,"enemies":"Lagavulin","floor":10,"turns":13},{"damage":22,"enemies":"Gremlin Nob","floor":12,"turns":5},{"damage":0,"enemies":"Jaw Worm","floor":13,"turns":5},{"damage":38,"enemies":"Slime Boss","floor":16,"turns":6}],"seed_played":"-961710927155418810","potions_obtained":[{"floor":1.0,"key":"Ancient Potion"},{"floor":10,"key":"Weak Potion"},{"floor":12,"key":"Weak Potion"}],"is_trial":false,"path_per_floor":["M","?","?","M","$","R","E","R","T","E","R","E","M","?","R","B"],"character_chosen":"THE_SILENT","items_purchased":["Footwork"],"campfire_rested":2,"item_purchase_floors":[5],"current_hp_per_floor":[69,58,51,51,51,51,28,51,51,23,46,24,36,36,36,0],"gold":228,"neow_bonus":"TEN_PERCENT_HP_BONUS","is_prod":false,"is_daily":false,"chose_seed":false,"campfire_upgraded":2,"win_rate":0,"timestamp":1559699552,"path_taken":["M","?","?","M","$","R","E","R","T","E","R","E","M","?","R","BOSS"],"build_version":"2019-01-23","purchased_purges":1,"victory":false,"max_hp_per_floor":[77,77,77,77,77,77,77,77,77,77,77,77,77,71,71,71],"card_choices":[{"not_picked":["PiercingWail","Calculated Gamble"],"picked":"Riddle With Holes","floor":1.0},{"not_picked":["Dodge and Roll","Cloak And Dagger"],"picked":"Flying Knee","floor":4.0},{"not_picked":["Caltrops","Outmaneuver"],"picked":"Wraith Form v2","floor":7},{"not_picked":["Poisoned Stab","Dagger Throw"],"picked":"Flying Knee","floor":10},{"not_picked":["Venomology","Bouncing Flask"],"picked":"Backflip","floor":12},{"not_picked":["Poisoned Stab","Well Laid Plans"],"picked":"Dagger Spray","floor":13}],"player_experience":976138,"relics_obtained":[{"floor":7,"key":"Darkstone Periapt"},{"floor":9,"key":"Smiling Mask"},{"floor":10,"key":"Juzu Bracelet"},{"floor":12,"key":"Meat on the Bone"}],"event_choices":[{"damage_healed":0.0,"max_hp_gain":0.0,"max_hp_loss":0.0,"gold_gain":75.0,"event_name":"World of Goop","player_choice":"Gather Gold","floor":2.0,"gold_loss":0.0,"damage_taken":11.0},{"cards_removed":["Strike_G"],"damage_healed":0.0,"max_hp_gain":0.0,"max_hp_loss":0.0,"gold_gain":0.0,"event_name":"Golden Wing","player_choice":"Card Removal","floor":3.0,"gold_loss":0.0,"damage_taken":7.0},{"damage_healed":0,"gold_gain":0,"player_choice":"Lose Max HP","damage_taken":0,"relics_obtained":["Golden Idol"],"max_hp_gain":0,"max_hp_loss":6,"event_name":"Golden Idol","floor":14,"gold_loss":0}],"is_beta":false,"boss_relics":[],"items_purged_floors":[5],"is_endless":false,"potions_floor_spawned":[1,10,12],"killed_by":"Slime Boss","ascension_level":13}