{"gold_per_floor":[110,128,147,164,19,19,35,53,53,64,64,64,92,106,106,202,202,219,318,318,337,364,396,396,408,434,446,474,515,527],"floor_reached":30,"playtime":3041,"items_purged":[],"score":324,"play_id":"a5d52335-1782-41aa-8dfa-7005beb540c3","local_time":"20191004035914","is_ascension_mode":false,"campfire_choices":[{"data":"True Grit","floor":6,"key":"SMITH"},{"data":"Bloodletting","floor":11,"key":"SMITH"},{"data":"Metallicize","floor":15,"key":"SMITH"},{"data":"Seeing Red","floor":24,"key":"SMITH"},{"floor":27,"key":"REST"}],"neow_cost":"NONE","seed_source_timestamp":1867701512290600,"circlet_count":0,"master_deck":["Strike_R","Strike_R","Strike_R","Strike_R","Strike_R","Defend_R","Defend_R","Defend_R","Defend_R","Bash","Feed+1","True Grit+1","Pommel Strike","Metallicize+1","Pommel Strike","Pommel Strike","Finesse","Metallicize","Bloodletting+1","Metallicize","Clothesline","Flex","Brutality","Shockwave","Seeing Red+1","Feel No Pain","Feel No Pain+1","Twin Strike+1","Rage","Reckless Charge+1"],"relics":["Burning Blood","Question Card","Bottled Tornado","Mark of Pain","Red Mask","Letter Opener","MawBank","Molten Egg 2"],"potions_floor_usage":[13,16,16,29,29,30,30],"damage_taken":[{"damage":7,"enemies":"2 Louse","floor":1,"turns":3},{"damage":16,"enemies":"Jaw Worm","floor":2,"turns":6},{"damage":1,"enemies":"Cultist","floor":3,"turns":3},{"damage":13,"enemies":"3 Louse","floor":4,"turns":4},{"damage":10,"enemies":"Gremlin Gang","floor":7,"turns":6},{"damage":0,"enemies":"Exordium Thugs","floor":8,"turns":4},{"damage":8,"enemies":"Large Slime","floor":10,"turns":5},{"damage":13,"enemies":"Gremlin Nob","floor":13,"turns":4},{"damage":10,"enemies":"2 Fungi Beasts","floor":14,"turns":4},{"damage":29,"enemies":"Slime Boss","floor":16,"turns":11},{"damage":25,"enemies":"3 Byrds","floor":18,"turns":7},{"damage":10,"enemies":"Shell Parasite","floor":21,"turns":6},{"damage":33,"enemies":"Masked Bandits","floor":22,"turns":6},{"damage":26,"enemies":"Book of Stabbing","floor":23,"turns":8},{"damage":12,"enemies":"Shelled Parasite and Fungi","floor":25,"turns":7},{"damage":10,"enemies":"Centurion and Healer","floor":28,"turns":8},{"damage":61,"enemies":"Gremlin Leader","floor":29,"turns":9},{"damage":26,"enemies":"Snecko","floor":30,"turns":4}],"seed_played":"5427731232573899768","potions_obtained":[{"floor":3,"key":"Swift Potion"},{"floor":7,"key":"Swift Potion"},{"floor":8,"key":"SkillPotion"},{"floor":10,"key":"BloodPotion"},{"floor":21,"key":"FearPotion"},{"floor":25,"key":"Energy Potion"},{"floor":28,"key":"Explosive Potion"},{"floor":29,"key":"Poison Potion"}],"is_trial":false,"path_per_floor":["M","M","M","M","$","R","M","M","T","M","R","?","E","M","R","B",null,"M","?","?","M","?","E","R","M","T","R","M","E","M"],"character_chosen":"IRONCLAD","items_purchased":["Pommel Strike","Finesse"],"campfire_rested":1,"item_purchase_floors":[5,5],"current_hp_per_floor":[82,75,83,79,79,79,78,87,87,85,85,73,90,89,89,66,101,85,85,85,85,62,42,42,40,40,74,74,19,0],"gold":527,"neow_bonus":"ONE_RANDOM_RARE_CARD","is_prod":false,"is_daily":false,"chose_seed":false,"campfire_upgraded":4,"win_rate":0.0,"timestamp":1570175954,"path_taken":["M","M","M","M","$","R","M","M","T","M","R","?","E","M","R","BOSS","M","?","?","?","?","E","R","M","T","R","M","E","M"],"build_version":"2019-07-17","purchased_purges":0,"victory":false,"max_hp_per_floor":[83,86,89,92,92,92,95,98,98,98,98,98,98,101,101,101,101,104,104,104,108,112,112,112,116,116,116,120,120,120],"card_choices":[{"not_picked":["Iron Wave","Seeing Red"],"picked":"True Grit","floor":1},{"not_picked":["Thunderclap","Entrench"],"picked":"Pommel Strike","floor":2},{"not_picked":["Rampage","Corruption"],"picked":"Metallicize","floor":3},{"not_picked":["Burning Pact","Flex"],"picked":"Pommel Strike","floor":4},{"not_picked":["Pommel Strike","Heavy Blade"],"picked":"Metallicize","floor":7},{"not_picked":["Searing Blow","Clothesline"],"picked":"Bloodletting","floor":8},{"not_picked":["Iron Wave","Disarm","Bloodletting"],"picked":"Metallicize","floor":10},{"not_picked":["Sword Boomerang","Uppercut","Bloodletting"],"picked":"Clothesline","floor":13},{"not_picked":["Offering","Clash","Armaments"],"picked":"Flex","floor":14},{"not_picked":["Impervious","Fiend Fire","Feed"],"picked":"Brutality","floor":16},{"not_picked":["Clash+1","Heavy Blade","Clothesline+1"],"picked":"Shockwave","floor":18},{"not_picked":["Anger","Shrug It Off","Power Through"],"picked":"Seeing Red","floor":21},{"not_picked":["Shrug It Off+1","Sword Boomerang","Ghostly Armor+1"],"picked":"Feel No Pain","floor":22},{"not_picked":["Ghostly Armor+1","Clash+1","Cleave"],"picked":"Feel No Pain+1","floor":23},{"not_picked":["Flex","Warcry","Sever Soul"],"picked":"Twin Strike+1","floor":25},{"not_picked":["Twin Strike","Uppercut+1","Flex"],"picked":"Rage","floor":28},{"not_picked":["Seeing Red","Disarm","Rampage"],"picked":"Reckless Charge","floor":29}],"player_experience":17639,"relics_obtained":[{"floor":9,"key":"Question Card"},{"floor":13,"key":"Bottled Tornado"},{"floor":22,"key":"Red Mask"},{"floor":23,"key":"Letter Opener"},{"floor":26,"key":"MawBank"},{"floor":29,"key":"Molten Egg 2"}],"event_choices":[{"damage_healed":0,"gold_gain":0,"player_choice":"Fled","damage_taken":12,"max_hp_gain":0,"max_hp_loss":0,"event_name":"Scrap Ooze","floor":12,"gold_loss":0},{"damage_healed":0,"gold_gain":99,"player_choice":"Stole From Cult","damage_taken":0,"max_hp_gain":0,"max_hp_loss":0,"event_name":"Nest","floor":19,"gold_loss":0},{"damage_healed":0,"gold_gain":0,"player_choice":"Upgraded","damage_taken":0,"max_hp_gain":0,"max_hp_loss":0,"event_name":"Upgrade Shrine","floor":20,"gold_loss":0,"cards_upgraded":["Feed"]},{"damage_healed":0,"gold_gain":0,"player_choice":"Fought Bandits","damage_taken":0,"max_hp_gain":0,"max_hp_loss":0,"event_name":"Masked Bandits","floor":22,"gold_loss":0}],"is_beta":false,"boss_relics":[{"not_picked":["Ectoplasm","Eternal Feather"],"picked":"Mark of Pain"}],"items_purged_floors":[],"is_endless":false,"potions_floor_spawned":[3,7,8,10,21,25,28,29],"killed_by":"Snecko","ascension_level":0}