{"gold_per_floor":[118,130,51,68,68,68,98,111,168,181,191,204,239,189,189,290,290,307,326,32,42,42,61,61,74,74,74,74],"floor_reached":28,"playtime":2148,"items_purged":[],"score":234,"play_id":"436cca51-97be-41ba-a44c-43736ab3e241","local_time":"20191004210148","is_ascension_mode":false,"campfire_choices":[{"data":"Bash","floor":6,"key":"SMITH"},{"data":"Bludgeon","floor":15,"key":"SMITH"},{"data":"Demon Form","floor":24,"key":"SMITH"},{"data":"True Grit","floor":27,"key":"SMITH"}],"neow_cost":"NONE","seed_source_timestamp":1794154576150121,"circlet_count":0,"master_deck":["Strike_R","Strike_R","Strike_R","Defend_R","Defend_R","Defend_R","Defend_R","Bash+1","Shrug It Off","Metallicize","Rampage","Disarm","Whirlwind","True Grit+1","Reaper","Bludgeon+1","Demon Form+1","Ghostly Armor+1","Battle Trance","Flex+1"],"relics":["Burning Blood","Bag of Marbles","Tiny Chest","Boot","Black Star","Incense Burner","Molten Egg 2"],"potions_floor_usage":[28],"damage_taken":[{"damage":0,"enemies":"Small Slimes","floor":1,"turns":4},{"damage":1,"enemies":"2 Louse","floor":2,"turns":4},{"damage":2,"enemies":"Cultist","floor":4,"turns":5},{"damage":25,"enemies":"3 Sentries","floor":7,"turns":11},{"damage":7,"enemies":"Large Slime","floor":8,"turns":8},{"damage":1,"enemies":"Exordium Wildlife","floor":10,"turns":3},{"damage":6,"enemies":"2 Fungi Beasts","floor":11,"turns":4},{"damage":17,"enemies":"Large Slime","floor":12,"turns":6},{"damage":26,"enemies":"Lagavulin","floor":13,"turns":8},{"damage":41,"enemies":"The Guardian","floor":16,"turns":13},{"damage":31,"enemies":"Shell Parasite","floor":18,"turns":8},{"damage":1,"enemies":"Chosen","floor":19,"turns":4},{"damage":15,"enemies":"Centurion and Healer","floor":21,"turns":7},{"damage":9,"enemies":"Snake Plant","floor":23,"turns":3},{"damage":41,"enemies":"3 Cultists","floor":25,"turns":7},{"damage":66,"enemies":"Gremlin Leader","floor":28,"turns":6}],"seed_played":"-3217927718730758547","potions_obtained":[{"floor":7,"key":"SkillPotion"},{"floor":10,"key":"FearPotion"},{"floor":11,"key":"Strength Potion"}],"is_trial":false,"path_per_floor":["M","M","$","M","?","R","E","M","T","M","M","M","E","?","R","B",null,"M","M","$","M","?","M","R","M","T","R","E"],"character_chosen":"IRONCLAD","items_purchased":["Rampage","Incense Burner"],"campfire_rested":0,"item_purchase_floors":[3,20],"current_hp_per_floor":[88,88,88,88,81,81,62,61,61,66,78,75,61,61,61,31,88,71,76,76,81,81,78,78,56,56,56,0],"gold":74,"neow_bonus":"TEN_PERCENT_HP_BONUS","is_prod":false,"is_daily":false,"chose_seed":false,"campfire_upgraded":4,"win_rate":0,"timestamp":1570237308,"path_taken":["M","M","$","M","?","R","E","M","T","M","M","M","E","?","R","BOSS","M","M","$","M","?","M","R","?","T","R","E"],"build_version":"2019-07-17","purchased_purges":0,"victory":false,"max_hp_per_floor":[88,88,88,88,88,88,88,88,88,88,88,88,88,88,88,88,88,88,88,88,88,88,88,88,88,88,88,88],"card_choices":[{"not_picked":["Armaments","Twin Strike"],"picked":"Shrug It Off","floor":1},{"not_picked":["Pommel Strike","Cleave"],"picked":"Metallicize","floor":2},{"not_picked":["Second Wind","Ghostly Armor"],"picked":"Disarm","floor":4},{"not_picked":["Intimidate","Twin Strike"],"picked":"Whirlwind","floor":7},{"not_picked":["Armaments","Cleave"],"picked":"True Grit","floor":8},{"not_picked":["True Grit","Heavy Blade"],"picked":"Reaper","floor":10},{"not_picked":["Cleave","Flex","Sentinel"],"picked":"SKIP","floor":11},{"not_picked":["Perfected Strike","Pommel Strike","Heavy Blade"],"picked":"SKIP","floor":12},{"not_picked":["Metallicize","Wild Strike"],"picked":"Bludgeon","floor":13},{"not_picked":["Exhume","Feed"],"picked":"Demon Form","floor":16},{"not_picked":["Clash","Disarm+1"],"picked":"Ghostly Armor+1","floor":18},{"not_picked":["Reckless Charge","Ghostly Armor","Rupture"],"picked":"SKIP","floor":19},{"not_picked":["Cleave","Pommel Strike","Flame Barrier"],"picked":"SKIP","floor":21},{"not_picked":["Clothesline+1","True Grit+1"],"picked":"Battle Trance","floor":23},{"not_picked":["Clothesline+1","Warcry"],"picked":"Flex+1","floor":25}],"player_experience":1335086,"relics_obtained":[{"floor":7,"key":"Bag of Marbles"},{"floor":9,"key":"Tiny Chest"},{"floor":13,"key":"Boot"},{"floor":26,"key":"Molten Egg 2"}],"event_choices":[{"cards_removed":["Strike_R"],"damage_healed":0,"gold_gain":0,"player_choice":"Card Removal","damage_taken":7,"max_hp_gain":0,"max_hp_loss":0,"event_name":"Golden Wing","floor":5,"gold_loss":0},{"cards_removed":["Strike_R"],"damage_healed":0,"gold_gain":0,"player_choice":"Card Removal","damage_taken":0,"max_hp_gain":0,"max_hp_loss":0,"event_name":"The Cleric","floor":14,"gold_loss":50},{"damage_healed":0,"gold_gain":0,"player_choice":"Got Potions","damage_taken":0,"max_hp_gain":0,"max_hp_loss":0,"event_name":"Lab","floor":22,"gold_loss":0}],"is_beta":false,"boss_relics":[{"not_picked":["Calling Bell","Empty Cage"],"picked":"Black Star"}],"items_purged_floors":[],"is_endless":false,"potions_floor_spawned":[7,10,11,18,19],"killed_by":"Gremlin Leader","ascension_level":0}