{"gold_per_floor":[114,114,124,138,148,148,182,182,228,243,255,305,368,399,399,504,504,517,241,241,260,280,280,311,311,311,311,322,322,336,83,83,184,184,201,201,213,225,239,239,266,141,141,194,210,210,210,210,210,210,210,210,138,170,170],"floor_reached":56,"playtime":2816,"items_purged":["Strike_R","Writhe","Strike_R"],"score":1232,"play_id":"008c7da6-3af1-48c0-99e4-16a74a9c589a","local_time":"20191007210436","is_ascension_mode":false,"campfire_choices":[{"data":"Uppercut","floor":6,"key":"SMITH"},{"data":"Combust","floor":8,"key":"SMITH"},{"data":"Demon Form","floor":15,"key":"SMITH"},{"data":"True Grit","floor":23,"key":"SMITH"},{"data":"Feel No Pain","floor":25,"key":"SMITH"},{"data":"Exhume","floor":29,"key":"SMITH"},{"data":"Shrug It Off","floor":32,"key":"SMITH"},{"data":"Shockwave","floor":40,"key":"SMITH"},{"floor":46,"key":"RECALL"},{"data":"Exhume","floor":49,"key":"SMITH"},{"data":"Sword Boomerang","floor":52,"key":"SMITH"}],"neow_cost":"NONE","seed_source_timestamp":105405277042800,"circlet_count":0,"master_deck":["Strike_R+1","Strike_R","Defend_R","Defend_R","Defend_R","Defend_R","Bash","Uppercut+1","Anger+1","Rampage","Combust+1","Shrug It Off+1","Shockwave+1","Feel No Pain+1","Demon Form+1","Reaper","Corruption+1","Sword Boomerang+1","True Grit+1","Exhume+1","Shrug It Off+1","Limit Break","True Grit+1","Inflame+1","Spot Weakness+1","Exhume+1","Exhume+1","Corruption+1"],"relics":["Burning Blood","Gremlin Horn","Lantern","Whetstone","Boot","Orichalcum","Cursed Key","Bag of Preparation","Blood Vial","Omamori","Torii","Bag of Marbles","Runic Pyramid","Frozen Egg 2","Thread and Needle","Pen Nib"],"potions_floor_usage":[],"damage_taken":[{"damage":3,"enemies":"2 Louse","floor":1,"turns":3},{"damage":1,"enemies":"Cultist","floor":3,"turns":3},{"damage":10,"enemies":"Small Slimes","floor":4,"turns":3},{"damage":19,"enemies":"Exordium Thugs","floor":5,"turns":5},{"damage":11,"enemies":"Lagavulin","floor":7,"turns":5},{"damage":2,"enemies":"2 Fungi Beasts","floor":10,"turns":2},{"damage":4,"enemies":"Large Slime","floor":11,"turns":4},{"damage":15,"enemies":"Lagavulin Event","floor":13,"turns":5},{"damage":14,"enemies":"Gremlin Nob","floor":14,"turns":4},{"damage":0,"enemies":"Slime Boss","floor":16,"turns":6},{"damage":7,"enemies":"Chosen","floor":18,"turns":4},{"damage":0,"enemies":"3 Byrds","floor":21,"turns":4},{"damage":18,"enemies":"Sentry and Sphere","floor":22,"turns":6},{"damage":21,"enemies":"Book of Stabbing","floor":24,"turns":6},{"damage":0,"enemies":"Snecko","floor":28,"turns":4},{"damage":14,"enemies":"3 Cultists","floor":30,"turns":5},{"damage":10,"enemies":"Automaton","floor":33,"turns":8},{"damage":0,"enemies":"3 Shapes","floor":35,"turns":3},{"damage":18,"enemies":"3 Darklings","floor":37,"turns":4},{"damage":0,"enemies":"4 Shapes","floor":38,"turns":4},{"damage":9,"enemies":"Sphere and 2 Shapes","floor":39,"turns":6},{"damage":1,"enemies":"Giant Head","floor":41,"turns":6},{"damage":16,"enemies":"2 Orb Walkers","floor":44,"turns":3},{"damage":9,"enemies":"Writhing Mass","floor":45,"turns":5},{"damage":30,"enemies":"Time Eater","floor":50,"turns":8},{"damage":10,"enemies":"Shield and Spear","floor":54,"turns":4},{"damage":75,"enemies":"The Heart","floor":55,"turns":7}],"seed_played":"5143546357775938609","potions_obtained":[{"floor":1,"key":"Explosive Potion"},{"floor":4,"key":"Strength Potion"},{"floor":5,"key":"Explosive Potion"},{"floor":13,"key":"Energy Potion"}],"is_trial":false,"path_per_floor":["M","?","M","M","M","R","E","R","T","M","M","T","?","E","R","B",null,"M","$","?","M","M","R","E","R","T","?","M","R","M","$","R","B",null,"M","?","M","M","M","R","E","$","T","?","M","R","?","?","R","B",null,"R","$","E","B",null],"character_chosen":"IRONCLAD","items_purchased":["Bag of Preparation","Sword Boomerang","Bag of Marbles","Corruption+1"],"campfire_rested":0,"item_purchase_floors":[19,19,31,53],"current_hp_per_floor":[80,80,80,76,63,63,58,58,58,62,64,64,55,47,47,53,80,80,80,80,80,80,80,80,80,80,80,80,80,80,80,80,76,80,80,80,80,80,80,80,80,80,80,80,80,80,80,80,80,80,80,80,80,80,80],"gold":170,"neow_bonus":"THREE_CARDS","is_prod":false,"is_daily":false,"chose_seed":false,"campfire_upgraded":10,"win_rate":0,"timestamp":1570496676,"path_taken":["M","?","M","M","M","R","E","R","T","M","?","?","?","E","R","BOSS","M","$","?","M","M","R","E","R","T","?","M","R","M","$","R","BOSS","M","?","?","M","M","R","E","$","T","?","M","R","?","?","R","BOSS","R","$","E","BOSS"],"build_version":"2019-07-17","purchased_purges":3,"victory":true,"max_hp_per_floor":[80,80,80,80,80,80,80,80,80,80,80,80,80,80,80,80,80,80,80,80,80,80,80,80,80,80,80,80,80,80,80,80,80,80,80,80,80,80,80,80,80,80,80,80,80,80,80,80,80,80,80,80,80,80,80],"card_choices":[{"not_picked":["Warcry","Pommel Strike"],"picked":"Uppercut","floor":0},{"not_picked":["Searing Blow","Pummel"],"picked":"Anger","floor":1},{"not_picked":["Feel No Pain","Flex"],"picked":"Rampage","floor":3},{"not_picked":["Armaments","Burning Pact"],"picked":"Combust","floor":4},{"not_picked":["Warcry","Bloodletting","Second Wind"],"picked":"SKIP","floor":5},{"not_picked":["Blood for Blood","Entrench"],"picked":"Shrug It Off","floor":7},{"not_picked":["Pommel Strike","Anger"],"picked":"Shockwave","floor":10},{"not_picked":["Intimidate","Twin Strike","Pummel"],"picked":"SKIP","floor":11},{"not_picked":["Infernal Blade","Burning Pact"],"picked":"Feel No Pain","floor":13},{"not_picked":["Sword Boomerang","Rampage"],"picked":"Demon Form","floor":14},{"not_picked":["Barricade","Exhume"],"picked":"Reaper","floor":16},{"not_picked":["Flex+1","Pommel Strike"],"picked":"Corruption+1","floor":18},{"not_picked":["Intimidate+1","Warcry","Perfected Strike"],"picked":"SKIP","floor":21},{"not_picked":["Fire Breathing","Heavy Blade"],"picked":"True Grit","floor":22},{"not_picked":["Metallicize","Searing Blow","Wild Strike"],"picked":"SKIP","floor":24},{"not_picked":["Body Slam","Thunderclap"],"picked":"Exhume","floor":28},{"not_picked":["Heavy Blade","Ghostly Armor+1"],"picked":"Shrug It Off+1","floor":30},{"not_picked":["Reaper","Exhume"],"picked":"Limit Break","floor":33},{"not_picked":["Whirlwind+1","Wild Strike+1"],"picked":"True Grit+1","floor":35},{"not_picked":["Sword Boomerang","Armaments","Shockwave"],"picked":"SKIP","floor":37},{"not_picked":["Flex","Dropkick"],"picked":"Inflame+1","floor":38},{"not_picked":["Clothesline+1","Blood for Blood"],"picked":"Spot Weakness+1","floor":39},{"not_picked":["Burning Pact+1","Wild Strike+1"],"picked":"Exhume","floor":41},{"not_picked":["Iron Wave","Heavy Blade+1","Metallicize+1"],"picked":"SKIP","floor":45},{"not_picked":["Dropkick","Entrench+1","Double Tap"],"picked":"SKIP","floor":54}],"player_experience":1344402,"relics_obtained":[{"floor":7,"key":"Gremlin Horn"},{"floor":9,"key":"Lantern"},{"floor":12,"key":"Whetstone"},{"floor":13,"key":"Boot"},{"floor":14,"key":"Orichalcum"},{"floor":24,"key":"Omamori"},{"floor":26,"key":"Torii"},{"floor":41,"key":"Frozen Egg 2"},{"floor":44,"key":"Thread and Needle"},{"floor":54,"key":"Pen Nib"}],"event_choices":[{"damage_healed":0,"gold_gain":0,"player_choice":"Bought 0 Potions","damage_taken":0,"max_hp_gain":0,"max_hp_loss":0,"event_name":"The Woman in Blue","floor":2,"gold_loss":0},{"damage_healed":0,"gold_gain":30,"player_choice":"Searched \u00273\u0027 times","damage_taken":0,"max_hp_gain":0,"max_hp_loss":0,"event_name":"Dead Adventurer","floor":13,"gold_loss":0},{"damage_healed":0,"gold_gain":0,"player_choice":"Opened","damage_taken":0,"relics_obtained":["Blood Vial"],"max_hp_gain":0,"max_hp_loss":0,"event_name":"The Mausoleum","floor":20,"gold_loss":0,"cards_obtained":["Writhe"]},{"damage_healed":0,"gold_gain":0,"player_choice":"Ignored","damage_taken":0,"max_hp_gain":0,"max_hp_loss":0,"event_name":"Ghosts","floor":27,"gold_loss":0},{"damage_healed":0,"gold_gain":0,"player_choice":"Full Heal","damage_taken":0,"max_hp_gain":0,"max_hp_loss":0,"event_name":"Wheel of Change","floor":36,"gold_loss":0},{"damage_healed":0,"gold_gain":0,"player_choice":"Fight","damage_taken":0,"max_hp_gain":0,"max_hp_loss":0,"event_name":"Mysterious Sphere","floor":44,"gold_loss":0},{"cards_removed":["Strike_R"],"damage_healed":0,"gold_gain":0,"player_choice":"Removed Attack","damage_taken":0,"max_hp_gain":0,"max_hp_loss":0,"event_name":"Falling","floor":47,"gold_loss":0},{"damage_healed":0,"gold_gain":0,"player_choice":"Copied","damage_taken":0,"max_hp_gain":0,"max_hp_loss":0,"event_name":"Duplicator","floor":48,"gold_loss":0,"cards_obtained":["Exhume"]}],"is_beta":false,"boss_relics":[{"not_picked":["Busted Crown","Calling Bell"],"picked":"Cursed Key"},{"not_picked":["Snecko Eye","Coffee Dripper"],"picked":"Runic Pyramid"}],"items_purged_floors":[19,31,42],"is_endless":false,"potions_floor_spawned":[1,4,5,13,16,21,22,24,33,35,41,45,54],"ascension_level":0}