{"gold_per_floor":[116,116,132,144,161,161,190,190,190,190,220,220,145,158,158,229,229,239,4,4,16,29,29,61,61,140,165,165,175,225,237,237,315,365,377,477,129,129,129,129,163,178,178,205,234,258,270,296,308,320,332,344,37,37],"floor_reached":54,"playtime":3052,"items_purged":["Strike_R","Strike_R","Strike_R"],"score":1260,"play_id":"527ed906-fd47-415f-a125-e2b765dc5f32","local_time":"20190722192124","is_ascension_mode":true,"campfire_choices":[{"data":"Bash","floor":6.0,"key":"SMITH"},{"data":"Juggernaut","floor":8.0,"key":"SMITH"},{"data":"Metallicize","floor":12.0,"key":"SMITH"},{"data":"Fiend Fire","floor":15.0,"key":"SMITH"},{"floor":23.0,"key":"REST"},{"floor":25.0,"key":"REST"},{"data":"Barricade","floor":28.0,"key":"SMITH"},{"floor":32.0,"key":"REST"},{"data":"Apotheosis","floor":40.0,"key":"SMITH"},{"data":"Battle Trance","floor":47,"key":"SMITH"},{"floor":49,"key":"RECALL"},{"data":"Offering","floor":52,"key":"SMITH"}],"neow_cost":"NONE","seed_source_timestamp":984224838383186,"circlet_count":0,"master_deck":["AscendersBane","Defend_R","Defend_R","Defend_R","Defend_R","Bash+1","Iron Wave","Juggernaut+1","Twin Strike","Metallicize+1","Thunderclap","Ghostly Armor","Shrug It Off","Fiend Fire+1","Barricade+1","Clothesline","Battle Trance+1","Shrug It Off","Iron Wave+1","Warcry+1","Juggernaut","Feel No Pain","Corruption+1","Offering+1","Cleave+1","True Grit+1","Sentinel","Offering","Apotheosis+1","Bandage Up","Dual Wield+1","Shrug It Off","Impervious","Berserk"],"special_seed":0,"relics":["Burning Blood","Dream Catcher","Bronze Scales","Kunai","Magic Flower","Black Star","Bag of Preparation","Charon\u0027s Ashes","Gremlin Horn","Vajra","Potion Belt","Tiny House","Ice Cream","Lantern","Mummified Hand","Prayer Wheel","MawBank"],"potions_floor_usage":[41,41],"damage_taken":[{"damage":4.0,"enemies":"Small Slimes","floor":1.0,"turns":4.0},{"damage":1.0,"enemies":"Cultist","floor":3.0,"turns":4.0},{"damage":4.0,"enemies":"Jaw Worm","floor":4.0,"turns":4.0},{"damage":23.0,"enemies":"Lots of Slimes","floor":5.0,"turns":6.0},{"damage":13.0,"enemies":"3 Sentries","floor":7.0,"turns":7.0},{"damage":7.0,"enemies":"Lagavulin","floor":11.0,"turns":6.0},{"damage":1.0,"enemies":"2 Fungi Beasts","floor":14.0,"turns":4.0},{"damage":43.0,"enemies":"Slime Boss","floor":16.0,"turns":9.0},{"damage":39.0,"enemies":"2 Thieves","floor":18.0,"turns":4.0},{"damage":7.0,"enemies":"3 Byrds","floor":21.0,"turns":3.0},{"damage":12.0,"enemies":"Centurion and Healer","floor":22.0,"turns":7.0},{"damage":40.0,"enemies":"Slavers","floor":24.0,"turns":6.0},{"damage":13.0,"enemies":"Gremlin Leader","floor":27.0,"turns":3.0},{"damage":15.0,"enemies":"Cultist and Chosen","floor":29.0,"turns":4.0},{"damage":3.0,"enemies":"Snecko","floor":31.0,"turns":4.0},{"damage":28.0,"enemies":"Collector","floor":33.0,"turns":9.0},{"damage":20.0,"enemies":"3 Darklings","floor":35.0,"turns":3.0},{"damage":21.0,"enemies":"Mind Bloom Boss Battle","floor":36.0,"turns":7.0},{"damage":40,"enemies":"Reptomancer","floor":41,"turns":4},{"damage":0,"enemies":"Orb Walker","floor":42,"turns":2},{"damage":15,"enemies":"Nemesis","floor":44,"turns":6},{"damage":6,"enemies":"3 Darklings","floor":45,"turns":2},{"damage":6,"enemies":"Jaw Worm Horde","floor":46,"turns":2},{"damage":6,"enemies":"Maw","floor":48,"turns":5},{"damage":30,"enemies":"Time Eater","floor":50,"turns":10},{"damage":76,"enemies":"Shield and Spear","floor":54,"turns":2}],"seed_played":"-5577133821462909932","potions_obtained":[{"floor":5.0,"key":"Fire Potion"},{"floor":11.0,"key":"Dexterity Potion"},{"floor":14.0,"key":"Strength Potion"},{"floor":22.0,"key":"EssenceOfSteel"},{"floor":24.0,"key":"SkillPotion"},{"floor":34.0,"key":"Dexterity Potion"},{"floor":35.0,"key":"Poison Potion"},{"floor":45,"key":"Weak Potion"},{"floor":46,"key":"LiquidBronze"},{"floor":48,"key":"Dexterity Potion"}],"is_trial":false,"path_per_floor":["M","?","M","M","M","R","E","R","T","?","E","R","$","M","R","B",null,"M","$","?","M","M","R","E","R","T","E","R","M","?","M","R","B",null,"M","?","$","?","?","R","E","M","T","E","M","M","R","M","R","B",null,"R","$","E"],"character_chosen":"IRONCLAD","items_purchased":["Battle Trance","Bag of Preparation","Shrug It Off","Offering","Apotheosis","Berserk","Energy Potion"],"campfire_rested":3,"item_purchase_floors":[19,19,19,37,37,53,53],"current_hp_per_floor":[70,70,75,75,58,58,51,51,51,44,43,43,43,51,51,17,61,31,31,31,33,30,52,21,43,43,39,39,33,26,32,54,35,70,59,47,47,47,47,47,25,40,40,43,52,55,55,67,67,55,71,71,71,0],"gold":37,"neow_bonus":"RANDOM_COMMON_RELIC","is_prod":false,"is_daily":false,"chose_seed":false,"campfire_upgraded":8,"win_rate":0,"timestamp":1563816084,"path_taken":["M","?","M","?","M","R","E","R","T","?","E","R","?","M","R","BOSS","M","?","?","M","M","R","E","R","T","E","R","M","?","?","R","BOSS","M","?","$","?","?","R","E","M","T","E","M","M","R","M","R","BOSS","R","$","E"],"build_version":"2019-07-17","purchased_purges":3,"victory":false,"max_hp_per_floor":[75,75,75,75,75,75,75,75,75,75,75,75,75,75,75,75,75,75,75,75,75,75,75,75,75,75,75,75,75,75,75,75,75,80,80,80,80,76,76,76,76,76,76,76,76,76,76,76,76,76,76,76,76,76],"card_choices":[{"not_picked":["True Grit","Rage"],"picked":"Iron Wave","floor":1.0},{"not_picked":["Intimidate","Pummel"],"picked":"Twin Strike","floor":3.0},{"not_picked":["Fire Breathing","Armaments"],"picked":"Metallicize","floor":4.0},{"not_picked":["Headbutt","Warcry"],"picked":"Thunderclap","floor":5.0},{"not_picked":["Clash","Twin Strike"],"picked":"Ghostly Armor","floor":7.0},{"not_picked":["Headbutt","Cleave"],"picked":"Shrug It Off","floor":11.0},{"not_picked":["Twin Strike","Carnage"],"picked":"Fiend Fire","floor":14.0},{"not_picked":["Dark Embrace","Exhume"],"picked":"Barricade","floor":16.0},{"not_picked":["Perfected Strike","Searing Blow"],"picked":"Clothesline","floor":18.0},{"not_picked":["Iron Wave","Perfected Strike","Flex+1"],"picked":"SKIP","floor":21.0},{"not_picked":["Shrug It Off","Sword Boomerang"],"picked":"Iron Wave+1","floor":22.0},{"not_picked":["Infernal Blade","Iron Wave"],"picked":"Warcry+1","floor":23.0},{"not_picked":["Seeing Red","Battle Trance"],"picked":"Juggernaut","floor":24.0},{"not_picked":["Warcry","Seeing Red"],"picked":"Feel No Pain","floor":25.0},{"not_picked":["Clothesline","Dropkick","Cleave+1"],"picked":"SKIP","floor":27.0},{"not_picked":["Warcry","Cleave"],"picked":"Corruption","floor":29.0},{"not_picked":["Sword Boomerang","Rupture","Flex"],"picked":"SKIP","floor":31.0},{"not_picked":["Dark Embrace","Double Tap"],"picked":"Offering","floor":33.0},{"not_picked":["Twin Strike","Evolve"],"picked":"Cleave+1","floor":34.0},{"not_picked":["Twin Strike","Spot Weakness"],"picked":"True Grit+1","floor":35.0},{"not_picked":["Metallicize","Perfected Strike"],"picked":"Sentinel","floor":36.0},{"not_picked":["Swift Strike","PanicButton"],"picked":"Bandage Up","floor":39.0},{"not_picked":["Searing Blow","Inflame","Combust"],"picked":"SKIP","floor":41},{"not_picked":["Dropkick","Sever Soul","Flex"],"picked":"SKIP","floor":42},{"not_picked":["Dropkick","Warcry"],"picked":"Dual Wield+1","floor":44},{"not_picked":["Headbutt","Cleave+1"],"picked":"Shrug It Off","floor":45},{"not_picked":["Havoc","Cleave","Corruption"],"picked":"SKIP","floor":45},{"not_picked":["Dropkick","Twin Strike","Havoc+1"],"picked":"SKIP","floor":46},{"not_picked":["Second Wind+1","Heavy Blade+1","Perfected Strike"],"picked":"SKIP","floor":46},{"not_picked":["Clothesline","Thunderclap"],"picked":"Impervious","floor":48},{"not_picked":["Entrench+1","Feel No Pain","Headbutt+1"],"picked":"SKIP","floor":48}],"player_experience":682869,"relics_obtained":[{"floor":7.0,"key":"Bronze Scales"},{"floor":9.0,"key":"Kunai"},{"floor":11.0,"key":"Magic Flower"},{"floor":24.0,"key":"Charon\u0027s Ashes"},{"floor":26.0,"key":"Gremlin Horn"},{"floor":27.0,"key":"Vajra"},{"floor":27.0,"key":"Potion Belt"},{"floor":36.0,"key":"Ice Cream"},{"floor":41,"key":"Lantern"},{"floor":41,"key":"Mummified Hand"},{"floor":44,"key":"Prayer Wheel"},{"floor":44,"key":"MawBank"}],"event_choices":[{"damage_healed":0.0,"max_hp_gain":0.0,"max_hp_loss":0.0,"gold_gain":0.0,"cards_transformed":["Strike_R"],"event_name":"Transmorgrifier","player_choice":"Transformed","floor":2.0,"gold_loss":0.0,"damage_taken":0.0,"cards_obtained":["Juggernaut"]},{"cards_removed":["Strike_R"],"damage_healed":0.0,"max_hp_gain":0.0,"max_hp_loss":0.0,"gold_gain":0.0,"event_name":"Golden Wing","player_choice":"Card Removal","floor":10.0,"gold_loss":0.0,"damage_taken":7.0},{"damage_healed":0.0,"max_hp_gain":0.0,"max_hp_loss":0.0,"gold_gain":0.0,"event_name":"Ghosts","player_choice":"Ignored","floor":20.0,"gold_loss":0.0,"damage_taken":0.0},{"damage_healed":0.0,"max_hp_gain":0.0,"max_hp_loss":0.0,"gold_gain":50.0,"event_name":"FaceTrader","player_choice":"Touch","floor":30.0,"gold_loss":0.0,"damage_taken":7.0},{"damage_healed":0.0,"max_hp_gain":0.0,"max_hp_loss":0.0,"gold_gain":0.0,"event_name":"MindBloom","player_choice":"Fight","floor":36.0,"gold_loss":0.0,"damage_taken":0.0},{"damage_healed":0.0,"max_hp_gain":0.0,"max_hp_loss":4.0,"gold_gain":0.0,"event_name":"Winding Halls","player_choice":"Max HP","floor":38.0,"gold_loss":0.0,"damage_taken":0.0},{"damage_healed":0.0,"max_hp_gain":0.0,"max_hp_loss":0.0,"gold_gain":0.0,"event_name":"SensoryStone","player_choice":"Memory 1","floor":39.0,"gold_loss":0.0,"damage_taken":0.0}],"is_beta":false,"boss_relics":[{"not_picked":["Coffee Dripper","Ectoplasm"],"picked":"Black Star"},{"not_picked":["Orrery","Velvet Choker"],"picked":"Tiny House"}],"items_purged_floors":[13,37,53],"is_endless":false,"potions_floor_spawned":[5,11,14,18,22,24,35,45,46,48],"killed_by":"Shield and Spear","ascension_level":15}