{"gold_per_floor":[118,118,118,118,42,42,73,88,169,185,185,203,213,244,244,318,318,298,298,313,313,152,152,183,183,183,98,98,114,142,157,157,157],"floor_reached":33,"playtime":1713,"items_purged":["Survivor"],"score":542,"play_id":"cf4bf401-250a-4bfa-aa49-8a1070838e36","local_time":"20190628214130","is_ascension_mode":true,"campfire_choices":[{"floor":6.0,"key":"REST"},{"floor":11.0,"key":"REST"},{"data":"Wraith Form v2","floor":15.0,"key":"SMITH"},{"floor":23.0,"key":"REST"},{"data":"All Out Attack","floor":25.0,"key":"SMITH"},{"data":"Predator","floor":28.0,"key":"SMITH"},{"floor":32.0,"key":"REST"}],"neow_cost":"NONE","seed_source_timestamp":736948778500479,"circlet_count":0,"master_deck":["AscendersBane","Defend_G+1","Defend_G+1","Defend_G+1","Defend_G+1","Defend_G+1","Strike_G+1","Strike_G+1","Strike_G+1","Strike_G+1","Neutralize","Predator+1","Well Laid Plans","Crippling Poison","Leg Sweep","Skewer","Dash","Wraith Form v2+1","PiercingWail","Die Die Die","Footwork","All Out Attack+1"],"special_seed":0,"relics":["Ring of the Snake","Happy Flower","PreservedInsect","Ornamental Fan","Blood Vial","Busted Crown","Juzu Bracelet","Darkstone Periapt","Prayer Wheel","Kunai"],"potions_floor_usage":[],"damage_taken":[{"damage":2.0,"enemies":"Small Slimes","floor":1.0,"turns":3.0},{"damage":18.0,"enemies":"Gremlin Nob","floor":7.0,"turns":4.0},{"damage":7.0,"enemies":"Jaw Worm","floor":8.0,"turns":4.0},{"damage":0.0,"enemies":"Cultist","floor":10.0,"turns":4.0},{"damage":0.0,"enemies":"2 Fungi Beasts","floor":12.0,"turns":4.0},{"damage":1.0,"enemies":"Blue Slaver","floor":13.0,"turns":5.0},{"damage":10.0,"enemies":"Lagavulin","floor":14.0,"turns":7.0},{"damage":40.0,"enemies":"The Guardian","floor":16.0,"turns":17.0},{"damage":13.0,"enemies":"2 Thieves","floor":18.0,"turns":4.0},{"damage":9.0,"enemies":"Shell Parasite","floor":20.0,"turns":9.0},{"damage":5.0,"enemies":"Gremlin Leader","floor":24.0,"turns":6.0},{"damage":8.0,"enemies":"Snake Plant","floor":29.0,"turns":5.0},{"damage":11.0,"enemies":"Slavers","floor":30.0,"turns":6.0},{"damage":0.0,"enemies":"Centurion and Healer","floor":31.0,"turns":7.0},{"damage":58,"enemies":"Collector","floor":33,"turns":7}],"seed_played":"1938296696970678929","potions_obtained":[{"floor":1.0,"key":"Explosive Potion"},{"floor":8.0,"key":"Fire Potion"},{"floor":12.0,"key":"Energy Potion"},{"floor":16.0,"key":"Dexterity Potion"},{"floor":24.0,"key":"GhostInAJar"}],"is_trial":false,"path_per_floor":["M","?","?","?","$","R","E","M","T","M","R","M","M","E","R","B",null,"M","?","M","?","$","R","E","R","T","?","R","M","E","M","R","B"],"character_chosen":"THE_SILENT","items_purchased":["Well Laid Plans","All Out Attack"],"campfire_rested":4,"item_purchase_floors":[5,22],"current_hp_per_floor":[63,37,37,37,37,58,40,33,33,33,54,54,53,43,43,5,55,44,37,30,30,30,51,48,48,48,48,48,42,33,35,56,0],"gold":157,"neow_bonus":"TEN_PERCENT_HP_BONUS","is_prod":false,"is_daily":false,"chose_seed":false,"campfire_upgraded":3,"win_rate":0,"timestamp":1561772490,"path_taken":["M","?","?","?","$","R","E","M","T","M","R","M","M","E","R","BOSS","M","?","?","?","$","R","E","R","T","?","R","M","E","M","R","BOSS"],"build_version":"2019-01-23","purchased_purges":1,"victory":false,"max_hp_per_floor":[72,72,72,72,72,72,72,72,72,72,72,72,72,72,72,72,72,72,72,72,72,72,72,72,72,72,72,72,72,72,72,72,72],"card_choices":[{"not_picked":["Caltrops","Acrobatics"],"picked":"Predator","floor":1.0},{"not_picked":["Infinite Blades","Masterful Stab"],"picked":"Crippling Poison","floor":7.0},{"not_picked":["Outmaneuver","Dodge and Roll"],"picked":"Leg Sweep","floor":8.0},{"not_picked":["Leg Sweep","Crippling Poison"],"picked":"Skewer","floor":10.0},{"not_picked":["Heel Hook","Slice"],"picked":"Dash","floor":12.0},{"not_picked":["Outmaneuver","Slice"],"picked":"Wraith Form v2","floor":13.0},{"not_picked":["Venomology","Eviscerate"],"picked":"PiercingWail","floor":14.0},{"not_picked":["Bullet Time","Wraith Form v2"],"picked":"Die Die Die","floor":16.0},{"not_picked":["Heel Hook+1"],"picked":"SKIP","floor":18.0},{"not_picked":[],"picked":"Footwork","floor":20.0},{"not_picked":["Sucker Punch"],"picked":"SKIP","floor":24.0},{"not_picked":["Skewer"],"picked":"SKIP","floor":29.0},{"not_picked":["Leg Sweep"],"picked":"SKIP","floor":29.0},{"not_picked":["Underhanded Strike"],"picked":"SKIP","floor":30.0},{"not_picked":["Setup+1"],"picked":"SKIP","floor":31.0},{"not_picked":["Slice"],"picked":"SKIP","floor":31.0}],"player_experience":1075213,"relics_obtained":[{"floor":7.0,"key":"PreservedInsect"},{"floor":9.0,"key":"Ornamental Fan"},{"floor":14.0,"key":"Blood Vial"},{"floor":24.0,"key":"Juzu Bracelet"},{"floor":26.0,"key":"Darkstone Periapt"},{"floor":30.0,"key":"Kunai"}],"event_choices":[{"damage_healed":0.0,"max_hp_gain":0.0,"max_hp_loss":0.0,"gold_gain":0.0,"event_name":"Scrap Ooze","player_choice":"Success","floor":2.0,"gold_loss":0.0,"damage_taken":26.0,"relics_obtained":["Happy Flower"]},{"damage_healed":0.0,"max_hp_gain":0.0,"max_hp_loss":0.0,"gold_gain":0.0,"event_name":"Shining Light","player_choice":"Ignored","floor":3.0,"gold_loss":0.0,"damage_taken":0.0},{"cards_removed":["Strike_G"],"damage_healed":0.0,"max_hp_gain":0.0,"max_hp_loss":0.0,"gold_gain":0.0,"event_name":"Living Wall","player_choice":"Forget","floor":4.0,"gold_loss":0.0,"damage_taken":0.0},{"damage_healed":0.0,"max_hp_gain":0.0,"max_hp_loss":0.0,"gold_gain":0.0,"event_name":"Knowing Skull","player_choice":"","floor":19.0,"potions_obtained":[],"gold_loss":0.0,"damage_taken":7.0,"cards_obtained":[]},{"damage_healed":0.0,"max_hp_gain":0.0,"max_hp_loss":0.0,"gold_gain":0.0,"event_name":"Back to Basics","player_choice":"Simplicity","floor":21.0,"gold_loss":0.0,"damage_taken":0.0,"cards_upgraded":["Defend_G","Defend_G","Defend_G","Defend_G","Defend_G","Strike_G","Strike_G","Strike_G","Strike_G"]},{"damage_healed":0.0,"max_hp_gain":0.0,"max_hp_loss":0.0,"gold_gain":0.0,"event_name":"Addict","player_choice":"Obtained Relic","floor":27.0,"gold_loss":85.0,"damage_taken":0.0,"relics_obtained":["Prayer Wheel"]}],"is_beta":false,"boss_relics":[{"not_picked":["Calling Bell","Pandora\u0027s Box"],"picked":"Busted Crown"}],"items_purged_floors":[22],"is_endless":false,"potions_floor_spawned":[1,8,12,14,16,20,24],"killed_by":"Collector","ascension_level":17}