{"gold_per_floor":[110,285,285,304,379,379,1,23,49,49,84,84,113,126,126,199,199,210,210,225,237,237,266,266,294,294,294,32,57,57,71,71,143,143,160,177,177,55,66,66,101,101,155,174,186,186,211,311,311,311],"floor_reached":51,"playtime":3299,"items_purged":["Strike_B","Regret"],"score":1369,"play_id":"02475943-056f-42ed-a4f8-1f7847572463","local_time":"20190605210233","is_ascension_mode":true,"campfire_choices":[{"data":"White Noise","floor":6,"key":"SMITH"},{"data":"Apotheosis","floor":10,"key":"SMITH"},{"floor":12,"key":"REST"},{"data":"Conserve Battery","floor":15,"key":"SMITH"},{"floor":24,"key":"REST"},{"floor":27,"key":"REST"},{"floor":32,"key":"REST"},{"floor":40,"key":"REST"},{"floor":42,"key":"REST"},{"floor":46,"key":"REST"},{"floor":49,"key":"REST"}],"neow_cost":"NONE","seed_source_timestamp":1360938826938307,"circlet_count":0,"master_deck":["AscendersBane","Strike_B","Strike_B","Defend_B","Defend_B+1","Defend_B+1","Zap","Dualcast","Conserve Battery+1","White Noise+1","Apotheosis+1","Compile Driver","Cold Snap","Glacier","Turbo","Electrodynamics","Leap","Lockon","Thunder Strike","Steam Power","Defragment","Tempest+1","Defragment","Coolheaded","Loop","Echo Form","Decay","Decay","Seek","Reprogram+1","Reinforced Body"],"relics":["Cracked Core","Membership Card","Anchor","Odd Mushroom","Centennial Puzzle","Pen Nib","Happy Flower","Fusion Hammer","Prayer Wheel","Darkstone Periapt","Meat on the Bone","DollysMirror","Letter Opener","Art of War","Calling Bell","Bag of Marbles","Gremlin Horn","Gambling Chip","Kunai","Strawberry","War Paint","Pocketwatch"],"potions_floor_usage":[29,50,50],"damage_taken":[{"damage":0,"enemies":"Small Slimes","floor":1,"turns":3},{"damage":0,"enemies":"Cultist","floor":4,"turns":3},{"damage":19,"enemies":"The Mushroom Lair","floor":8,"turns":5},{"damage":10,"enemies":"3 Sentries","floor":11,"turns":6},{"damage":20,"enemies":"Gremlin Nob","floor":13,"turns":4},{"damage":0,"enemies":"Jaw Worm","floor":14,"turns":2},{"damage":0,"enemies":"The Guardian","floor":16,"turns":11},{"damage":6,"enemies":"Shell Parasite","floor":18,"turns":4},{"damage":1,"enemies":"2 Thieves","floor":20,"turns":3},{"damage":12,"enemies":"Snake Plant","floor":21,"turns":5},{"damage":19,"enemies":"Gremlin Leader","floor":23,"turns":3},{"damage":6,"enemies":"Book of Stabbing","floor":25,"turns":3},{"damage":19,"enemies":"Slavers","floor":29,"turns":4},{"damage":9,"enemies":"Snecko","floor":31,"turns":3},{"damage":6,"enemies":"Collector","floor":33,"turns":6},{"damage":1,"enemies":"3 Shapes","floor":35,"turns":2},{"damage":0,"enemies":"Orb Walker","floor":36,"turns":4},{"damage":0,"enemies":"Sphere and 2 Shapes","floor":39,"turns":2},{"damage":8,"enemies":"Reptomancer","floor":41,"turns":5},{"damage":0,"enemies":"Spire Growth","floor":44,"turns":4},{"damage":1,"enemies":"3 Darklings","floor":45,"turns":2},{"damage":5,"enemies":"Giant Head","floor":47,"turns":6},{"damage":3,"enemies":"Mind Bloom Boss Battle","floor":48,"turns":5},{"damage":65,"enemies":"Awakened One","floor":50,"turns":9}],"seed_played":"-7528273618961742560","potions_obtained":[{"floor":1,"key":"Energy Potion"},{"floor":16,"key":"Dexterity Potion"},{"floor":29,"key":"EssenceOfSteel"},{"floor":44,"key":"Strength Potion"}],"is_trial":false,"path_per_floor":["M","?","?","M","?","R","$","?","T","R","E","R","E","M","R","B",null,"M","?","M","M","?","E","R","E","T","R","$","E","?","M","R","B",null,"M","M","?","$","M","R","E","R","T","M","M","R","E","?","R","B",null],"character_chosen":"DEFECT","items_purchased":["Membership Card","Anchor","Apotheosis","DollysMirror","Letter Opener","Seek"],"campfire_rested":8,"item_purchase_floors":[7,7,7,28,28,38],"current_hp_per_floor":[75,75,75,75,64,64,64,45,45,45,35,59,39,39,39,39,71,65,65,64,52,79,60,82,76,76,82,82,63,47,50,76,70,101,100,100,100,100,100,100,92,100,107,107,106,107,102,99,107,54],"gold":311,"neow_bonus":"TEN_PERCENT_HP_BONUS","is_prod":false,"is_daily":false,"chose_seed":false,"campfire_upgraded":3,"win_rate":0,"timestamp":1559782953,"path_taken":["M","?","?","?","?","R","$","?","T","R","E","R","E","M","R","BOSS","M","?","M","M","?","E","R","E","T","R","$","E","?","M","R","BOSS","M","M","?","$","M","R","E","R","T","M","M","R","E","?","R","BOSS"],"build_version":"2019-01-23","purchased_purges":2,"victory":true,"max_hp_per_floor":[82,82,82,82,82,82,82,82,82,82,82,82,82,82,82,82,82,82,82,82,82,82,82,82,82,82,82,82,82,87,87,87,87,105,105,105,100,100,100,100,100,100,107,107,107,107,107,107,107,107],"card_choices":[{"not_picked":["Darkness","Hello World"],"picked":"Conserve Battery","floor":1},{"not_picked":["Heatsinks","Streamline"],"picked":"White Noise","floor":4},{"not_picked":["Go for the Eyes","Hologram"],"picked":"Compile Driver","floor":8},{"not_picked":["Electrodynamics","Rebound"],"picked":"Cold Snap","floor":11},{"not_picked":["Coolheaded","Sunder"],"picked":"Glacier","floor":13},{"not_picked":["Streamline","Hello World"],"picked":"Turbo","floor":14},{"not_picked":["Machine Learning","Core Surge"],"picked":"Electrodynamics","floor":16},{"not_picked":["Stack","Redo"],"picked":"Leap","floor":18},{"not_picked":["Compile Driver","Darkness+1"],"picked":"Steam Power","floor":20},{"not_picked":["Cold Snap+1","Conserve Battery"],"picked":"Defragment","floor":21},{"not_picked":["FTL","Streamline"],"picked":"Tempest+1","floor":23},{"not_picked":["Electrodynamics","Lockon","Rebound"],"picked":"SKIP","floor":25},{"not_picked":["Conserve Battery","Self Repair+1","Rebound"],"picked":"SKIP","floor":29},{"not_picked":["Tempest","Turbo"],"picked":"Coolheaded","floor":31},{"not_picked":["Stack","Steam Power"],"picked":"Loop","floor":31},{"not_picked":["Hyperbeam","Rainbow"],"picked":"Echo Form","floor":33},{"not_picked":["Sweeping Beam+1","Beam Cell","Hologram"],"picked":"SKIP","floor":35},{"not_picked":["Static Discharge","Sweeping Beam","Gash+1"],"picked":"SKIP","floor":35},{"not_picked":["Beam Cell","Rebound+1","Redo"],"picked":"SKIP","floor":36},{"not_picked":["Doom and Gloom","Defragment+1","Coolheaded"],"picked":"SKIP","floor":36},{"not_picked":["Steam","Double Energy","Leap+1"],"picked":"SKIP","floor":39},{"not_picked":["Steam","Steam Power","Stack"],"picked":"SKIP","floor":39},{"not_picked":["Heatsinks","White Noise"],"picked":"Reprogram+1","floor":41},{"not_picked":["Lockon","Rebound","Stack"],"picked":"SKIP","floor":44},{"not_picked":["Conserve Battery","Rebound","Streamline"],"picked":"SKIP","floor":44},{"not_picked":["Steam","Machine Learning","Static Discharge+1"],"picked":"SKIP","floor":45},{"not_picked":["Self Repair+1","Ball Lightning","Genetic Algorithm"],"picked":"SKIP","floor":45},{"not_picked":["Gash","Fission"],"picked":"Reinforced Body","floor":47}],"player_experience":987089,"relics_obtained":[{"floor":8,"key":"Odd Mushroom"},{"floor":9,"key":"Centennial Puzzle"},{"floor":11,"key":"Pen Nib"},{"floor":13,"key":"Happy Flower"},{"floor":23,"key":"Prayer Wheel"},{"floor":25,"key":"Darkstone Periapt"},{"floor":26,"key":"Meat on the Bone"},{"floor":29,"key":"Art of War"},{"floor":34,"key":"Bag of Marbles"},{"floor":34,"key":"Gremlin Horn"},{"floor":34,"key":"Gambling Chip"},{"floor":41,"key":"Kunai"},{"floor":43,"key":"Strawberry"},{"floor":47,"key":"War Paint"},{"floor":48,"key":"Pocketwatch"}],"event_choices":[{"damage_healed":0,"gold_gain":175,"player_choice":"AGREE","damage_taken":0,"max_hp_gain":0,"max_hp_loss":0,"event_name":"Liars Game","floor":2,"gold_loss":0,"cards_obtained":["Doubt"]},{"cards_removed":["Doubt"],"damage_healed":0,"gold_gain":0,"player_choice":"Purged","damage_taken":0,"max_hp_gain":0,"max_hp_loss":0,"event_name":"Purifier","floor":3,"gold_loss":0},{"damage_healed":0,"gold_gain":75,"player_choice":"Gather Gold","damage_taken":11,"max_hp_gain":0,"max_hp_loss":0,"event_name":"World of Goop","floor":5,"gold_loss":0},{"damage_healed":0,"gold_gain":0,"player_choice":"Fought Mushrooms","damage_taken":0,"max_hp_gain":0,"max_hp_loss":0,"event_name":"Mushrooms","floor":8,"gold_loss":0},{"damage_healed":0,"gold_gain":0,"cards_transformed":["Defend_B","Strike_B"],"player_choice":"Became Test Subject","damage_taken":0,"max_hp_gain":0,"max_hp_loss":0,"event_name":"Drug Dealer","floor":19,"gold_loss":0,"cards_obtained":["Lockon","Thunder Strike"]},{"damage_healed":27,"gold_gain":0,"player_choice":"Heal","damage_taken":0,"max_hp_gain":0,"max_hp_loss":0,"event_name":"The Library","floor":22,"gold_loss":0},{"damage_healed":0,"gold_gain":0,"player_choice":"Shed Blood","damage_taken":21,"max_hp_gain":5,"max_hp_loss":0,"event_name":"Forgotten Altar","floor":30,"gold_loss":0},{"damage_healed":0,"gold_gain":0,"player_choice":"Max HP","damage_taken":0,"max_hp_gain":0,"max_hp_loss":5,"event_name":"Winding Halls","floor":37,"gold_loss":0},{"damage_healed":0,"gold_gain":0,"player_choice":"Fight","damage_taken":0,"max_hp_gain":0,"max_hp_loss":0,"event_name":"MindBloom","floor":48,"gold_loss":0}],"is_beta":false,"boss_relics":[{"not_picked":["Pandora\u0027s Box","Black Star"],"picked":"Fusion Hammer"},{"not_picked":["Orrery","Velvet Choker"],"picked":"Calling Bell"}],"items_purged_floors":[28,38],"is_endless":false,"potions_floor_spawned":[1,16,23,29,35,36,44,47],"ascension_level":13}