{"gold_per_floor":[115,132,132,149,168,168,195,195,251,251,251,281,281,281,281,281],"floor_reached":16,"playtime":600,"items_purged":[],"score":196,"play_id":"20f0ba3d-6075-4d2f-9a5c-e120998b2732","local_time":"20190612183722","is_ascension_mode":true,"campfire_choices":[{"data":"Crippling Poison","floor":6,"key":"SMITH"},{"data":"Dagger Spray","floor":8,"key":"SMITH"},{"data":"Neutralize","floor":11,"key":"SMITH"},{"floor":15,"key":"REST"}],"neow_cost":"NONE","seed_source_timestamp":9492933695627,"circlet_count":0,"master_deck":["AscendersBane","Defend_G","Defend_G","Defend_G","Defend_G","Defend_G","Strike_G","Strike_G","Strike_G","Strike_G","Survivor","Neutralize+1","Footwork+1","Crippling Poison+1","Backflip","Dagger Spray+1","Acrobatics"],"relics":["Ring of the Snake","NeowsBlessing","Boot","Tiny Chest","Smiling Mask","Anchor"],"potions_floor_usage":[],"damage_taken":[{"damage":0,"enemies":"Small Slimes","floor":1,"turns":1},{"damage":0,"enemies":"Cultist","floor":2,"turns":1},{"damage":0,"enemies":"Jaw Worm","floor":4,"turns":1},{"damage":7,"enemies":"Large Slime","floor":5,"turns":13},{"damage":17,"enemies":"Lagavulin","floor":12,"turns":8},{"damage":72,"enemies":"The Guardian","floor":16,"turns":23}],"seed_played":"4347123414055763185","potions_obtained":[{"floor":4,"key":"GamblersBrew"},{"floor":12,"key":"FairyPotion"}],"is_trial":false,"path_per_floor":["M","M","?","M","M","R","T","R","T","?","R","E","?","?","R","B"],"character_chosen":"THE_SILENT","items_purchased":[],"campfire_rested":1,"item_purchase_floors":[],"current_hp_per_floor":[59,59,59,59,52,52,52,52,52,52,52,35,40,29,50,0],"gold":281,"neow_bonus":"THREE_ENEMY_KILL","is_prod":false,"is_daily":false,"chose_seed":false,"campfire_upgraded":3,"win_rate":0,"timestamp":1560357442,"path_taken":["M","M","?","?","M","R","?","R","T","?","R","E","?","?","R","BOSS"],"build_version":"2019-01-23","purchased_purges":0,"victory":false,"max_hp_per_floor":[66,66,66,66,66,66,66,66,66,66,66,66,71,71,71,71],"card_choices":[{"not_picked":["Slice","Quick Slash"],"picked":"Footwork","floor":1},{"not_picked":["Outmaneuver","Quick Slash"],"picked":"Crippling Poison","floor":2},{"not_picked":["Sucker Punch","Deadly Poison"],"picked":"Backflip","floor":4},{"not_picked":["Dodge and Roll","Flying Knee"],"picked":"Dagger Spray","floor":5},{"not_picked":["Endless Agony","Finisher"],"picked":"Acrobatics","floor":12}],"player_experience":521472,"relics_obtained":[{"floor":7,"key":"Boot"},{"floor":9,"key":"Tiny Chest"},{"floor":12,"key":"Smiling Mask"}],"event_choices":[{"cards_removed":["Strike_G"],"damage_healed":0,"gold_gain":0,"player_choice":"Purged","damage_taken":0,"max_hp_gain":0,"max_hp_loss":0,"event_name":"Purifier","floor":3,"gold_loss":0},{"damage_healed":0,"gold_gain":0,"player_choice":"Grow","damage_taken":0,"max_hp_gain":0,"max_hp_loss":0,"event_name":"Living Wall","floor":10,"gold_loss":0,"cards_upgraded":["Footwork"]},{"damage_healed":0,"gold_gain":0,"player_choice":"Donut","damage_taken":0,"max_hp_gain":5,"max_hp_loss":0,"event_name":"Big Fish","floor":13,"gold_loss":0},{"damage_healed":0,"gold_gain":0,"player_choice":"Success","damage_taken":11,"relics_obtained":["Anchor"],"max_hp_gain":0,"max_hp_loss":0,"event_name":"Scrap Ooze","floor":14,"gold_loss":0}],"is_beta":false,"boss_relics":[],"items_purged_floors":[],"is_endless":false,"potions_floor_spawned":[4,12],"killed_by":"The Guardian","ascension_level":20}