{"gold_per_floor":[111,111,121,137,153,178,178,205,258,271,271,290,321,340,340,440,440,452,463,477,497,199,199,199],"floor_reached":24,"playtime":1867,"items_purged":["Strike_B"],"score":233,"play_id":"342554ef-91bf-4ff0-ac77-8643e204198d","local_time":"20191014223356","is_ascension_mode":true,"campfire_choices":[{"data":"Zap","floor":11,"key":"SMITH"},{"data":"Redo","floor":15,"key":"SMITH"},{"data":"Dualcast","floor":23,"key":"SMITH"}],"neow_cost":"NONE","seed_source_timestamp":369587821406400,"circlet_count":0,"master_deck":["Strike_B","Strike_B","Strike_B","Defend_B","Defend_B","Defend_B","Defend_B","Zap+1","Dualcast+1","Steam","Ball Lightning","Sweeping Beam","Redo+1","Multi-Cast","Redo","Leap","Capacitor","Cold Snap","Core Surge","Conserve Battery","Rebound+1","Leap","Panacea","Capacitor"],"relics":["FrozenCore","Boot","Letter Opener","Strawberry","Bag of Preparation"],"potions_floor_usage":[2,6,8,8,13,13,18,24,24],"damage_taken":[{"damage":8,"enemies":"Jaw Worm","floor":1,"turns":3},{"damage":0,"enemies":"Cultist","floor":3,"turns":4},{"damage":0,"enemies":"Small Slimes","floor":4,"turns":3},{"damage":0,"enemies":"2 Fungi Beasts","floor":5,"turns":4},{"damage":10,"enemies":"Gremlin Nob","floor":6,"turns":3},{"damage":4,"enemies":"3 Sentries","floor":8,"turns":4},{"damage":0,"enemies":"Looter","floor":10,"turns":3},{"damage":8,"enemies":"Exordium Thugs","floor":12,"turns":3},{"damage":8,"enemies":"Lagavulin","floor":13,"turns":5},{"damage":0,"enemies":"3 Louse","floor":14,"turns":2},{"damage":27,"enemies":"The Guardian","floor":16,"turns":12},{"damage":20,"enemies":"3 Byrds","floor":18,"turns":6},{"damage":13,"enemies":"Spheric Guardian","floor":19,"turns":6},{"damage":4,"enemies":"Shelled Parasite and Fungi","floor":20,"turns":10},{"damage":3,"enemies":"Chosen and Byrds","floor":21,"turns":8},{"damage":55,"enemies":"Gremlin Leader","floor":24,"turns":9}],"seed_played":"-2758283652272905389","potions_obtained":[{"floor":0,"key":"EntropicBrew"},{"floor":0,"key":"Dexterity Potion"},{"floor":0,"key":"Fire Potion"},{"floor":2,"key":"Fruit Juice"},{"floor":2,"key":"Energy Potion"},{"floor":5,"key":"SteroidPotion"},{"floor":8,"key":"Block Potion"},{"floor":12,"key":"Poison Potion"},{"floor":14,"key":"Weak Potion"},{"floor":19,"key":"FearPotion"},{"floor":20,"key":"Block Potion"},{"floor":21,"key":"Ancient Potion"}],"is_trial":false,"path_per_floor":["M","?","M","M","M","E","?","E","T","M","R","M","E","M","R","B",null,"M","M","M","M","$","R","E"],"character_chosen":"DEFECT","items_purchased":["Leap","Panacea","Capacitor"],"campfire_rested":0,"item_purchase_floors":[22,22,22],"current_hp_per_floor":[67,72,72,72,72,62,80,76,83,83,83,75,67,67,67,40,87,67,54,50,47,47,47,0],"gold":199,"neow_bonus":"THREE_SMALL_POTIONS","is_prod":false,"is_daily":false,"chose_seed":false,"campfire_upgraded":3,"win_rate":0,"timestamp":1571106836,"path_taken":["M","?","M","M","?","E","?","E","T","M","R","M","E","M","R","BOSS","M","M","M","M","$","R","E"],"build_version":"2019-07-17","purchased_purges":1,"victory":false,"max_hp_per_floor":[75,80,80,80,80,80,80,80,87,87,87,87,87,87,87,87,87,87,87,87,87,87,87,87],"card_choices":[{"not_picked":["Beam Cell","Turbo"],"picked":"Steam","floor":1},{"not_picked":["Barrage","Seek","Turbo"],"picked":"SKIP","floor":3},{"not_picked":["FTL","BootSequence"],"picked":"Ball Lightning","floor":4},{"not_picked":["Go for the Eyes","Gash"],"picked":"Sweeping Beam","floor":5},{"not_picked":["Force Field","Seek"],"picked":"Redo","floor":6},{"not_picked":["Chill","Barrage"],"picked":"Multi-Cast","floor":8},{"not_picked":["Compile Driver","Leap"],"picked":"Redo","floor":10},{"not_picked":["Hologram","Redo"],"picked":"Leap","floor":12},{"not_picked":["Recycle","Hyperbeam"],"picked":"Capacitor","floor":13},{"not_picked":["Beam Cell","Recycle"],"picked":"Cold Snap","floor":14},{"not_picked":["Echo Form","Biased Cognition"],"picked":"Core Surge","floor":16},{"not_picked":["Sweeping Beam","Glacier","Turbo"],"picked":"SKIP","floor":18},{"not_picked":["Gash","Coolheaded"],"picked":"Conserve Battery","floor":19},{"not_picked":["Turbo","Ball Lightning"],"picked":"Rebound+1","floor":20},{"not_picked":["Stack","Conserve Battery","Beam Cell+1"],"picked":"SKIP","floor":21}],"player_experience":83319,"relics_obtained":[{"floor":6,"key":"Boot"},{"floor":8,"key":"Letter Opener"},{"floor":9,"key":"Strawberry"},{"floor":13,"key":"Bag of Preparation"}],"event_choices":[{"damage_healed":0,"gold_gain":0,"player_choice":"Got Potions","damage_taken":0,"max_hp_gain":0,"max_hp_loss":0,"event_name":"Lab","floor":2,"gold_loss":0},{"damage_healed":26,"gold_gain":0,"player_choice":"Banana","damage_taken":0,"max_hp_gain":0,"max_hp_loss":0,"event_name":"Big Fish","floor":7,"gold_loss":0}],"is_beta":false,"boss_relics":[{"not_picked":["Coffee Dripper","Orrery"],"picked":"FrozenCore"}],"items_purged_floors":[22],"is_endless":false,"potions_floor_spawned":[1,5,8,12,14,19,20,21],"killed_by":"Gremlin Leader","ascension_level":1}