{"gold_per_floor":[111,111,111,111,122,122,153,153,226,257,276,306,306,317,317,394,394,410,460,475,475,475,475,510,510,536,259,286,300,300,331,331,406,406,420,440,453,465,478,508,508,542,565,600,600,600,617,617,617,617,617,617,125,153,153],"floor_reached":56,"playtime":4702,"items_purged":["Strike_G","Strike_G+1"],"score":2076,"play_id":"218038b0-156e-4463-94f2-e4d8422c968b","local_time":"20190703105825","is_ascension_mode":true,"campfire_choices":[{"data":"Dodge and Roll","floor":6.0,"key":"SMITH"},{"floor":8.0,"key":"REST"},{"floor":15.0,"key":"REST"},{"floor":23.0,"key":"REST"},{"floor":25.0,"key":"REST"},{"data":"Burst","floor":32.0,"key":"SMITH"},{"floor":41,"key":"REST"},{"floor":46,"key":"RECALL"},{"floor":49,"key":"REST"},{"floor":52,"key":"REST"}],"neow_cost":"TEN_PERCENT_HP_LOSS","seed_source_timestamp":810275206043435,"circlet_count":0,"master_deck":["AscendersBane","Strike_G+1","Strike_G+1","Defend_G+1","Defend_G+1","Defend_G+1","Defend_G+1","Defend_G+1","Survivor","Neutralize+1","Dodge and Roll+1","Cloak And Dagger","Deadly Poison+1","Poisoned Stab","Die Die Die","Backflip","Well Laid Plans","Die Die Die","Backflip","Blade Dance","Burst+1","Wraith Form v2","Noxious Fumes","Backflip+1","Leg Sweep+1","Leg Sweep","Dash+1","PiercingWail+1","Noxious Fumes","Master of Strategy","Escape Plan"],"special_seed":0,"relics":["Ring of the Snake","Pocketwatch","FaceOfCleric","Sundial","Pear","Lantern","The Specimen","Black Star","Ginger","Anchor","Bronze Scales","Mercury Hourglass","Kunai","Oddly Smooth Stone","Strawberry","Fusion Hammer","Tingsha","War Paint","Bag of Marbles","Gremlin Horn","Art of War","Ninja Scroll","Vajra","Dead Branch","Shuriken"],"potions_floor_usage":[55,55],"damage_taken":[{"damage":0.0,"enemies":"Small Slimes","floor":1.0,"turns":3.0},{"damage":0.0,"enemies":"Cultist","floor":5.0,"turns":4.0},{"damage":12.0,"enemies":"3 Sentries","floor":7.0,"turns":12.0},{"damage":38.0,"enemies":"Gremlin Nob","floor":10.0,"turns":6.0},{"damage":0.0,"enemies":"2 Louse","floor":11.0,"turns":3.0},{"damage":12.0,"enemies":"Lagavulin","floor":12.0,"turns":8.0},{"damage":0.0,"enemies":"Exordium Wildlife","floor":14.0,"turns":5.0},{"damage":12.0,"enemies":"Hexaghost","floor":16.0,"turns":10.0},{"damage":7.0,"enemies":"Chosen","floor":18.0,"turns":6.0},{"damage":1.0,"enemies":"3 Byrds","floor":20.0,"turns":5.0},{"damage":44.0,"enemies":"Gremlin Leader","floor":24.0,"turns":10.0},{"damage":27.0,"enemies":"Book of Stabbing","floor":28.0,"turns":6.0},{"damage":0.0,"enemies":"Snake Plant","floor":29.0,"turns":4.0},{"damage":13.0,"enemies":"Slavers","floor":31.0,"turns":5.0},{"damage":8,"enemies":"Champ","floor":33,"turns":27},{"damage":0,"enemies":"3 Shapes","floor":35,"turns":4},{"damage":0,"enemies":"Orb Walker","floor":36,"turns":3},{"damage":2,"enemies":"Transient","floor":37,"turns":5},{"damage":35,"enemies":"Writhing Mass","floor":38,"turns":7},{"damage":0,"enemies":"4 Shapes","floor":39,"turns":5},{"damage":10,"enemies":"Nemesis","floor":40,"turns":10},{"damage":3,"enemies":"Giant Head","floor":42,"turns":12},{"damage":14,"enemies":"Reptomancer","floor":44,"turns":6},{"damage":0,"enemies":"Jaw Worm Horde","floor":47,"turns":2},{"damage":15,"enemies":"Time Eater","floor":50,"turns":15},{"damage":7,"enemies":"Shield and Spear","floor":54,"turns":7},{"damage":82,"enemies":"The Heart","floor":55,"turns":9}],"seed_played":"3388278567772592102","potions_obtained":[{"floor":11.0,"key":"Dexterity Potion"},{"floor":16.0,"key":"Regen Potion"},{"floor":18.0,"key":"FearPotion"},{"floor":24.0,"key":"Regen Potion"},{"floor":37,"key":"LiquidBronze"},{"floor":38,"key":"Energy Potion"}],"is_trial":false,"path_per_floor":["M","?","?","?","M","R","E","R","T","E","M","E","?","M","R","B",null,"M","?","M","?","?","R","E","R","T","$","E","M","?","E","R","B",null,"M","M","M","M","M","E","R","E","T","E","?","R","M","?","R","B",null,"R","$","E","B",null],"character_chosen":"THE_SILENT","items_purchased":["Well Laid Plans","Die Die Die","Vajra","Ancient Potion","Master of Strategy"],"campfire_rested":7,"item_purchase_floors":[27,27,53,53,53],"current_hp_per_floor":[59,41,34,34,35,35,24,42,52,15,16,5,5,6,28,17,62,56,56,56,33,33,58,15,40,40,40,29,30,30,40,40,33,80,81,82,81,47,48,39,69,67,67,54,54,54,55,55,86,72,98,106,106,100,19],"gold":153,"neow_bonus":"ONE_RARE_RELIC","is_prod":false,"is_daily":false,"chose_seed":false,"campfire_upgraded":2,"win_rate":0,"timestamp":1562144305,"path_taken":["M","?","?","?","?","R","E","R","T","E","M","E","?","M","R","BOSS","M","?","M","?","?","R","E","R","T","$","E","M","?","E","R","BOSS","M","M","M","M","M","E","R","E","T","E","?","R","M","?","R","BOSS","R","$","E","BOSS"],"build_version":"2019-07-01","purchased_purges":2,"victory":true,"max_hp_per_floor":[60,60,60,60,61,61,62,62,72,73,74,75,75,76,76,77,77,78,78,79,84,84,84,85,85,85,85,86,87,87,95,95,96,96,97,98,99,100,101,102,102,103,103,104,104,104,105,105,105,106,106,106,106,107,108],"card_choices":[{"not_picked":["Prepared","Blade Dance"],"picked":"Dodge and Roll","floor":1.0},{"not_picked":["Heel Hook","Deflect","Dodge and Roll"],"picked":"SKIP","floor":5.0},{"not_picked":["Sucker Punch","Concentrate"],"picked":"Cloak And Dagger","floor":7.0},{"not_picked":["Infinite Blades","Well Laid Plans"],"picked":"Dagger Throw","floor":10.0},{"not_picked":["Deflect","Backflip"],"picked":"Deadly Poison","floor":11.0},{"not_picked":["Eviscerate","Quick Slash"],"picked":"Poisoned Stab","floor":12.0},{"not_picked":["Slice","Acrobatics","All Out Attack"],"picked":"SKIP","floor":14.0},{"not_picked":["Night Terror","Grand Finale"],"picked":"Die Die Die","floor":16.0},{"not_picked":["Sucker Punch","Tactician","Quick Slash"],"picked":"SKIP","floor":18.0},{"not_picked":["Prepared","Outmaneuver","Phantasmal Killer"],"picked":"SKIP","floor":20.0},{"not_picked":["Endless Agony","Quick Slash"],"picked":"Backflip","floor":24.0},{"not_picked":["Deadly Poison","Slice"],"picked":"Backflip","floor":28.0},{"not_picked":["Dagger Throw","Dagger Spray"],"picked":"Blade Dance","floor":29.0},{"not_picked":["Deflect+1","Backstab"],"picked":"Burst","floor":31.0},{"not_picked":["Doppelganger","Die Die Die"],"picked":"Wraith Form v2","floor":33},{"not_picked":["Deflect+1","Accuracy"],"picked":"Noxious Fumes","floor":35},{"not_picked":["Masterful Stab","Riddle With Holes"],"picked":"Backflip","floor":36},{"not_picked":["Blade Dance","Dodge and Roll"],"picked":"Leg Sweep","floor":37},{"not_picked":["Dagger Spray","Riddle With Holes"],"picked":"Leg Sweep","floor":38},{"not_picked":["Quick Slash","Acrobatics","Choke+1"],"picked":"SKIP","floor":39},{"not_picked":["Slice+1","Cloak And Dagger"],"picked":"Dash+1","floor":40},{"not_picked":["Dash","Choke","Dagger Spray+1"],"picked":"SKIP","floor":42},{"not_picked":["Quick Slash","Concentrate+1","Riddle With Holes"],"picked":"SKIP","floor":44},{"not_picked":["Quick Slash","Poisoned Stab"],"picked":"PiercingWail+1","floor":47},{"not_picked":["Backflip+1","Deadly Poison"],"picked":"Escape Plan","floor":54}],"player_experience":614331,"relics_obtained":[{"floor":7.0,"key":"Sundial"},{"floor":9.0,"key":"Pear"},{"floor":10.0,"key":"Lantern"},{"floor":12.0,"key":"The Specimen"},{"floor":24.0,"key":"Ginger"},{"floor":24.0,"key":"Anchor"},{"floor":26.0,"key":"Bronze Scales"},{"floor":28.0,"key":"Mercury Hourglass"},{"floor":28.0,"key":"Kunai"},{"floor":31.0,"key":"Oddly Smooth Stone"},{"floor":31.0,"key":"Strawberry"},{"floor":40,"key":"Tingsha"},{"floor":40,"key":"War Paint"},{"floor":42,"key":"Bag of Marbles"},{"floor":42,"key":"Gremlin Horn"},{"floor":44,"key":"Art of War"},{"floor":44,"key":"Ninja Scroll"},{"floor":54,"key":"Dead Branch"},{"floor":54,"key":"Shuriken"}],"event_choices":[{"damage_healed":0.0,"max_hp_gain":0.0,"max_hp_loss":0.0,"gold_gain":0.0,"event_name":"Shining Light","player_choice":"Entered Light","floor":2.0,"gold_loss":0.0,"damage_taken":18.0,"cards_upgraded":["Strike_G","Neutralize"]},{"cards_removed":["Strike_G"],"damage_healed":0.0,"max_hp_gain":0.0,"max_hp_loss":0.0,"gold_gain":0.0,"event_name":"Golden Wing","player_choice":"Card Removal","floor":3.0,"gold_loss":0.0,"damage_taken":7.0},{"damage_healed":0.0,"max_hp_gain":0.0,"max_hp_loss":0.0,"gold_gain":0.0,"event_name":"FaceTrader","player_choice":"Trade","floor":4.0,"gold_loss":0.0,"damage_taken":0.0,"relics_obtained":["FaceOfCleric"]},{"damage_healed":0.0,"max_hp_gain":0.0,"max_hp_loss":0.0,"gold_gain":0.0,"event_name":"Living Wall","player_choice":"Grow","floor":13.0,"gold_loss":0.0,"damage_taken":0.0,"cards_upgraded":["Deadly Poison"]},{"damage_healed":0.0,"max_hp_gain":0.0,"max_hp_loss":0.0,"gold_gain":50.0,"event_name":"Nest","player_choice":"Stole From Cult","floor":19.0,"gold_loss":0.0,"damage_taken":0.0},{"damage_healed":0.0,"max_hp_gain":5.0,"max_hp_loss":0.0,"gold_gain":0.0,"event_name":"Forgotten Altar","player_choice":"Shed Blood","floor":21.0,"gold_loss":0.0,"damage_taken":28.0},{"damage_healed":0.0,"max_hp_gain":0.0,"max_hp_loss":0.0,"gold_gain":0.0,"event_name":"The Mausoleum","player_choice":"Ignored","floor":22.0,"gold_loss":0.0,"damage_taken":0.0},{"damage_healed":0.0,"max_hp_gain":0.0,"max_hp_loss":0.0,"gold_gain":0.0,"event_name":"Back to Basics","player_choice":"Simplicity","floor":30.0,"gold_loss":0.0,"damage_taken":0.0,"cards_upgraded":["Strike_G","Strike_G","Defend_G","Defend_G","Defend_G","Defend_G","Defend_G"]},{"cards_removed":["Dagger Throw"],"damage_healed":0,"gold_gain":0,"player_choice":"Removed Attack","damage_taken":0,"max_hp_gain":0,"max_hp_loss":0,"event_name":"Falling","floor":45,"gold_loss":0},{"damage_healed":0,"gold_gain":0,"player_choice":"Copied","damage_taken":0,"max_hp_gain":0,"max_hp_loss":0,"event_name":"Duplicator","floor":48,"gold_loss":0,"cards_obtained":["Noxious Fumes"]}],"is_beta":false,"boss_relics":[{"not_picked":["Ectoplasm","Ring of the Serpent"],"picked":"Black Star"},{"not_picked":["Runic Dome","Busted Crown"],"picked":"Fusion Hammer"}],"items_purged_floors":[27,53],"is_endless":false,"potions_floor_spawned":[11,16,18,24,37,38,40,42,54],"ascension_level":15}