{"gold_per_floor":[109,109,109,61,73,106,120,145,145,159,159,175,175,194,194,273,273,283,301,384,309,323,323,349,21,89,118,218,244,10,35,35,107,107,122,122,134,28,45,74,74,174,174,208,220,260,272,304,316,328],"floor_reached":51,"playtime":4264,"items_purged":["Infinite Blades","Sucker Punch+1"],"score":1443,"play_id":"b245f8d4-11d2-45a2-ba2c-6ba316f6c665","local_time":"20191002173322","is_ascension_mode":true,"campfire_choices":[{"data":"Well Laid Plans","floor":11,"key":"SMITH"},{"data":"Neutralize","floor":15,"key":"SMITH"},{"data":"After Image","floor":23,"key":"SMITH"},{"data":"Footwork","floor":32,"key":"SMITH"},{"data":"Footwork","floor":47,"key":"SMITH"},{"data":"Panache","floor":49,"key":"SMITH"}],"neow_cost":"NONE","seed_source_timestamp":786076679335200,"circlet_count":0,"master_deck":["AscendersBane","Survivor","Neutralize+1","Well Laid Plans+1","Skewer+1","Neutralize+1","Quick Slash+1","PiercingWail","Deflect+1","Poisoned Stab+1","PiercingWail+1","Bouncing Flask+1","Glass Knife+1","Quick Slash+1","After Image+1","Bullet Time+1","Flying Knee+1","Storm of Steel+1","A Thousand Cuts","Escape Plan+1","Dash+1","Footwork+1","Deflect+1","Bouncing Flask+1","Noxious Fumes+1","Calculated Gamble+1","Dodge and Roll+1","Panache+1","PiercingWail+1","Night Terror+1","Footwork+1","Master of Strategy+1","Acrobatics+1","Dodge and Roll+1","Deflect+1","Backflip+1","Malaise+1","Blade Dance+1"],"special_seed":0,"relics":["Ring of the Snake","NeowsBlessing","Molten Egg 2","Meat on the Bone","Toxic Egg 2","Bottled Lightning","Pandora\u0027s Box","Tiny Chest","Turnip","Membership Card","Oddly Smooth Stone","Letter Opener","Toy Ornithopter","Ginger","Blue Candle","Dead Branch","InkBottle","Calipers","Snecko Eye","Question Card","TungstenRod","MawBank","Mango","CaptainsWheel"],"potions_floor_usage":[22,29,39,44],"damage_taken":[{"damage":0.0,"enemies":"Jaw Worm","floor":1.0,"turns":1.0},{"damage":0,"enemies":"Cultist","floor":5,"turns":1},{"damage":0,"enemies":"3 Sentries","floor":6,"turns":1},{"damage":0,"enemies":"Small Slimes","floor":7,"turns":3},{"damage":18,"enemies":"Gremlin Nob","floor":8,"turns":4},{"damage":9,"enemies":"Gremlin Gang","floor":10,"turns":6},{"damage":8,"enemies":"Lots of Slimes","floor":12,"turns":5},{"damage":5,"enemies":"Red Slaver","floor":14,"turns":4},{"damage":11,"enemies":"Hexaghost","floor":16,"turns":9},{"damage":0,"enemies":"3 Byrds","floor":18,"turns":4},{"damage":10,"enemies":"2 Thieves","floor":19,"turns":4},{"damage":6,"enemies":"Snecko","floor":22,"turns":3},{"damage":19,"enemies":"Slavers","floor":24,"turns":5},{"damage":5,"enemies":"Book of Stabbing","floor":27,"turns":4},{"damage":19,"enemies":"Colosseum Slavers","floor":28,"turns":4},{"damage":9,"enemies":"Colosseum Nobs","floor":28,"turns":5},{"damage":4,"enemies":"Slavers","floor":29,"turns":6},{"damage":5,"enemies":"Book of Stabbing","floor":31,"turns":4},{"damage":28,"enemies":"Collector","floor":33,"turns":11},{"damage":0,"enemies":"3 Shapes","floor":35,"turns":4},{"damage":15,"enemies":"3 Darklings","floor":37,"turns":3},{"damage":16,"enemies":"Writhing Mass","floor":39,"turns":5},{"damage":31,"enemies":"Reptomancer","floor":40,"turns":5},{"damage":1,"enemies":"Mind Bloom Boss Battle","floor":42,"turns":5},{"damage":9,"enemies":"Nemesis","floor":44,"turns":7},{"damage":10,"enemies":"Giant Head","floor":46,"turns":6},{"damage":0,"enemies":"Jaw Worm Horde","floor":48,"turns":2},{"damage":26,"enemies":"Awakened One","floor":50,"turns":10}],"seed_played":"-7581683409652356375","potions_obtained":[{"floor":6,"key":"PowerPotion"},{"floor":8,"key":"Dexterity Potion"},{"floor":12,"key":"Fire Potion"},{"floor":14,"key":"GhostInAJar"},{"floor":24,"key":"FearPotion"},{"floor":29,"key":"Block Potion"},{"floor":31,"key":"Fire Potion"},{"floor":40,"key":"Block Potion"},{"floor":46,"key":"FearPotion"},{"floor":48,"key":"PowerPotion"}],"is_trial":false,"path_per_floor":["M","?","?","$","M","E","M","E","T","M","R","M","?","M","R","B",null,"M","M","T","?","M","R","E","$","T","E","?","E","$","E","R","B",null,"M","$","M","$","M","E","?","?","T","E","T","E","R","M","R","B",null],"character_chosen":"THE_SILENT","items_purchased":["Quick Slash+1","Membership Card","Footwork","Oddly Smooth Stone","Deflect+1","Dodge and Roll+1","InkBottle","Panache","Master of Strategy+1","Acrobatics+1"],"campfire_rested":0,"item_purchase_floors":[4,25,25,25,25,30,30,30,38,38],"current_hp_per_floor":[59,48,48,48,48,48,48,42,42,45,45,37,37,44,44,45,61,61,51,51,51,45,45,38,38,38,45,41,42,42,37,37,21,55,55,55,40,40,41,22,54,53,53,45,59,49,49,49,49,35],"gold":340,"neow_bonus":"THREE_ENEMY_KILL","is_prod":false,"is_daily":false,"chose_seed":false,"campfire_upgraded":6,"win_rate":0,"timestamp":1570030402,"path_taken":["M","?","?","$","M","E","M","E","T","M","R","?","?","?","R","BOSS","M","?","?","?","M","R","E","$","T","E","?","E","$","E","R","BOSS","M","$","M","$","M","E","?","?","T","E","?","E","R","?","R","BOSS"],"build_version":"2019-10-01","purchased_purges":2,"victory":true,"max_hp_per_floor":[66,66,66,66,66,66,66,66,66,66,66,66,66,66,66,66,66,66,66,66,66,66,66,66,66,66,66,66,66,66,66,66,66,66,66,66,66,66,66,66,54,54,54,54,68,68,68,68,68,68],"card_choices":[{"not_picked":["Quick Slash","Accuracy"],"picked":"Well Laid Plans","floor":1.0},{"not_picked":["Prepared","Flying Knee+1"],"picked":"PiercingWail","floor":5},{"not_picked":["Bullet Time","Deadly Poison","Heel Hook+1"],"picked":"SKIP","floor":6},{"not_picked":["Terror","Bane+1","Calculated Gamble"],"picked":"SKIP","floor":7},{"not_picked":["Cloak And Dagger","Dagger Throw+1"],"picked":"Deflect","floor":8},{"not_picked":["Quick Slash+1","Blade Dance+1"],"picked":"Poisoned Stab+1","floor":10},{"not_picked":["Finisher+1","Infinite Blades"],"picked":"PiercingWail+1","floor":12},{"not_picked":["Setup+1","Reflex+1"],"picked":"Bouncing Flask+1","floor":14},{"not_picked":["A Thousand Cuts","After Image"],"picked":"Glass Knife+1","floor":16},{"not_picked":["Noxious Fumes","Bouncing Flask+1"],"picked":"Escape Plan+1","floor":18},{"not_picked":["Outmaneuver+1","Dagger Spray+1","All Out Attack+1"],"picked":"SKIP","floor":19},{"not_picked":["All Out Attack+1","PiercingWail+1"],"picked":"Dash+1","floor":22},{"not_picked":["A Thousand Cuts","Outmaneuver+1","Sucker Punch+1"],"picked":"SKIP","floor":24},{"not_picked":["Cloak And Dagger+1","PiercingWail+1"],"picked":"Bouncing Flask+1","floor":27},{"not_picked":["Concentrate+1","Riddle With Holes+1"],"picked":"Noxious Fumes+1","floor":28},{"not_picked":["Masterful Stab+1","Choke+1"],"picked":"Calculated Gamble+1","floor":29},{"not_picked":["Eviscerate+1","Dagger Spray+1"],"picked":"PiercingWail+1","floor":31},{"not_picked":["Doppelganger+1","Unload+1"],"picked":"Night Terror+1","floor":33},{"not_picked":["Deadly Poison+1","Setup+1","Quick Slash+1"],"picked":"SKIP","floor":35},{"not_picked":["Deflect+1","Blade Dance+1"],"picked":"Footwork","floor":37},{"not_picked":["Bouncing Flask+1","Cloak And Dagger+1"],"picked":"Dodge and Roll+1","floor":39},{"not_picked":["Underhanded Strike+1","Predator+1"],"picked":"Deflect+1","floor":40},{"not_picked":["Poisoned Stab+1","Choke+1","Grand Finale+1"],"picked":"Backflip+1","floor":42},{"not_picked":["Bane+1","Deflect+1","Dagger Throw+1","Masterful Stab+1"],"picked":"SKIP","floor":44},{"not_picked":["Dagger Throw+1","Blade Dance+1","Footwork"],"picked":"Malaise+1","floor":46},{"not_picked":["Backstab+1","Underhanded Strike+1","All Out Attack+1"],"picked":"Blade Dance+1","floor":48}],"player_experience":915087,"relics_obtained":[{"floor":6,"key":"Meat on the Bone"},{"floor":8,"key":"Toxic Egg 2"},{"floor":9,"key":"Bottled Lightning"},{"floor":20,"key":"Tiny Chest"},{"floor":24,"key":"Turnip"},{"floor":26,"key":"Letter Opener"},{"floor":27,"key":"Toy Ornithopter"},{"floor":28,"key":"Ginger"},{"floor":28,"key":"Blue Candle"},{"floor":29,"key":"Dead Branch"},{"floor":31,"key":"Calipers"},{"floor":40,"key":"Question Card"},{"floor":42,"key":"TungstenRod"},{"floor":44,"key":"MawBank"},{"floor":45,"key":"Mango"},{"floor":46,"key":"CaptainsWheel"}],"event_choices":[{"damage_healed":0.0,"max_hp_gain":0.0,"max_hp_loss":0.0,"gold_gain":0.0,"event_name":"Scrap Ooze","player_choice":"Success","floor":2.0,"gold_loss":0.0,"damage_taken":11.0,"relics_obtained":["Molten Egg 2"]},{"damage_healed":0,"gold_gain":0,"player_choice":"2 cards matched","damage_taken":0,"max_hp_gain":0,"max_hp_loss":0,"event_name":"Match and Keep!","floor":3,"gold_loss":0,"cards_obtained":["Skewer","Neutralize"]},{"cards_removed":["Strike_G"],"damage_healed":0,"gold_gain":0,"player_choice":"Offered Basic","damage_taken":0,"max_hp_gain":0,"max_hp_loss":0,"event_name":"Bonfire Elementals","floor":13,"gold_loss":0},{"cards_removed":["Tools of the Trade"],"damage_healed":0,"gold_gain":0,"player_choice":"Gave Gold","damage_taken":0,"max_hp_gain":0,"max_hp_loss":0,"event_name":"Beggar","floor":21,"gold_loss":75},{"damage_healed":0,"gold_gain":0,"player_choice":"Fight","damage_taken":0,"max_hp_gain":0,"max_hp_loss":0,"event_name":"Colosseum","floor":28,"gold_loss":0},{"damage_healed":0,"gold_gain":0,"player_choice":"Fought Nobs","damage_taken":0,"max_hp_gain":0,"max_hp_loss":0,"event_name":"Colosseum","floor":28,"gold_loss":0},{"damage_healed":54,"gold_gain":0,"player_choice":"Heal","damage_taken":0,"max_hp_gain":0,"max_hp_loss":12,"event_name":"The Moai Head","floor":41,"gold_loss":0},{"damage_healed":0,"gold_gain":0,"player_choice":"Fight","damage_taken":0,"max_hp_gain":0,"max_hp_loss":0,"event_name":"MindBloom","floor":42,"gold_loss":0}],"is_beta":true,"boss_relics":[{"not_picked":["WristBlade","Empty Cage"],"picked":"Pandora\u0027s Box"},{"not_picked":["HoveringKite","Tiny House"],"picked":"Snecko Eye"}],"items_purged_floors":[25,30],"is_endless":false,"potions_floor_spawned":[6,8,10,12,14,18,24,29,31,35,40,46,48],"ascension_level":15}