{"gold_per_floor":[115,135,149,163,182,182,200,200,275,288,288,314,314,339,339,443,443,462,462,449,464,389,389,422,422,422,422,117,117,136,236,236,331,331,350,402,277,577,597,597,631,631,631,661,679,711,726,753,753,753],"floor_reached":51,"playtime":2141,"items_purged":["Strike_R","Strike_R","Strike_R"],"score":1036,"play_id":"313a10dc-1205-4727-8f73-6278d167a99c","local_time":"20190624104937","is_ascension_mode":true,"campfire_choices":[{"data":"Searing Blow","floor":6.0,"key":"SMITH"},{"data":"Searing Blow+1","floor":8.0,"key":"SMITH"},{"data":"Searing Blow+2","floor":11.0,"key":"SMITH"},{"data":"Searing Blow+3","floor":13.0,"key":"SMITH"},{"data":"Searing Blow+4","floor":15.0,"key":"SMITH"},{"data":"Searing Blow+5","floor":23.0,"key":"SMITH"},{"data":"Searing Blow+6","floor":27.0,"key":"SMITH"},{"data":"Searing Blow+7","floor":29.0,"key":"SMITH"},{"data":"Searing Blow+8","floor":32.0,"key":"SMITH"},{"data":"Searing Blow+9","floor":40.0,"key":"SMITH"},{"data":"Searing Blow+10","floor":42.0,"key":"SMITH"},{"data":"Searing Blow+11","floor":49,"key":"SMITH"}],"neow_cost":"NONE","seed_source_timestamp":34650499111580,"circlet_count":0,"master_deck":["Strike_R","Strike_R","Defend_R","Defend_R","Defend_R","Defend_R","Bash+1","Whirlwind","Searing Blow+12","Shrug It Off","Double Tap","Battle Trance+1"],"special_seed":0,"relics":["Burning Blood","Kunai","Bottled Flame","Du-Vu Doll","Black Star","Orichalcum","Vajra","Omamori","Nunchaku","Boot","Frozen Eye","Ice Cream","Paper Frog","Runic Pyramid","StoneCalendar","Bag of Marbles","Pear","Meat on the Bone","Mummified Hand","PreservedInsect","Toxic Egg 2","Happy Flower","Dodecahedron","Darkstone Periapt"],"potions_floor_usage":[50],"damage_taken":[{"damage":1.0,"enemies":"Cultist","floor":1.0,"turns":3.0},{"damage":0.0,"enemies":"2 Louse","floor":2.0,"turns":1.0},{"damage":5.0,"enemies":"Small Slimes","floor":3.0,"turns":3.0},{"damage":28.0,"enemies":"Exordium Thugs","floor":4.0,"turns":4.0},{"damage":15.0,"enemies":"Blue Slaver","floor":5.0,"turns":6.0},{"damage":5.0,"enemies":"Looter","floor":7.0,"turns":3.0},{"damage":0.0,"enemies":"Lots of Slimes","floor":10.0,"turns":1.0},{"damage":34.0,"enemies":"Lagavulin","floor":12.0,"turns":9.0},{"damage":10.0,"enemies":"3 Sentries","floor":14.0,"turns":8.0},{"damage":17.0,"enemies":"Hexaghost","floor":16.0,"turns":9.0},{"damage":0.0,"enemies":"Shell Parasite","floor":18.0,"turns":1.0},{"damage":12.0,"enemies":"2 Thieves","floor":20.0,"turns":4.0},{"damage":28.0,"enemies":"Snake Plant","floor":21.0,"turns":5.0},{"damage":13.0,"enemies":"Slavers","floor":24.0,"turns":6.0},{"damage":12.0,"enemies":"Shelled Parasite and Fungi","floor":30.0,"turns":3.0},{"damage":6.0,"enemies":"Colosseum Slavers","floor":31.0,"turns":4.0},{"damage":1.0,"enemies":"Colosseum Nobs","floor":31.0,"turns":4.0},{"damage":26.0,"enemies":"Collector","floor":33.0,"turns":3.0},{"damage":4.0,"enemies":"Orb Walker","floor":35.0,"turns":2.0},{"damage":24.0,"enemies":"2 Orb Walkers","floor":36.0,"turns":3.0},{"damage":11.0,"enemies":"3 Darklings","floor":39.0,"turns":5.0},{"damage":12.0,"enemies":"Nemesis","floor":41.0,"turns":3.0},{"damage":4,"enemies":"Giant Head","floor":44,"turns":3},{"damage":0,"enemies":"Sphere and 2 Shapes","floor":45,"turns":2},{"damage":0,"enemies":"Nemesis","floor":46,"turns":1},{"damage":6,"enemies":"Jaw Worm Horde","floor":47,"turns":3},{"damage":0,"enemies":"Reptomancer","floor":48,"turns":1},{"damage":46,"enemies":"Awakened One","floor":50,"turns":3}],"seed_played":"6960275189805781787","potions_obtained":[{"floor":3.0,"key":"SpeedPotion"},{"floor":4.0,"key":"Swift Potion"},{"floor":7.0,"key":"GamblersBrew"},{"floor":12.0,"key":"EssenceOfSteel"},{"floor":31.0,"key":"FairyPotion"}],"is_trial":false,"path_per_floor":["M","M","M","M","M","R","M","R","T","M","R","E","R","E","R","B",null,"M","?","M","M","$","R","E","?","T","R","$","R","M","?","R","B",null,"M","?","$","?","M","R","E","R","T","E","M","E","M","E","R","B",null],"character_chosen":"IRONCLAD","items_purchased":["Frozen Eye"],"campfire_rested":0,"item_purchase_floors":[28],"current_hp_per_floor":[80,80,80,58,49,49,50,50,50,56,56,28,28,24,24,13,80,80,80,74,52,52,52,45,45,45,45,45,45,39,44,44,24,80,80,62,62,62,57,57,61,61,61,63,69,75,75,81,81,53],"gold":753,"neow_bonus":"UPGRADE_CARD","is_prod":false,"is_daily":false,"chose_seed":false,"campfire_upgraded":12,"win_rate":0,"timestamp":1561366177,"path_taken":["M","?","M","M","M","R","M","R","T","M","R","E","R","E","R","BOSS","M","?","M","M","$","R","E","?","T","R","$","R","?","?","R","BOSS","M","?","$","?","M","R","E","R","T","E","M","E","?","E","R","BOSS"],"build_version":"2019-01-23","purchased_purges":3,"victory":true,"max_hp_per_floor":[80,80,80,80,80,80,80,80,80,80,80,80,80,80,80,80,80,80,80,80,80,80,80,80,80,80,80,80,80,80,80,80,80,80,80,80,80,80,80,80,90,90,90,90,90,90,90,90,90,90],"card_choices":[{"not_picked":["Armaments","Corruption"],"picked":"Whirlwind","floor":1.0},{"not_picked":["Wild Strike","Iron Wave"],"picked":"Searing Blow","floor":2.0},{"not_picked":["Iron Wave","Dark Embrace","Pommel Strike"],"picked":"SKIP","floor":3.0},{"not_picked":["Headbutt","Perfected Strike","Pummel"],"picked":"SKIP","floor":4.0},{"not_picked":["Twin Strike","Havoc","Power Through"],"picked":"SKIP","floor":5.0},{"not_picked":["Perfected Strike","Clothesline"],"picked":"Shrug It Off","floor":7.0},{"not_picked":["Pommel Strike","Spot Weakness","Combust"],"picked":"SKIP","floor":10.0},{"not_picked":["Anger","Rage","Headbutt"],"picked":"SKIP","floor":12.0},{"not_picked":["Heavy Blade","Burning Pact","Iron Wave"],"picked":"SKIP","floor":14.0},{"not_picked":["Bludgeon","Impervious"],"picked":"Double Tap","floor":16.0},{"not_picked":["Warcry","True Grit","Iron Wave"],"picked":"SKIP","floor":18.0},{"not_picked":["True Grit","Perfected Strike+1","Clash+1"],"picked":"SKIP","floor":20.0},{"not_picked":["Flex","Ghostly Armor","Iron Wave"],"picked":"SKIP","floor":21.0},{"not_picked":["Burning Pact","Pommel Strike","Twin Strike"],"picked":"SKIP","floor":24.0},{"not_picked":["True Grit","Shrug It Off","Twin Strike"],"picked":"SKIP","floor":30.0},{"not_picked":["Whirlwind","Entrench"],"picked":"Battle Trance+1","floor":31.0},{"not_picked":["Seeing Red+1","Sever Soul+1","Headbutt"],"picked":"SKIP","floor":35.0},{"not_picked":["Twin Strike+1","Body Slam+1","Shrug It Off"],"picked":"SKIP","floor":39.0},{"not_picked":["Sword Boomerang+1","Armaments","Juggernaut"],"picked":"SKIP","floor":41.0},{"not_picked":["Whirlwind+1","Feel No Pain","Thunderclap"],"picked":"SKIP","floor":44},{"not_picked":["Anger","Clothesline","Flex+1"],"picked":"SKIP","floor":45},{"not_picked":["Spot Weakness","Carnage","Clothesline+1"],"picked":"SKIP","floor":46},{"not_picked":["Pummel+1","Flex+1","Uppercut"],"picked":"SKIP","floor":47},{"not_picked":["Wild Strike+1","Heavy Blade+1","Sword Boomerang+1"],"picked":"SKIP","floor":48}],"player_experience":589054,"relics_obtained":[{"floor":9.0,"key":"Kunai"},{"floor":12.0,"key":"Bottled Flame"},{"floor":14.0,"key":"Du-Vu Doll"},{"floor":24.0,"key":"Vajra"},{"floor":24.0,"key":"Omamori"},{"floor":26.0,"key":"Boot"},{"floor":31.0,"key":"Ice Cream"},{"floor":31.0,"key":"Paper Frog"},{"floor":36.0,"key":"StoneCalendar"},{"floor":41.0,"key":"Bag of Marbles"},{"floor":41.0,"key":"Pear"},{"floor":43.0,"key":"Meat on the Bone"},{"floor":44,"key":"Mummified Hand"},{"floor":44,"key":"PreservedInsect"},{"floor":46,"key":"Toxic Egg 2"},{"floor":46,"key":"Happy Flower"},{"floor":48,"key":"Dodecahedron"},{"floor":48,"key":"Darkstone Periapt"}],"event_choices":[{"damage_healed":0.0,"max_hp_gain":0.0,"max_hp_loss":0.0,"gold_gain":0.0,"event_name":"The Mausoleum","player_choice":"Opened","floor":19.0,"gold_loss":0.0,"damage_taken":0.0,"relics_obtained":["Orichalcum"]},{"damage_healed":0.0,"max_hp_gain":0.0,"max_hp_loss":0.0,"gold_gain":0.0,"event_name":"WeMeetAgain","player_choice":"Gave Potion","floor":25.0,"gold_loss":0.0,"damage_taken":0.0,"relics_obtained":["Nunchaku"]},{"damage_healed":0.0,"max_hp_gain":0.0,"max_hp_loss":0.0,"gold_gain":0.0,"event_name":"Colosseum","player_choice":"Fight","floor":31.0,"gold_loss":0.0,"damage_taken":0.0},{"damage_healed":0.0,"max_hp_gain":0.0,"max_hp_loss":0.0,"gold_gain":0.0,"event_name":"Colosseum","player_choice":"Fought Nobs","floor":31.0,"gold_loss":0.0,"damage_taken":0.0},{"damage_healed":0.0,"max_hp_gain":0.0,"max_hp_loss":0.0,"gold_gain":0.0,"event_name":"Mysterious Sphere","player_choice":"Fight","floor":36.0,"gold_loss":0.0,"damage_taken":0.0},{"damage_healed":0.0,"max_hp_gain":0.0,"max_hp_loss":0.0,"gold_gain":300.0,"event_name":"Wheel of Change","player_choice":"Gold","floor":38.0,"gold_loss":0.0,"damage_taken":0.0}],"is_beta":false,"boss_relics":[{"not_picked":["Busted Crown","Eternal Feather"],"picked":"Black Star"},{"not_picked":["Runic Cube","Calling Bell"],"picked":"Runic Pyramid"}],"items_purged_floors":[22,28,37],"is_endless":false,"potions_floor_spawned":[3,4,7,12,16,18,31,31,35,36,39,44,48],"ascension_level":1}