{"gold_per_floor":[112,128,138,158,171,171,199,211,235,235,254,288,288,298,298,298],"floor_reached":16,"playtime":902,"items_purged":[],"score":203,"play_id":"c2ef59a1-a325-4d59-81c7-64b38001f8de","local_time":"20190710200056","is_ascension_mode":true,"campfire_choices":[{"floor":6.0,"key":"REST"},{"floor":10.0,"key":"REST"},{"floor":13,"key":"REST"},{"floor":15,"key":"REST"}],"neow_cost":"NONE","seed_source_timestamp":1451537026562560,"circlet_count":0,"master_deck":["AscendersBane","Strike_B","Strike_B","Strike_B","Strike_B","Defend_B","Defend_B","Defend_B","Defend_B","Zap+1","Dualcast","Conserve Battery","Darkness","Leap","Compile Driver","Fission","Conserve Battery","Buffer","Sunder","Coolheaded"],"special_seed":0,"relics":["Cracked Core","Art of War","Omamori","Bottled Flame"],"potions_floor_usage":[],"damage_taken":[{"damage":1.0,"enemies":"Cultist","floor":1.0,"turns":3.0},{"damage":12.0,"enemies":"Jaw Worm","floor":2.0,"turns":3.0},{"damage":7.0,"enemies":"Small Slimes","floor":3.0,"turns":3.0},{"damage":18.0,"enemies":"Gremlin Gang","floor":4.0,"turns":6.0},{"damage":4.0,"enemies":"Blue Slaver","floor":5.0,"turns":4.0},{"damage":14.0,"enemies":"Lagavulin","floor":7.0,"turns":7.0},{"damage":9.0,"enemies":"Red Slaver","floor":8.0,"turns":4.0},{"damage":8.0,"enemies":"3 Louse","floor":11.0,"turns":5.0},{"damage":22.0,"enemies":"3 Sentries","floor":12.0,"turns":10.0},{"damage":28,"enemies":"Exordium Thugs","floor":14,"turns":7},{"damage":31,"enemies":"Slime Boss","floor":16,"turns":3}],"seed_played":"2230955846954642617","potions_obtained":[{"floor":2.0,"key":"Strength Potion"},{"floor":3.0,"key":"Poison Potion"}],"is_trial":false,"path_per_floor":["M","M","M","M","M","R","E","M","T","R","M","E","R","M","R","B"],"character_chosen":"DEFECT","items_purchased":[],"campfire_rested":4,"item_purchase_floors":[],"current_hp_per_floor":[63,51,44,26,22,43,29,20,20,41,33,11,32,4,25,0],"gold":298,"neow_bonus":"UPGRADE_CARD","is_prod":false,"is_daily":false,"chose_seed":false,"campfire_upgraded":0,"win_rate":0,"timestamp":1562781656,"path_taken":["M","M","?","M","M","R","E","M","T","R","M","E","R","M","R","BOSS"],"build_version":"2019-07-05","purchased_purges":0,"victory":false,"max_hp_per_floor":[71,71,71,71,71,71,71,71,71,71,71,71,71,71,71,71],"card_choices":[{"not_picked":["Go for the Eyes","Reinforced Body"],"picked":"Conserve Battery","floor":1.0},{"not_picked":["Redo","Turbo"],"picked":"Darkness","floor":2.0},{"not_picked":["Darkness","Skim","Barrage"],"picked":"SKIP","floor":3.0},{"not_picked":["Turbo","Barrage"],"picked":"Leap","floor":4.0},{"not_picked":["Beam Cell","Rebound"],"picked":"Compile Driver","floor":5.0},{"not_picked":["Stack","Hello World"],"picked":"Fission","floor":7.0},{"not_picked":["Streamline","Beam Cell"],"picked":"Conserve Battery","floor":8.0},{"not_picked":["Conserve Battery","Auto Shields"],"picked":"Buffer","floor":11.0},{"not_picked":["Conserve Battery","Rebound"],"picked":"Sunder","floor":12},{"not_picked":["Capacitor","Cold Snap"],"picked":"Coolheaded","floor":14}],"player_experience":635836,"relics_obtained":[{"floor":7.0,"key":"Art of War"},{"floor":9.0,"key":"Omamori"},{"floor":12,"key":"Bottled Flame"}],"event_choices":[],"is_beta":false,"boss_relics":[],"items_purged_floors":[],"is_endless":false,"potions_floor_spawned":[2,3,4,11,12,14],"killed_by":"Slime Boss","ascension_level":15}