{"gold_per_floor":[114,114,139,163,178,178,217,217,217,247,280,280,313,145,145,238,238,259,274,293,94,112,112],"floor_reached":23,"playtime":1571,"items_purged":["Strike_B","Strike_B"],"score":380,"play_id":"aeb141d3-1216-4ad7-8ec6-218493827778","local_time":"20190626194808","is_ascension_mode":true,"campfire_choices":[{"data":"Go for the Eyes","floor":6,"key":"SMITH"},{"floor":8,"key":"REST"},{"floor":12,"key":"REST"},{"data":"Zap","floor":15,"key":"SMITH"}],"neow_cost":"NONE","seed_source_timestamp":557595565929382,"circlet_count":0,"master_deck":["AscendersBane","Strike_B","Defend_B+1","Defend_B","Defend_B","Defend_B","Zap+1","Dualcast+1","Go for the Eyes+1","Sweeping Beam","Conserve Battery","Steam","Scrape","Sweeping Beam","Beam Cell","Skim","Cold Snap","Loop","Creative AI","Hologram+1","Skim","Defragment","Steam","Hello World","Capacitor"],"relics":["Cracked Core","Golden Idol","War Paint","Mummified Hand","Odd Mushroom","Mango","Bag of Preparation","Sozu"],"potions_floor_usage":[7,7],"damage_taken":[{"damage":10,"enemies":"Small Slimes","floor":1,"turns":5},{"damage":2,"enemies":"Jaw Worm","floor":3,"turns":4},{"damage":1,"enemies":"Cultist","floor":4,"turns":3},{"damage":4,"enemies":"Blue Slaver","floor":5,"turns":4},{"damage":25,"enemies":"3 Sentries","floor":7,"turns":6},{"damage":7,"enemies":"The Mushroom Lair","floor":10,"turns":4},{"damage":23,"enemies":"Gremlin Nob","floor":11,"turns":4},{"damage":17,"enemies":"3 Sentries","floor":13,"turns":7},{"damage":14,"enemies":"Hexaghost","floor":16,"turns":11},{"damage":15,"enemies":"Spheric Guardian","floor":18,"turns":4},{"damage":0,"enemies":"3 Byrds","floor":19,"turns":4},{"damage":13,"enemies":"Centurion and Healer","floor":20,"turns":8},{"damage":12,"enemies":"3 Cultists","floor":22,"turns":5},{"damage":24,"enemies":"Book of Stabbing","floor":23,"turns":5}],"seed_played":"-7258655173043495414","potions_obtained":[{"floor":1,"key":"LiquidBronze"},{"floor":3,"key":"Strength Potion"},{"floor":5,"key":"LiquidBronze"},{"floor":13,"key":"AttackPotion"}],"is_trial":false,"path_per_floor":["M","?","M","M","M","R","E","R","T","?","E","R","E","$","R","B",null,"M","M","M","$","M","E"],"character_chosen":"DEFECT","items_purchased":["Cold Snap","Loop","Steam","Hello World"],"campfire_rested":2,"item_purchase_floors":[14,14,21,21],"current_hp_per_floor":[54,54,52,51,47,47,22,41,41,34,25,48,31,31,31,17,63,48,48,35,35,23,0],"gold":112,"neow_bonus":"REMOVE_CARD","is_prod":false,"is_daily":false,"chose_seed":false,"campfire_upgraded":2,"win_rate":0,"timestamp":1561592888,"path_taken":["M","?","M","M","M","R","E","R","T","?","E","R","E","?","R","BOSS","M","M","M","$","?","E"],"build_version":"2019-01-23","purchased_purges":2,"victory":false,"max_hp_per_floor":[71,64,64,64,64,64,64,64,64,64,78,78,78,78,78,78,78,78,78,78,78,78,78],"card_choices":[{"not_picked":["Chill","Hologram"],"picked":"Go for the Eyes","floor":1},{"not_picked":["Hologram","Turbo"],"picked":"Sweeping Beam","floor":3},{"not_picked":["Go for the Eyes","Stack"],"picked":"Conserve Battery","floor":4},{"not_picked":["Redo","Blizzard"],"picked":"Steam","floor":5},{"not_picked":["Gash","Beam Cell"],"picked":"Scrape","floor":7},{"not_picked":["Buffer","Turbo"],"picked":"Sweeping Beam","floor":10},{"not_picked":["Tempest","Leap"],"picked":"Beam Cell","floor":11},{"not_picked":["Fusion","Gash"],"picked":"Skim","floor":13},{"not_picked":["Fission","Meteor Strike"],"picked":"Creative AI","floor":16},{"not_picked":["Rip and Tear","Force Field"],"picked":"Hologram+1","floor":18},{"not_picked":["Turbo","Steam Power"],"picked":"Skim","floor":19},{"not_picked":["Sunder","Sweeping Beam"],"picked":"Defragment","floor":20},{"not_picked":["Cold Snap","Ball Lightning"],"picked":"Capacitor","floor":22}],"player_experience":1059091,"relics_obtained":[{"floor":7,"key":"War Paint"},{"floor":9,"key":"Mummified Hand"},{"floor":10,"key":"Odd Mushroom"},{"floor":11,"key":"Mango"},{"floor":13,"key":"Bag of Preparation"}],"event_choices":[{"damage_healed":0,"gold_gain":0,"player_choice":"Lose Max HP","damage_taken":0,"relics_obtained":["Golden Idol"],"max_hp_gain":0,"max_hp_loss":7,"event_name":"Golden Idol","floor":2,"gold_loss":0},{"damage_healed":0,"gold_gain":0,"player_choice":"Fought Mushrooms","damage_taken":0,"max_hp_gain":0,"max_hp_loss":0,"event_name":"Mushrooms","floor":10,"gold_loss":0}],"is_beta":false,"boss_relics":[{"not_picked":["Calling Bell","FrozenCore"],"picked":"Sozu"}],"items_purged_floors":[14,21],"is_endless":false,"potions_floor_spawned":[1,3,5,13,22],"killed_by":"Book of Stabbing","ascension_level":16}