{"gold_per_floor":[118,13,30,30,42,42,70,70,96,21,32,50,62,62,62,163,163,177,19,30,48,48,48,58,88,88,108,137,137,150,169,169,267,267,283,22,33,33,33,33],"floor_reached":40,"playtime":3145,"items_purged":["Decay"],"score":455,"play_id":"f2664e43-a86e-47cc-9f9f-22e9b852cb17","local_time":"20191005021143","is_ascension_mode":false,"campfire_choices":[{"data":"Spot Weakness","floor":6,"key":"SMITH"},{"data":"Heavy Blade","floor":8,"key":"SMITH"},{"floor":15,"key":"REST"},{"floor":23,"key":"REST"},{"data":"Berserk","floor":29,"key":"SMITH"},{"floor":32,"key":"REST"}],"neow_cost":"NONE","seed_source_timestamp":37929436305500,"circlet_count":0,"master_deck":["Strike_R","Strike_R","Strike_R","Strike_R","Strike_R","Defend_R","Defend_R","Defend_R","Defend_R","Bash","Heavy Blade+1","Spot Weakness+1","Metallicize","Heavy Blade","Cleave","Shrug It Off+1","Sword Boomerang","Berserk+1","Dramatic Entrance","Shockwave","Thunderclap","Heavy Blade","Battle Trance","Immolate","True Grit+1"],"relics":["Busted Crown","Orichalcum","PreservedInsect","Cursed Key","Meat on the Bone","Dream Catcher","Coffee Dripper","Frozen Egg 2"],"potions_floor_usage":[16,18,21,21,31,33,33,33,40],"damage_taken":[{"damage":1,"enemies":"Cultist","floor":1,"turns":3},{"damage":0,"enemies":"Small Slimes","floor":3,"turns":2},{"damage":11,"enemies":"Jaw Worm","floor":5,"turns":3},{"damage":22,"enemies":"Lagavulin","floor":7,"turns":5},{"damage":7,"enemies":"Gremlin Gang","floor":11,"turns":2},{"damage":2,"enemies":"Looter","floor":12,"turns":3},{"damage":3,"enemies":"Lots of Slimes","floor":13,"turns":3},{"damage":7,"enemies":"Hexaghost","floor":16,"turns":7},{"damage":18,"enemies":"Chosen","floor":18,"turns":5},{"damage":10,"enemies":"2 Thieves","floor":20,"turns":3},{"damage":16,"enemies":"Snake Plant","floor":21,"turns":3},{"damage":4,"enemies":"3 Cultists","floor":24,"turns":4},{"damage":9,"enemies":"Book of Stabbing","floor":25,"turns":3},{"damage":18,"enemies":"Sentry and Sphere","floor":27,"turns":5},{"damage":0,"enemies":"Gremlin Leader","floor":28,"turns":3},{"damage":10,"enemies":"Snecko","floor":30,"turns":5},{"damage":18,"enemies":"Snake Plant","floor":31,"turns":4},{"damage":35,"enemies":"Collector","floor":33,"turns":6},{"damage":9,"enemies":"3 Shapes","floor":35,"turns":1},{"damage":2,"enemies":"3 Darklings","floor":37,"turns":2},{"damage":77,"enemies":"Donu and Deca","floor":40,"turns":5}],"seed_played":"-7728019592349740803","potions_obtained":[{"floor":3,"key":"SkillPotion"},{"floor":5,"key":"FearPotion"},{"floor":11,"key":"AttackPotion"},{"floor":16,"key":"LiquidBronze"},{"floor":18,"key":"Ancient Potion"},{"floor":27,"key":"Weak Potion"},{"floor":28,"key":"Fire Potion"},{"floor":31,"key":"FearPotion"},{"floor":37,"key":"Explosive Potion"}],"is_trial":false,"path_per_floor":["M","$","M","?","M","R","E","R","T","$","M","M","M","?","R","B",null,"M","$","M","M","?","R","M","E","T","M","E","R","M","M","R","B",null,"M","$","M","?","?","B"],"character_chosen":"IRONCLAD","items_purchased":["Spot Weakness","Metallicize","Dramatic Entrance","Shockwave","Frozen Egg 2"],"campfire_rested":3,"item_purchase_floors":[2,2,19,19,36],"current_hp_per_floor":[79,79,79,79,68,68,46,46,46,46,39,37,34,34,58,51,80,62,62,52,36,28,52,48,39,39,33,45,45,47,41,65,42,80,71,71,69,69,69,0],"gold":33,"neow_bonus":"BOSS_RELIC","is_prod":false,"is_daily":false,"chose_seed":false,"campfire_upgraded":3,"win_rate":0.0,"timestamp":1570255903,"path_taken":["M","$","?","?","M","R","E","R","T","?","?","M","M","?","R","BOSS","M","$","M","?","?","R","?","E","T","M","E","R","M","M","R","BOSS","M","$","M","?","?","BOSS"],"build_version":"2019-07-17","purchased_purges":1,"victory":false,"max_hp_per_floor":[80,80,80,80,80,80,80,80,80,80,80,80,80,80,80,80,80,80,80,80,80,80,80,80,80,80,80,80,80,80,80,80,80,80,80,80,80,80,80,80],"card_choices":[{"not_picked":[],"picked":"Heavy Blade","floor":1},{"not_picked":["Combust"],"picked":"SKIP","floor":3},{"not_picked":[],"picked":"Heavy Blade","floor":5},{"not_picked":[],"picked":"Cleave","floor":7},{"not_picked":["Sword Boomerang"],"picked":"SKIP","floor":11},{"not_picked":[],"picked":"Shrug It Off","floor":12},{"not_picked":[],"picked":"Sword Boomerang","floor":13},{"not_picked":[],"picked":"Berserk","floor":16},{"not_picked":["Armaments"],"picked":"SKIP","floor":18},{"not_picked":[],"picked":"Thunderclap","floor":20},{"not_picked":["Shrug It Off"],"picked":"SKIP","floor":21},{"not_picked":["Headbutt"],"picked":"SKIP","floor":24},{"not_picked":["Whirlwind"],"picked":"SKIP","floor":25},{"not_picked":[],"picked":"Heavy Blade","floor":27},{"not_picked":["Rampage"],"picked":"SKIP","floor":28},{"not_picked":["True Grit"],"picked":"SKIP","floor":30},{"not_picked":[],"picked":"Battle Trance","floor":31},{"not_picked":[],"picked":"Immolate","floor":33},{"not_picked":["Twin Strike"],"picked":"SKIP","floor":35},{"not_picked":[],"picked":"True Grit+1","floor":37}],"player_experience":23182,"relics_obtained":[{"floor":7,"key":"Orichalcum"},{"floor":9,"key":"PreservedInsect"},{"floor":25,"key":"Meat on the Bone"},{"floor":28,"key":"Dream Catcher"}],"event_choices":[{"damage_healed":0,"gold_gain":0,"player_choice":"Cursed","damage_taken":0,"max_hp_gain":0,"max_hp_loss":0,"event_name":"Wheel of Change","floor":4,"gold_loss":0,"cards_obtained":["Decay"]},{"damage_healed":0,"gold_gain":0,"player_choice":"Forge","damage_taken":0,"max_hp_gain":0,"max_hp_loss":0,"event_name":"Accursed Blacksmith","floor":14,"gold_loss":0,"cards_upgraded":["Shrug It Off"]},{"damage_healed":0,"gold_gain":0,"player_choice":"Damaged","damage_taken":8,"max_hp_gain":0,"max_hp_loss":0,"event_name":"Wheel of Change","floor":22,"gold_loss":0},{"damage_healed":0,"gold_gain":0,"player_choice":"Memory 1","damage_taken":0,"max_hp_gain":0,"max_hp_loss":0,"event_name":"SensoryStone","floor":38,"gold_loss":0},{"damage_healed":0,"gold_gain":0,"player_choice":"Took Portal","damage_taken":0,"max_hp_gain":0,"max_hp_loss":0,"event_name":"SecretPortal","floor":39,"gold_loss":0}],"is_beta":false,"boss_relics":[{"not_picked":["Eternal Feather","Astrolabe"],"picked":"Cursed Key"},{"not_picked":["Fusion Hammer","Runic Cube"],"picked":"Coffee Dripper"}],"items_purged_floors":[10],"is_endless":false,"potions_floor_spawned":[3,5,11,16,18,27,28,31,37],"killed_by":"Donu and Deca","ascension_level":0}