{"gold_per_floor":[119,139,139,139,163,163,206,206,259,62,83,97,137,151,151,281,281,301,326,340,340,364,364,397,416,416,416,416],"floor_reached":28,"playtime":1435,"items_purged":[],"score":277,"play_id":"304249e4-b57f-4c68-a8b9-cc13f9371c18","local_time":"20190916203043","is_ascension_mode":false,"campfire_choices":[{"data":"Immolate","floor":6,"key":"SMITH"},{"floor":8,"key":"REST"},{"data":"True Grit","floor":15,"key":"SMITH"},{"data":"Spot Weakness","floor":23,"key":"SMITH"}],"neow_cost":"PERCENT_DAMAGE","seed_source_timestamp":237667103902271,"circlet_count":0,"master_deck":["Strike_R","Strike_R","Strike_R","Strike_R","Defend_R","Defend_R","Defend_R","Defend_R","Bash","Anger","Immolate+1","Clothesline","True Grit+1","Spot Weakness+1","Burning Pact","Reaper","Uppercut+1","Metallicize+1","Dual Wield+1"],"special_seed":0,"relics":["Burning Blood","Golden Idol","Bag of Preparation","Art of War","ClockworkSouvenir","Thread and Needle","Black Star","Omamori","Toxic Egg 2","Sundial"],"potions_floor_usage":[24],"damage_taken":[{"damage":11,"enemies":"Jaw Worm","floor":1,"turns":5},{"damage":0,"enemies":"2 Louse","floor":2,"turns":2},{"damage":1,"enemies":"Cultist","floor":5,"turns":3},{"damage":26,"enemies":"Lagavulin","floor":7,"turns":4},{"damage":0,"enemies":"2 Fungi Beasts","floor":11,"turns":2},{"damage":0,"enemies":"3 Louse","floor":12,"turns":2},{"damage":1,"enemies":"3 Sentries","floor":13,"turns":4},{"damage":2,"enemies":"Exordium Thugs","floor":14,"turns":3},{"damage":52,"enemies":"Hexaghost","floor":16,"turns":10},{"damage":24,"enemies":"3 Byrds","floor":18,"turns":5},{"damage":6,"enemies":"Spheric Guardian","floor":19,"turns":5},{"damage":26,"enemies":"3 Cultists","floor":20,"turns":5},{"damage":22,"enemies":"Snake Plant","floor":22,"turns":5},{"damage":49,"enemies":"Book of Stabbing","floor":24,"turns":6},{"damage":31,"enemies":"Sentry and Sphere","floor":25,"turns":6},{"damage":35,"enemies":"Slavers","floor":28,"turns":2}],"seed_played":"-2364753620929561109","potions_obtained":[{"floor":2,"key":"SneckoOil"},{"floor":7,"key":"LiquidBronze"},{"floor":11,"key":"Ancient Potion"},{"floor":12,"key":"Strength Potion"},{"floor":13,"key":"FearPotion"},{"floor":20,"key":"BloodPotion"},{"floor":24,"key":"Energy Potion"},{"floor":25,"key":"Dexterity Potion"}],"is_trial":false,"path_per_floor":["M","M","?","?","M","R","E","R","T","$","M","M","E","M","R","B",null,"M","M","M","?","M","R","E","M","T","?","E"],"character_chosen":"IRONCLAD","items_purchased":["ClockworkSouvenir"],"campfire_rested":1,"item_purchase_floors":[10],"current_hp_per_floor":[67,73,66,42,47,47,27,55,55,55,61,67,72,76,76,30,96,84,84,76,76,65,65,58,33,33,33,0],"gold":416,"neow_bonus":"TWENTY_PERCENT_HP_BONUS","is_prod":false,"is_daily":false,"chose_seed":false,"campfire_upgraded":3,"win_rate":0,"timestamp":1568680243,"path_taken":["M","M","?","?","M","R","E","R","T","$","M","M","E","M","R","BOSS","M","M","M","?","M","R","E","M","T","?","E"],"build_version":"2019-07-17","purchased_purges":0,"victory":false,"max_hp_per_floor":[96,96,96,96,96,96,96,96,96,96,96,96,96,96,96,96,96,96,96,96,96,96,96,96,96,96,96,96],"card_choices":[{"not_picked":["Pommel Strike","True Grit"],"picked":"Anger","floor":1},{"not_picked":["Warcry","Uppercut"],"picked":"Immolate","floor":2},{"not_picked":["Sword Boomerang","Evolve"],"picked":"Clothesline","floor":5},{"not_picked":["Fire Breathing","Perfected Strike","Combust"],"picked":"SKIP","floor":7},{"not_picked":["Clothesline","Body Slam","Perfected Strike"],"picked":"SKIP","floor":11},{"not_picked":["Sword Boomerang","Second Wind"],"picked":"True Grit","floor":12},{"not_picked":["Rage","Burning Pact"],"picked":"Spot Weakness","floor":13},{"not_picked":["Twin Strike","Clash"],"picked":"Burning Pact","floor":14},{"not_picked":["Limit Break","Berserk"],"picked":"Reaper","floor":16},{"not_picked":["Heavy Blade","Armaments","Wild Strike"],"picked":"SKIP","floor":18},{"not_picked":["Twin Strike+1","True Grit"],"picked":"Uppercut+1","floor":19},{"not_picked":["Wild Strike","Corruption","Perfected Strike"],"picked":"SKIP","floor":20},{"not_picked":["Warcry","Cleave+1","Armaments"],"picked":"SKIP","floor":22},{"not_picked":["Infernal Blade","True Grit"],"picked":"Metallicize","floor":24},{"not_picked":["Ghostly Armor+1","Clothesline"],"picked":"Dual Wield+1","floor":25}],"player_experience":1279365,"relics_obtained":[{"floor":7,"key":"Bag of Preparation"},{"floor":9,"key":"Art of War"},{"floor":13,"key":"Thread and Needle"},{"floor":24,"key":"Omamori"},{"floor":24,"key":"Toxic Egg 2"},{"floor":26,"key":"Sundial"}],"event_choices":[{"cards_removed":["Strike_R"],"damage_healed":0,"gold_gain":0,"player_choice":"Card Removal","damage_taken":7,"max_hp_gain":0,"max_hp_loss":0,"event_name":"Golden Wing","floor":3,"gold_loss":0},{"damage_healed":0,"gold_gain":0,"player_choice":"Take Damage","damage_taken":24,"relics_obtained":["Golden Idol"],"max_hp_gain":0,"max_hp_loss":0,"event_name":"Golden Idol","floor":4,"gold_loss":0},{"damage_healed":0,"gold_gain":0,"player_choice":"Ignored","damage_taken":0,"max_hp_gain":0,"max_hp_loss":0,"event_name":"Vampires","floor":21,"gold_loss":0},{"damage_healed":0,"gold_gain":0,"player_choice":"Upgraded","damage_taken":0,"max_hp_gain":0,"max_hp_loss":0,"event_name":"Upgrade Shrine","floor":27,"gold_loss":0,"cards_upgraded":["Metallicize"]}],"is_beta":false,"boss_relics":[{"not_picked":["Black Blood","Runic Dome"],"picked":"Black Star"}],"items_purged_floors":[],"is_endless":false,"potions_floor_spawned":[2,7,11,12,13,19,20,24,25],"killed_by":"Slavers","ascension_level":0}