{"gold_per_floor":[112,187,204,227,23,49,49,76,128,142,67,67,67,97,97,175,175,187,201,220,231,251,280,280,290,290,316,316,326,114,130,130,201,201,213,229,451,55,155,155,180,180,180,180,19,47,47,47,47,47],"floor_reached":51,"playtime":3936,"items_purged":["Strike_B","Strike_B","Strike_B"],"score":1525,"play_id":"1b3a36ac-a35f-4e6a-9184-3b53ccb69d61","local_time":"20190728190429","is_ascension_mode":true,"campfire_choices":[{"data":"Defragment","floor":7.0,"key":"SMITH"},{"data":"Go for the Eyes","floor":13.0,"key":"SMITH"},{"data":"Doom and Gloom","floor":15.0,"key":"SMITH"},{"floor":24,"key":"REST"},{"floor":28,"key":"REST"},{"floor":32,"key":"REST"},{"floor":40,"key":"REST"},{"data":"Rainbow","floor":42,"key":"SMITH"},{"data":"Apotheosis","floor":44,"key":"SMITH"},{"floor":49,"key":"REST"}],"neow_cost":"NONE","seed_source_timestamp":517363551132579,"circlet_count":0,"master_deck":["AscendersBane","Defend_B","Defend_B","Defend_B","Defend_B","Zap","Dualcast","Darkness","FTL","Defragment+1","Doom and Gloom+1","Go for the Eyes+1","Multi-Cast","Conserve Battery","Auto Shields","Loop+1","Consume+1","Glacier","Reinforced Body+1","Capacitor+1","Apotheosis+1","Core Surge","Compile Driver","Rainbow+1","Heatsinks","Coolheaded"],"special_seed":0,"relics":["Cracked Core","NeowsBlessing","Centennial Puzzle","Orichalcum","Juzu Bracelet","Regal Pillow","Omamori","The Courier","Tiny Chest","Velvet Choker","Vajra","Thread and Needle","Red Mask","Cursed Key","Mummified Hand","Emotion Chip","Molten Egg 2","Lantern","Bag of Marbles"],"potions_floor_usage":[20,22,22,25,36,50,50],"damage_taken":[{"damage":0.0,"enemies":"Jaw Worm","floor":1.0,"turns":1.0},{"damage":0.0,"enemies":"Cultist","floor":3.0,"turns":1.0},{"damage":0.0,"enemies":"Gremlin Nob","floor":6.0,"turns":1.0},{"damage":16.0,"enemies":"3 Sentries","floor":8.0,"turns":6.0},{"damage":0.0,"enemies":"2 Louse","floor":10.0,"turns":3.0},{"damage":8.0,"enemies":"Hexaghost","floor":16.0,"turns":9.0},{"damage":11,"enemies":"Shell Parasite","floor":18,"turns":6},{"damage":9,"enemies":"Spheric Guardian","floor":19,"turns":4},{"damage":1,"enemies":"Chosen and Byrds","floor":20,"turns":5},{"damage":13,"enemies":"Centurion and Healer","floor":21,"turns":6},{"damage":17,"enemies":"Shelled Parasite and Fungi","floor":22,"turns":3},{"damage":3,"enemies":"Book of Stabbing","floor":23,"turns":5},{"damage":2,"enemies":"Cultist and Chosen","floor":25,"turns":6},{"damage":24,"enemies":"Masked Bandits","floor":27,"turns":6},{"damage":7,"enemies":"Snake Plant","floor":29,"turns":7},{"damage":4,"enemies":"Centurion and Healer","floor":31,"turns":10},{"damage":13,"enemies":"Automaton","floor":33,"turns":7},{"damage":3,"enemies":"3 Shapes","floor":35,"turns":5},{"damage":0,"enemies":"Orb Walker","floor":36,"turns":3},{"damage":16,"enemies":"Mind Bloom Boss Battle","floor":39,"turns":5},{"damage":6,"enemies":"Giant Head","floor":41,"turns":7},{"damage":30,"enemies":"Reptomancer","floor":46,"turns":6},{"damage":9,"enemies":"Time Eater","floor":50,"turns":11}],"seed_played":"1300415358224279541","potions_obtained":[{"floor":1.0,"key":"Fire Potion"},{"floor":6.0,"key":"Poison Potion"},{"floor":10.0,"key":"Dexterity Potion"},{"floor":19,"key":"Explosive Potion"},{"floor":20,"key":"FearPotion"},{"floor":21,"key":"Weak Potion"},{"floor":22,"key":"AttackPotion"},{"floor":35,"key":"Fire Potion"}],"is_trial":false,"path_per_floor":["M","?","M","T","$","E","R","E","T","M","?","?","R","?","R","B",null,"M","M","M","M","M","E","R","M","T","?","R","M","$","M","R","B",null,"M","M","?","$","?","R","E","R","T","R","$","E","?","?","R","B",null],"character_chosen":"DEFECT","items_purchased":["Defragment","Orichalcum","Apotheosis","Mummified Hand","SpeedPotion","Dexterity Potion","Heatsinks"],"campfire_rested":5,"item_purchase_floors":[5,5,30,38,38,38,45],"current_hp_per_floor":[64,53,53,53,53,53,53,37,37,37,37,37,37,37,37,29,61,50,41,40,27,10,7,43,41,41,17,53,46,46,42,71,58,68,65,65,65,65,49,71,65,65,65,65,65,35,35,35,71,62],"gold":47,"neow_bonus":"THREE_ENEMY_KILL","is_prod":false,"is_daily":false,"chose_seed":false,"campfire_upgraded":5,"win_rate":0,"timestamp":1564355069,"path_taken":["M","?","M","?","$","E","R","E","T","M","?","?","R","?","R","BOSS","M","M","M","M","M","E","R","M","T","?","R","M","$","M","R","BOSS","M","M","?","$","?","R","E","R","T","R","$","E","?","?","R","BOSS"],"build_version":"2019-07-17","purchased_purges":3,"victory":true,"max_hp_per_floor":[71,71,71,71,71,71,71,71,71,71,71,71,71,71,71,71,71,71,71,71,71,71,71,71,71,71,71,71,71,71,71,71,71,71,71,71,71,71,71,71,71,71,71,71,71,71,71,71,71,71],"card_choices":[{"not_picked":["Capacitor","Rip and Tear"],"picked":"Darkness","floor":1.0},{"not_picked":["Capacitor","Static Discharge"],"picked":"FTL","floor":3.0},{"not_picked":["Echo Form","Steam"],"picked":"Doom and Gloom","floor":6.0},{"not_picked":["Steam","Beam Cell"],"picked":"Go for the Eyes","floor":8.0},{"not_picked":["Turbo","Reprogram"],"picked":"Cold Snap","floor":10.0},{"not_picked":["Core Surge","Reboot"],"picked":"Multi-Cast","floor":16.0},{"not_picked":["Streamline","Static Discharge"],"picked":"Conserve Battery","floor":18},{"not_picked":["Sunder","Rebound"],"picked":"Auto Shields","floor":19},{"not_picked":["Skim","Steam Power"],"picked":"Loop","floor":20},{"not_picked":["Redo","Undo"],"picked":"Consume+1","floor":21},{"not_picked":["Heatsinks","Streamline"],"picked":"Glacier","floor":22},{"not_picked":["Turbo","Streamline"],"picked":"Reinforced Body+1","floor":23},{"not_picked":["Hello World","Coolheaded"],"picked":"Capacitor+1","floor":25},{"not_picked":["Auto Shields","Lockon","Chaos"],"picked":"SKIP","floor":29},{"not_picked":["Turbo","Consume","Rebound"],"picked":"SKIP","floor":31},{"not_picked":["Electrodynamics","Meteor Strike"],"picked":"Core Surge","floor":33},{"not_picked":["Streamline","Rebound+1"],"picked":"Compile Driver","floor":35},{"not_picked":["Barrage","White Noise","Rebound"],"picked":"SKIP","floor":36},{"not_picked":["Reinforced Body","Force Field+1"],"picked":"Rainbow","floor":41},{"not_picked":["Auto Shields+1","Sunder+1"],"picked":"Coolheaded","floor":46}],"player_experience":1164934,"relics_obtained":[{"floor":4.0,"key":"Centennial Puzzle"},{"floor":6.0,"key":"Juzu Bracelet"},{"floor":8.0,"key":"Regal Pillow"},{"floor":9.0,"key":"Omamori"},{"floor":23,"key":"Vajra"},{"floor":26,"key":"Thread and Needle"},{"floor":27,"key":"Red Mask"},{"floor":39,"key":"Emotion Chip"},{"floor":41,"key":"Molten Egg 2"},{"floor":43,"key":"Lantern"},{"floor":46,"key":"Bag of Marbles"}],"event_choices":[{"damage_healed":0.0,"max_hp_gain":0.0,"max_hp_loss":0.0,"gold_gain":75.0,"event_name":"World of Goop","player_choice":"Gather Gold","floor":2.0,"gold_loss":0.0,"damage_taken":11.0},{"cards_removed":["Strike_B"],"damage_healed":0.0,"max_hp_gain":0.0,"max_hp_loss":0.0,"gold_gain":0.0,"event_name":"The Cleric","player_choice":"Card Removal","floor":11.0,"gold_loss":75.0,"damage_taken":0.0},{"damage_healed":0.0,"max_hp_gain":0.0,"max_hp_loss":0.0,"gold_gain":0.0,"event_name":"WeMeetAgain","player_choice":"Gave Potion","floor":12.0,"gold_loss":0.0,"damage_taken":0.0,"relics_obtained":["The Courier"]},{"damage_healed":0.0,"max_hp_gain":0.0,"max_hp_loss":0.0,"gold_gain":0.0,"event_name":"Big Fish","player_choice":"Box","floor":14.0,"gold_loss":0.0,"damage_taken":0.0,"relics_obtained":["Tiny Chest"],"cards_obtained":["Regret"]},{"damage_healed":0,"gold_gain":0,"player_choice":"Fought Bandits","damage_taken":0,"max_hp_gain":0,"max_hp_loss":0,"event_name":"Masked Bandits","floor":27,"gold_loss":0},{"damage_healed":0,"gold_gain":222,"player_choice":"Wore Mask","damage_taken":0,"max_hp_gain":0,"max_hp_loss":0,"event_name":"Tomb of Lord Red Mask","floor":37,"gold_loss":0},{"damage_healed":0,"gold_gain":0,"player_choice":"Fight","damage_taken":0,"max_hp_gain":0,"max_hp_loss":0,"event_name":"MindBloom","floor":39,"gold_loss":0},{"cards_removed":["Cold Snap"],"damage_healed":0,"gold_gain":0,"player_choice":"Removed Attack","damage_taken":0,"max_hp_gain":0,"max_hp_loss":0,"event_name":"Falling","floor":47,"gold_loss":0},{"damage_healed":0,"gold_gain":0,"player_choice":"Upgraded","damage_taken":0,"max_hp_gain":0,"max_hp_loss":0,"event_name":"Upgrade Shrine","floor":48,"gold_loss":0,"cards_upgraded":["Loop"]}],"is_beta":false,"boss_relics":[{"not_picked":["Eternal Feather","Black Star"],"picked":"Velvet Choker"},{"not_picked":["Coffee Dripper","Calling Bell"],"picked":"Cursed Key"}],"items_purged_floors":[30,38,45],"is_endless":false,"potions_floor_spawned":[1,6,10,19,20,21,22,35,41,46],"ascension_level":19}