{"gold_per_floor":[116,133,153,153,167,167,183,183,210,210,238,34,54,54,54,153,153,164,79,93,112,128,128,128],"floor_reached":24,"playtime":1775,"items_purged":[],"score":310,"play_id":"19d20506-c919-4bdf-8757-6992ed964ac9","local_time":"20180925215543","is_ascension_mode":true,"campfire_choices":[{"floor":6.0,"key":"REST"},{"data":"Dagger Throw","floor":8.0,"key":"SMITH"},{"data":"Dagger Throw","floor":10.0,"key":"SMITH"},{"data":"Noxious Fumes","floor":15.0,"key":"SMITH"},{"floor":23,"key":"REST"}],"neow_cost":"NONE","seed_source_timestamp":1650027940832369,"circlet_count":0,"master_deck":["Survivor","Neutralize","AscendersBane","Underhanded Strike","Dodge and Roll","Dagger Throw+1","Poisoned Stab","Dagger Throw+1","Noxious Fumes+1","Unload","Sucker Punch","Leg Sweep","Glass Knife","Underhanded Strike","Flying Knee","Masterful Stab","Bane","Heel Hook","Predator","Outmaneuver","Skewer","Flechettes","Cloak And Dagger+1","Prepared+1"],"special_seed":0,"relics":["Sozu","Snake Skull","Ancient Tea Set","Pandora\u0027s Box","Bronze Scales"],"potions_floor_usage":[],"damage_taken":[{"damage":4.0,"enemies":"Small Slimes","floor":1.0,"turns":4.0},{"damage":2.0,"enemies":"2 Louse","floor":2.0,"turns":3.0},{"damage":0.0,"enemies":"Cultist","floor":3.0,"turns":4.0},{"damage":12.0,"enemies":"Large Slime","floor":5.0,"turns":9.0},{"damage":6.0,"enemies":"Exordium Wildlife","floor":7.0,"turns":5.0},{"damage":28.0,"enemies":"Gremlin Nob","floor":11.0,"turns":4.0},{"damage":0.0,"enemies":"3 Louse","floor":13.0,"turns":3.0},{"damage":15.0,"enemies":"Slime Boss","floor":16.0,"turns":7.0},{"damage":11.0,"enemies":"Shell Parasite","floor":18.0,"turns":4.0},{"damage":6.0,"enemies":"3 Byrds","floor":20.0,"turns":2.0},{"damage":29,"enemies":"Centurion and Healer","floor":21,"turns":6},{"damage":7,"enemies":"Snake Plant","floor":22,"turns":3},{"damage":33,"enemies":"Slavers","floor":24,"turns":3}],"seed_played":"7715973145021833280","potions_obtained":[],"is_trial":false,"path_per_floor":["M","M","M","?","M","R","M","R","T","R","E","$","M","?","R","B",null,"M","?","M","M","M","R"],"character_chosen":"THE_SILENT","items_purchased":["Unload","Sucker Punch"],"campfire_rested":2,"item_purchase_floors":[12,12],"current_hp_per_floor":[59,57,57,50,38,59,53,53,53,53,25,25,25,48,48,33,61,50,50,44,15,8,29,0],"gold":128,"neow_bonus":"BOSS_RELIC","is_prod":false,"is_daily":false,"chose_seed":false,"campfire_upgraded":3,"win_rate":0,"timestamp":1537926943,"path_taken":["M","M","M","?","M","R","M","R","T","R","E","$","M","?","R","BOSS","M","?","M","M","M","R","E"],"build_version":"2018-09-20","purchased_purges":0,"victory":false,"max_hp_per_floor":[70,70,70,70,70,70,70,70,70,70,70,70,70,70,70,70,70,70,70,70,70,70,70,70],"card_choices":[{"not_picked":["Well Laid Plans","Slice"],"picked":"Underhanded Strike","floor":1.0},{"not_picked":["Bane","Endless Agony"],"picked":"Dodge and Roll","floor":2.0},{"not_picked":["Outmaneuver","PiercingWail"],"picked":"Dagger Throw","floor":3.0},{"not_picked":["Outmaneuver","Caltrops"],"picked":"Poisoned Stab","floor":5.0},{"not_picked":["Calculated Gamble","Cloak And Dagger"],"picked":"Dagger Throw","floor":7.0},{"not_picked":["Footwork","Bullet Time"],"picked":"Noxious Fumes","floor":11.0},{"not_picked":["Acrobatics","Heel Hook"],"picked":"Leg Sweep","floor":13.0},{"not_picked":["Grand Finale","Tools of the Trade"],"picked":"Glass Knife","floor":16.0},{"not_picked":["Eviscerate+1","Acrobatics"],"picked":"Cloak And Dagger+1","floor":18.0},{"not_picked":["Calculated Gamble+1","Skewer","Eviscerate+1"],"picked":"SKIP","floor":20.0},{"not_picked":["Underhanded Strike","Infinite Blades","Bane"],"picked":"SKIP","floor":21},{"not_picked":["Heel Hook","Acrobatics+1"],"picked":"Prepared+1","floor":22}],"player_experience":476564,"relics_obtained":[{"floor":9.0,"key":"Snake Skull"},{"floor":11.0,"key":"Ancient Tea Set"}],"event_choices":[{"event_name":"Golden Wing","player_choice":"Card Removal","floor":4.0,"damage_taken":0.0},{"event_name":"Big Fish","player_choice":"Banana","floor":14.0,"damage_taken":0.0},{"event_name":"Addict","player_choice":"Obtained Relic","floor":19.0,"damage_taken":0.0}],"is_beta":false,"boss_relics":[{"not_picked":["Cursed Key","Philosopher\u0027s Stone"],"picked":"Pandora\u0027s Box"}],"items_purged_floors":[],"is_endless":false,"potions_floor_spawned":[3,5,13,16,18],"killed_by":"Slavers","ascension_level":11}