{"gold_per_floor":[366,366,641,320,339,372,391,419,419,435,435,448,40,40,40,159,159,184,184,184,184,236,236,261,284,308,308,346,53,68,89,89,214,214,229,229],"floor_reached":36,"playtime":1222,"items_purged":["Regret","Strike_R"],"score":469,"play_id":"459416af-8eb7-406c-aad3-cff586eb9cbe","local_time":"20190528223249","is_ascension_mode":false,"campfire_choices":[{"data":"Metallicize","floor":11.0,"key":"SMITH"},{"data":"Demon Form","floor":15.0,"key":"SMITH"},{"floor":23.0,"key":"REST"},{"floor":32.0,"key":"RECALL"}],"neow_cost":"TEN_PERCENT_HP_LOSS","seed_source_timestamp":3816765925366,"circlet_count":0,"master_deck":["Strike_R+1","Strike_R+1","Strike_R+1","Defend_R+1","Defend_R+1","Defend_R+1","Defend_R+1","Bash","Demon Form+1","Metallicize+1","Shrug It Off","Heavy Blade","Reaper","Flame Barrier","Power Through","Shrug It Off+1","Flame Barrier+1","Immolate","Sword Boomerang","Metallicize+1","Double Tap"],"special_seed":0,"relics":["Burning Blood","Singing Bowl","Potion Belt","Question Card","Pear","Bag of Marbles","Blood Vial","Golden Idol","Fusion Hammer","Darkstone Periapt","Happy Flower","War Paint","Lantern","Mummified Hand","Runic Dome"],"potions_floor_usage":[],"damage_taken":[{"damage":5.0,"enemies":"Cultist","floor":1.0,"turns":4.0},{"damage":9.0,"enemies":"2 Louse","floor":5.0,"turns":3.0},{"damage":34.0,"enemies":"Gremlin Nob","floor":6.0,"turns":5.0},{"damage":5.0,"enemies":"Small Slimes","floor":7.0,"turns":4.0},{"damage":21.0,"enemies":"Lagavulin","floor":8.0,"turns":7.0},{"damage":9.0,"enemies":"Exordium Wildlife","floor":10.0,"turns":5.0},{"damage":9.0,"enemies":"Blue Slaver","floor":12.0,"turns":5.0},{"damage":37.0,"enemies":"The Guardian","floor":16.0,"turns":10.0},{"damage":9.0,"enemies":"Chosen","floor":18.0,"turns":5.0},{"damage":30.0,"enemies":"3 Byrds","floor":24.0,"turns":8.0},{"damage":5.0,"enemies":"Snake Plant","floor":25.0,"turns":8.0},{"damage":11.0,"enemies":"Book of Stabbing","floor":28.0,"turns":6.0},{"damage":2.0,"enemies":"Cultist and Chosen","floor":30.0,"turns":5.0},{"damage":3.0,"enemies":"Snecko","floor":31.0,"turns":4.0},{"damage":90.0,"enemies":"Automaton","floor":33.0,"turns":13.0},{"damage":0.0,"enemies":"3 Darklings","floor":35.0,"turns":5.0},{"damage":6.0,"enemies":"Orb Walker","floor":36.0,"turns":4.0}],"seed_played":"-5899909035193366456","potions_obtained":[{"floor":5.0,"key":"Regen Potion"},{"floor":6.0,"key":"PowerPotion"},{"floor":10.0,"key":"Ancient Potion"},{"floor":12.0,"key":"BloodPotion"},{"floor":28.0,"key":"AttackPotion"}],"is_trial":false,"path_per_floor":["M","?","?","$","M","E","M","E","T","M","R","M","$","?","R","B",null,"M","?","T","?","T","R","M","M","T","?","E","$","M","M","R","B",null,"M","M"],"character_chosen":"IRONCLAD","items_purchased":["Singing Bowl","Bag of Marbles","Blood Vial","Sword Boomerang","Mummified Hand"],"campfire_rested":1,"item_purchase_floors":[4,13,13,29,29],"current_hp_per_floor":[72,77,77,77,76,48,51,36,46,43,43,40,40,40,40,11,84,86,86,86,69,69,91,75,82,82,82,91,91,93,93,93,13,93,95,95],"gold":229,"neow_bonus":"TWO_FIFTY_GOLD","is_prod":false,"is_daily":false,"chose_seed":false,"campfire_upgraded":2,"win_rate":0,"timestamp":1559075569,"path_taken":["M","?","?","$","?","E","M","E","T","M","R","M","$","?","R","BOSS","M","?","?","?","?","R","M","?","T","?","E","?","M","M","R","BOSS","M","?"],"build_version":"2019-01-23","purchased_purges":2,"victory":false,"max_hp_per_floor":[72,77,77,77,79,79,81,81,91,91,91,91,91,84,84,84,84,86,86,86,91,91,91,91,91,91,91,91,91,93,93,93,93,93,95,95],"card_choices":[{"not_picked":["True Grit","Perfected Strike"],"picked":"Searing Blow","floor":1.0},{"not_picked":["Flex","Rage","Body Slam"],"picked":"Singing Bowl","floor":5.0},{"not_picked":["Inflame","Rupture"],"picked":"Demon Form","floor":6.0},{"not_picked":["Wild Strike","Warcry","Intimidate"],"picked":"Singing Bowl","floor":7.0},{"not_picked":["Iron Wave","Perfected Strike"],"picked":"Metallicize","floor":8.0},{"not_picked":["Flex","Thunderclap","Wild Strike"],"picked":"Shrug It Off","floor":10.0},{"not_picked":["Clash","Warcry","Hemokinesis"],"picked":"Heavy Blade","floor":12.0},{"not_picked":["Bludgeon","Fiend Fire","Juggernaut"],"picked":"Reaper","floor":16.0},{"not_picked":["Iron Wave","Body Slam","Heavy Blade","Havoc+1"],"picked":"Singing Bowl","floor":18.0},{"not_picked":["Clash","Body Slam","Shockwave"],"picked":"Shrug It Off+1","floor":24.0},{"not_picked":["Searing Blow","Armaments+1","Combust"],"picked":"Flame Barrier+1","floor":25.0},{"not_picked":["Burning Pact","Dual Wield","Heavy Blade"],"picked":"Immolate","floor":28.0},{"not_picked":["Combust","Ghostly Armor","Armaments","Shockwave+1"],"picked":"Singing Bowl","floor":30.0},{"not_picked":["Headbutt","Inflame","Flex+1"],"picked":"Metallicize+1","floor":31.0},{"not_picked":["Immolate","Impervious","Juggernaut"],"picked":"Double Tap","floor":33.0},{"not_picked":["Havoc+1","Clothesline+1","Searing Blow","Pommel Strike"],"picked":"Singing Bowl","floor":35.0}],"player_experience":374775,"relics_obtained":[{"floor":6.0,"key":"Potion Belt"},{"floor":8.0,"key":"Question Card"},{"floor":9.0,"key":"Pear"},{"floor":20.0,"key":"Darkstone Periapt"},{"floor":22.0,"key":"Happy Flower"},{"floor":26.0,"key":"War Paint"},{"floor":28.0,"key":"Lantern"}],"event_choices":[{"damage_healed":0.0,"max_hp_gain":5.0,"max_hp_loss":0.0,"gold_gain":0.0,"event_name":"Big Fish","player_choice":"Donut","floor":2.0,"gold_loss":0.0,"damage_taken":0.0},{"damage_healed":0.0,"max_hp_gain":0.0,"max_hp_loss":0.0,"gold_gain":275.0,"event_name":"Golden Shrine","player_choice":"Desecrate","floor":3.0,"gold_loss":0.0,"damage_taken":0.0,"cards_obtained":["Regret"]},{"damage_healed":0.0,"max_hp_gain":0.0,"max_hp_loss":7.0,"gold_gain":0.0,"event_name":"Golden Idol","player_choice":"Lose Max HP","floor":14.0,"gold_loss":0.0,"damage_taken":0.0,"relics_obtained":["Golden Idol"]},{"damage_healed":0.0,"max_hp_gain":0.0,"max_hp_loss":0.0,"gold_gain":0.0,"cards_transformed":["Strike_R","Searing Blow"],"event_name":"Drug Dealer","player_choice":"Became Test Subject","floor":19.0,"gold_loss":0.0,"damage_taken":0.0,"cards_obtained":["Flame Barrier","Power Through"]},{"damage_healed":0.0,"max_hp_gain":5.0,"max_hp_loss":0.0,"gold_gain":0.0,"event_name":"Forgotten Altar","player_choice":"Shed Blood","floor":21.0,"gold_loss":0.0,"damage_taken":22.0},{"damage_healed":0.0,"max_hp_gain":0.0,"max_hp_loss":0.0,"gold_gain":0.0,"event_name":"Back to Basics","player_choice":"Simplicity","floor":27.0,"gold_loss":0.0,"damage_taken":0.0,"cards_upgraded":["Strike_R","Strike_R","Strike_R","Defend_R","Defend_R"]}],"is_beta":false,"boss_relics":[{"not_picked":["Tiny House","Calling Bell"],"picked":"Fusion Hammer"},{"not_picked":["Astrolabe","Runic Pyramid"],"picked":"Runic Dome"}],"items_purged_floors":[4,13],"is_endless":false,"potions_floor_spawned":[5,6,10,12,28,30,33,36],"killed_by":"Orb Walker","ascension_level":0}