{"gold_per_floor":[360,68,87,98,116,116,144,144,167,194,205,234,159,169,169,270,270,283,283,283,294,124,124,152,177,202,202],"floor_reached":27,"playtime":1528,"items_purged":["Defend_G","Strike_G"],"score":276,"play_id":"6ed288a9-657c-4a56-8af0-5ba92e06e53c","local_time":"20190506221332","is_ascension_mode":false,"campfire_choices":[{"data":"Neutralize","floor":6.0,"key":"SMITH"},{"floor":8,"key":"REST"},{"data":"Terror","floor":15,"key":"SMITH"},{"data":"Deflect","floor":23,"key":"SMITH"}],"neow_cost":"TEN_PERCENT_HP_LOSS","seed_source_timestamp":2693373458944316,"circlet_count":0,"master_deck":["Defend_G","Defend_G+1","Defend_G","Defend_G","Strike_G","Strike_G","Strike_G","Strike_G","Survivor","Neutralize+1","Flying Knee","Well Laid Plans","Flying Knee","Dagger Spray","Outmaneuver+1","Prepared","Leg Sweep","Bouncing Flask","Dodge and Roll","Escape Plan","Terror+1","Corpse Explosion","PiercingWail","Deflect+1","Crippling Poison","Noxious Fumes"],"special_seed":0,"relics":["Ring of the Snake","Lee\u0027s Waffle","PreservedInsect","Strawberry","War Paint","Pear","Runic Dome","FossilizedHelix","Red Mask"],"potions_floor_usage":[],"damage_taken":[{"damage":1.0,"enemies":"Cultist","floor":1.0,"turns":4.0},{"damage":0.0,"enemies":"Jaw Worm","floor":3.0,"turns":4.0},{"damage":0.0,"enemies":"Small Slimes","floor":4.0,"turns":3.0},{"damage":5.0,"enemies":"Looter","floor":5.0,"turns":4.0},{"damage":42,"enemies":"Lagavulin","floor":7,"turns":11},{"damage":9,"enemies":"3 Sentries","floor":10,"turns":5},{"damage":1,"enemies":"Large Slime","floor":11,"turns":8},{"damage":2,"enemies":"Gremlin Nob","floor":12,"turns":3},{"damage":6,"enemies":"2 Fungi Beasts","floor":14,"turns":4},{"damage":41,"enemies":"Slime Boss","floor":16,"turns":16},{"damage":15,"enemies":"2 Thieves","floor":18,"turns":4},{"damage":10,"enemies":"Colosseum Slavers","floor":19,"turns":3},{"damage":2,"enemies":"Chosen","floor":21,"turns":5},{"damage":25,"enemies":"Slavers","floor":24,"turns":3},{"damage":5,"enemies":"Masked Bandits","floor":25,"turns":3},{"damage":31,"enemies":"Gremlin Leader","floor":27,"turns":6}],"seed_played":"715487770477596944","potions_obtained":[{"floor":7,"key":"Explosive Potion"},{"floor":10,"key":"Strength Potion"},{"floor":12,"key":"LiquidBronze"},{"floor":14,"key":"Ancient Potion"}],"is_trial":false,"path_per_floor":["M","$","M","M","M","R","E","R","T","E","M","E","$","M","R","B",null,"M","?","?","M","$","R","E","?","T","E"],"character_chosen":"THE_SILENT","items_purchased":["Lee\u0027s Waffle","Well Laid Plans","Flying Knee","Noxious Fumes"],"campfire_rested":1,"item_purchase_floors":[2,2,2,22],"current_hp_per_floor":[62,70,70,70,65,65,23,44,51,42,41,49,49,43,43,2,87,72,62,62,60,60,60,35,30,30,0],"gold":202,"neow_bonus":"TWO_FIFTY_GOLD","is_prod":false,"is_daily":false,"chose_seed":false,"campfire_upgraded":3,"win_rate":0,"timestamp":1557195212,"path_taken":["M","$","M","M","?","R","E","R","T","E","M","E","$","M","R","BOSS","M","?","?","M","$","R","E","?","T","E"],"build_version":"2019-01-23","purchased_purges":2,"victory":false,"max_hp_per_floor":[63,70,70,70,70,70,70,70,77,77,77,87,87,87,87,87,87,87,87,87,87,87,87,87,87,87,87],"card_choices":[{"not_picked":["Infinite Blades","Cloak And Dagger"],"picked":"Flying Knee","floor":1.0},{"not_picked":["Underhanded Strike","Infinite Blades"],"picked":"Dagger Spray","floor":3.0},{"not_picked":["Catalyst","Infinite Blades"],"picked":"Outmaneuver","floor":4.0},{"not_picked":["Well Laid Plans","Slice"],"picked":"Prepared","floor":5.0},{"not_picked":["Backflip","Acrobatics"],"picked":"Leg Sweep","floor":7},{"not_picked":["Sucker Punch","Crippling Poison"],"picked":"Bouncing Flask","floor":10},{"not_picked":["Flechettes","Infinite Blades"],"picked":"Dodge and Roll","floor":11},{"not_picked":["Cloak And Dagger","Crippling Poison"],"picked":"Escape Plan","floor":12},{"not_picked":["Backstab","Underhanded Strike"],"picked":"Terror","floor":14},{"not_picked":["Tools of the Trade","Grand Finale"],"picked":"Corpse Explosion","floor":16},{"not_picked":["Underhanded Strike","Riddle With Holes"],"picked":"PiercingWail","floor":18},{"not_picked":["Concentrate","Flechettes+1"],"picked":"Crippling Poison","floor":21},{"not_picked":["Masterful Stab","Terror","Prepared"],"picked":"SKIP","floor":24}],"player_experience":853869,"relics_obtained":[{"floor":7,"key":"PreservedInsect"},{"floor":9,"key":"Strawberry"},{"floor":10,"key":"War Paint"},{"floor":12,"key":"Pear"},{"floor":24,"key":"FossilizedHelix"},{"floor":25,"key":"Red Mask"}],"event_choices":[{"damage_healed":0,"gold_gain":0,"player_choice":"Fight","damage_taken":0,"max_hp_gain":0,"max_hp_loss":0,"event_name":"Colosseum","floor":19,"gold_loss":0},{"damage_healed":0,"gold_gain":0,"player_choice":"Fled From Nobs","damage_taken":0,"max_hp_gain":0,"max_hp_loss":0,"event_name":"Colosseum","floor":19,"gold_loss":0},{"damage_healed":0,"gold_gain":0,"player_choice":"Read","damage_taken":0,"max_hp_gain":0,"max_hp_loss":0,"event_name":"The Library","floor":20,"gold_loss":0,"cards_obtained":["Deflect"]},{"damage_healed":0,"gold_gain":0,"player_choice":"Fought Bandits","damage_taken":0,"max_hp_gain":0,"max_hp_loss":0,"event_name":"Masked Bandits","floor":25,"gold_loss":0}],"is_beta":false,"boss_relics":[{"not_picked":["Coffee Dripper","Pandora\u0027s Box"],"picked":"Runic Dome"}],"items_purged_floors":[13,22],"is_endless":false,"potions_floor_spawned":[7,10,12,14,18,21,25],"killed_by":"Gremlin Leader","ascension_level":0}