{"gold_per_floor":[113,113,125,125,139,164,164,191,218,231,231,248,248,273,273,350,350,362,15,15,15,15,15,40,40,66,101,101,114,164,184,184,262,262,273,373,24,24,37,69,88,98,98,123,143,154,166,180,180,180,180],"floor_reached":52,"playtime":3796,"items_purged":[],"score":1919,"play_id":"d984ec05-ae9a-4597-a13f-310dd3fc39f9","local_time":"20190602003237","is_ascension_mode":true,"campfire_choices":[{"data":"Twin Strike","floor":7.0,"key":"SMITH"},{"data":"Shockwave","floor":11.0,"key":"SMITH"},{"floor":13.0,"key":"REST"},{"data":"Inflame","floor":15.0,"key":"SMITH"},{"floor":23.0,"key":"REST"},{"floor":25.0,"key":"REST"},{"floor":28.0,"key":"RECALL"},{"floor":32.0,"key":"REST"},{"floor":49.0,"key":"REST"}],"neow_cost":"TEN_PERCENT_HP_LOSS","seed_source_timestamp":0,"circlet_count":0,"master_deck":["AscendersBane","Strike_R+1","Strike_R+1","Strike_R+1","Strike_R+1","Defend_R+1","Defend_R+1","Defend_R+1","Defend_R+1","Bash+1","Shockwave+1","Inflame+1","Sword Boomerang","Shrug It Off","Twin Strike+1","Metallicize","Disarm","Demon Form","Reaper","Necronomicurse","Offering","Shrug It Off","Shrug It Off","Limit Break","Thunderclap","Shrug It Off","Whirlwind","Pummel","Metallicize","Flame Barrier","Headbutt+1","Evolve","Metallicize","Corruption"],"special_seed":0,"relics":["Burning Blood","Incense Burner","Whetstone","Dream Catcher","Orichalcum","Juzu Bracelet","Fusion Hammer","Gremlin Horn","Necronomicon","Happy Flower","Red Skull","Strawberry","Black Star","Dead Branch","Paper Frog","FossilizedHelix","Ornamental Fan","Turnip","Sundial","Bag of Marbles"],"potions_floor_usage":[],"damage_taken":[{"damage":11.0,"enemies":"Jaw Worm","floor":1.0,"turns":5.0},{"damage":0.0,"enemies":"Cultist","floor":3.0,"turns":4.0},{"damage":7.0,"enemies":"Small Slimes","floor":5.0,"turns":3.0},{"damage":27.0,"enemies":"Lagavulin","floor":6.0,"turns":5.0},{"damage":26.0,"enemies":"3 Sentries","floor":8.0,"turns":7.0},{"damage":0.0,"enemies":"3 Louse","floor":10.0,"turns":3.0},{"damage":18.0,"enemies":"Exordium Wildlife","floor":12.0,"turns":6.0},{"damage":0.0,"enemies":"Gremlin Nob","floor":14.0,"turns":4.0},{"damage":25.0,"enemies":"Slime Boss","floor":16.0,"turns":12.0},{"damage":12.0,"enemies":"3 Byrds","floor":18.0,"turns":5.0},{"damage":22.0,"enemies":"Gremlin Leader","floor":24.0,"turns":6.0},{"damage":49.0,"enemies":"Slavers","floor":27.0,"turns":8.0},{"damage":0.0,"enemies":"Chosen","floor":29.0,"turns":2.0},{"damage":43.0,"enemies":"3 Cultists","floor":31.0,"turns":7.0},{"damage":69.0,"enemies":"Collector","floor":33.0,"turns":9.0},{"damage":20.0,"enemies":"3 Shapes","floor":35.0,"turns":3.0},{"damage":0.0,"enemies":"Mind Bloom Boss Battle","floor":36.0,"turns":8.0},{"damage":33.0,"enemies":"3 Darklings","floor":39.0,"turns":8.0},{"damage":45.0,"enemies":"Nemesis","floor":40.0,"turns":7.0},{"damage":14.0,"enemies":"Sphere and 2 Shapes","floor":41.0,"turns":6.0},{"damage":26.0,"enemies":"Maw","floor":42.0,"turns":6.0},{"damage":39.0,"enemies":"Giant Head","floor":44.0,"turns":9.0},{"damage":53.0,"enemies":"4 Shapes","floor":45.0,"turns":9.0},{"damage":0.0,"enemies":"Jaw Worm Horde","floor":46.0,"turns":3.0},{"damage":36.0,"enemies":"Spire Growth","floor":47.0,"turns":6.0},{"damage":67.0,"enemies":"Sphere and 2 Shapes","floor":48.0,"turns":7.0},{"damage":46.0,"enemies":"Donu and Deca","floor":50.0,"turns":10.0},{"damage":70,"enemies":"Awakened One","floor":51,"turns":13}],"seed_played":"5385268839456509978","potions_obtained":[{"floor":5.0,"key":"Explosive Potion"},{"floor":6.0,"key":"FearPotion"},{"floor":8.0,"key":"Fire Potion"},{"floor":14.0,"key":"PowerPotion"},{"floor":24.0,"key":"Weak Potion"},{"floor":29.0,"key":"AttackPotion"}],"is_trial":false,"path_per_floor":["M","?","M","?","M","E","R","E","T","M","R","M","R","E","R","B",null,"M","$","?","?","$","R","E","R","T","E","R","M","?","M","R","B",null,"M","?","$","?","M","E","M","M","T","E","M","M","M","M","R","B","B",null],"character_chosen":"IRONCLAD","items_purchased":["Reaper","Gremlin Horn","Paper Frog","PowerPotion","Shrug It Off"],"campfire_rested":5,"item_purchase_floors":[19,19,37,37,37],"current_hp_per_floor":[63,63,68,68,67,46,46,26,26,32,32,20,40,46,46,27,58,52,52,31,31,31,51,48,68,68,73,73,75,75,75,75,49,69,75,75,75,71,71,71,63,71,71,71,71,71,71,52,71,71,7],"gold":180,"neow_bonus":"ONE_RARE_RELIC","is_prod":false,"is_daily":false,"chose_seed":false,"campfire_upgraded":3,"win_rate":0,"timestamp":1559428357,"path_taken":["M","?","?","?","M","E","R","E","T","?","R","M","R","E","R","BOSS","M","$","?","?","?","R","E","R","T","E","R","M","?","M","R","BOSS","M","?","$","?","M","E","M","M","T","E","M","M","M","M","R","BOSS","BOSS"],"build_version":"2019-01-23","purchased_purges":0,"victory":true,"max_hp_per_floor":[68,68,68,68,68,68,68,68,68,68,68,68,68,68,68,68,68,68,68,68,68,68,68,68,68,68,75,75,75,75,75,75,75,75,75,75,75,71,71,71,71,71,71,71,71,71,71,71,71,71,71],"card_choices":[{"not_picked":["Headbutt","Hemokinesis"],"picked":"Shockwave","floor":1.0},{"not_picked":["Perfected Strike","Shockwave"],"picked":"Inflame","floor":3.0},{"not_picked":["Twin Strike","Fire Breathing"],"picked":"Shrug It Off","floor":5.0},{"not_picked":["Searing Blow","Shockwave"],"picked":"Twin Strike","floor":6.0},{"not_picked":["Brutality","Warcry","Bloodletting"],"picked":"SKIP","floor":8.0},{"not_picked":["Sever Soul","Anger","Heavy Blade"],"picked":"SKIP","floor":10.0},{"not_picked":["Pommel Strike","Feel No Pain"],"picked":"Metallicize","floor":12.0},{"not_picked":["Body Slam","Cleave"],"picked":"Disarm","floor":14.0},{"not_picked":["Juggernaut","Offering"],"picked":"Demon Form","floor":16.0},{"not_picked":["Flex","Wild Strike","Sword Boomerang"],"picked":"SKIP","floor":18.0},{"not_picked":["Headbutt","Twin Strike"],"picked":"Offering","floor":24.0},{"not_picked":["Wild Strike","Rupture"],"picked":"Shrug It Off","floor":25.0},{"not_picked":["Dropkick","Anger","Bloodletting"],"picked":"SKIP","floor":27.0},{"not_picked":["Body Slam","Havoc"],"picked":"Shrug It Off","floor":29.0},{"not_picked":["Wild Strike","Armaments","Anger"],"picked":"SKIP","floor":31.0},{"not_picked":["Barricade","Exhume"],"picked":"Limit Break","floor":33.0},{"not_picked":["Reckless Charge+1","Carnage+1"],"picked":"Thunderclap","floor":35.0},{"not_picked":["Sever Soul","Dropkick","Carnage"],"picked":"SKIP","floor":39.0},{"not_picked":["Berserk","Sentinel"],"picked":"Whirlwind","floor":40.0},{"not_picked":["Infernal Blade","Ghostly Armor"],"picked":"Pummel","floor":41.0},{"not_picked":["Twin Strike","Shrug It Off"],"picked":"Metallicize","floor":42.0},{"not_picked":["Power Through","Blood for Blood"],"picked":"Flame Barrier","floor":44.0},{"not_picked":["Warcry","Body Slam"],"picked":"Headbutt+1","floor":45.0},{"not_picked":["Fire Breathing","Hemokinesis"],"picked":"Evolve","floor":46.0},{"not_picked":["Iron Wave","Blood for Blood","Searing Blow"],"picked":"SKIP","floor":47.0},{"not_picked":["Shrug It Off","Entrench+1"],"picked":"Metallicize","floor":48.0},{"not_picked":["Cleave","Twin Strike+1"],"picked":"Corruption","floor":49.0}],"player_experience":419757,"relics_obtained":[{"floor":6.0,"key":"Whetstone"},{"floor":8.0,"key":"Dream Catcher"},{"floor":9.0,"key":"Orichalcum"},{"floor":14.0,"key":"Juzu Bracelet"},{"floor":20.0,"key":"Necronomicon"},{"floor":24.0,"key":"Happy Flower"},{"floor":26.0,"key":"Red Skull"},{"floor":27.0,"key":"Strawberry"},{"floor":36.0,"key":"Dead Branch"},{"floor":40.0,"key":"FossilizedHelix"},{"floor":40.0,"key":"Ornamental Fan"},{"floor":43.0,"key":"Turnip"},{"floor":44.0,"key":"Sundial"},{"floor":44.0,"key":"Bag of Marbles"}],"event_choices":[{"damage_healed":0.0,"max_hp_gain":0.0,"max_hp_loss":0.0,"gold_gain":0.0,"event_name":"Upgrade Shrine","player_choice":"Upgraded","floor":2.0,"gold_loss":0.0,"damage_taken":0.0,"cards_upgraded":["Bash"]},{"damage_healed":0.0,"max_hp_gain":0.0,"max_hp_loss":0.0,"gold_gain":0.0,"cards_transformed":["Strike_R"],"event_name":"Transmorgrifier","player_choice":"Transformed","floor":4.0,"gold_loss":0.0,"damage_taken":0.0,"cards_obtained":["Sword Boomerang"]},{"damage_healed":0.0,"max_hp_gain":0.0,"max_hp_loss":0.0,"gold_gain":0.0,"event_name":"Cursed Tome","player_choice":"Obtained Book","floor":20.0,"gold_loss":0.0,"damage_taken":21.0},{"damage_healed":0.0,"max_hp_gain":0.0,"max_hp_loss":0.0,"gold_gain":0.0,"event_name":"Back to Basics","player_choice":"Simplicity","floor":21.0,"gold_loss":0.0,"damage_taken":0.0,"cards_upgraded":["Strike_R","Strike_R","Defend_R","Defend_R","Defend_R","Defend_R"]},{"damage_healed":0.0,"max_hp_gain":0.0,"max_hp_loss":0.0,"gold_gain":50.0,"event_name":"Nest","player_choice":"Stole From Cult","floor":30.0,"gold_loss":0.0,"damage_taken":0.0},{"damage_healed":0.0,"max_hp_gain":0.0,"max_hp_loss":0.0,"gold_gain":0.0,"event_name":"MindBloom","player_choice":"Fight","floor":36.0,"gold_loss":0.0,"damage_taken":0.0},{"damage_healed":0.0,"max_hp_gain":0.0,"max_hp_loss":4.0,"gold_gain":0.0,"event_name":"Winding Halls","player_choice":"Max HP","floor":38.0,"gold_loss":0.0,"damage_taken":0.0}],"is_beta":false,"boss_relics":[{"not_picked":["Runic Cube","Mark of Pain"],"picked":"Fusion Hammer"},{"not_picked":["Pandora\u0027s Box","Coffee Dripper"],"picked":"Black Star"}],"items_purged_floors":[],"is_endless":false,"potions_floor_spawned":[5,6,8,14,24,29,31,33,40,41,45,47,48],"ascension_level":20}