{"gold_per_floor":[119,269,269,287,287,321,378,378,378,398,417,417,417],"floor_reached":13,"playtime":377,"items_purged":[],"score":216,"play_id":"33feabba-f971-4292-b97f-7e36217d929c","local_time":"20190605161427","is_ascension_mode":true,"campfire_choices":[{"floor":12,"key":"REST"}],"neow_cost":"NONE","seed_source_timestamp":410607352331484,"circlet_count":0,"master_deck":["AscendersBane","Defend_G","Defend_G","Defend_G","Defend_G","Defend_G","Strike_G","Strike_G","Strike_G","Strike_G","Strike_G","Survivor","Neutralize","PiercingWail","Doubt","Noxious Fumes","Regret","Envenom","Footwork","Noxious Fumes","Caltrops"],"relics":["Ring of the Snake","NeowsBlessing","GremlinMask","Omamori","Ginger","Shuriken","Mercury Hourglass"],"potions_floor_usage":[7],"damage_taken":[{"damage":0,"enemies":"Jaw Worm","floor":1,"turns":1},{"damage":0,"enemies":"Cultist","floor":4,"turns":1},{"damage":1,"enemies":"Lagavulin","floor":6,"turns":3},{"damage":52,"enemies":"Lagavulin Event","floor":7,"turns":8},{"damage":7,"enemies":"Small Slimes","floor":10,"turns":4},{"damage":4,"enemies":"2 Fungi Beasts","floor":11,"turns":4},{"damage":31,"enemies":"Exordium Wildlife","floor":13,"turns":3}],"seed_played":"7451738373985382428","potions_obtained":[{"floor":4,"key":"Fire Potion"},{"floor":6,"key":"GhostInAJar"},{"floor":7,"key":"Ancient Potion"}],"is_trial":false,"path_per_floor":["M","?","?","M","?","E","?","?","T","M","M","R","M"],"character_chosen":"THE_SILENT","items_purchased":[],"campfire_rested":1,"item_purchase_floors":[],"current_hp_per_floor":[59,59,59,59,59,58,6,22,22,15,11,30,0],"gold":417,"neow_bonus":"THREE_ENEMY_KILL","is_prod":false,"is_daily":false,"chose_seed":false,"campfire_upgraded":0,"win_rate":0,"timestamp":1559744067,"path_taken":["M","?","?","?","?","E","?","?","T","M","M","R","M"],"build_version":"2019-01-23","purchased_purges":0,"victory":false,"max_hp_per_floor":[66,66,66,66,66,66,66,66,66,66,66,66,66],"card_choices":[{"not_picked":["Blade Dance","Poisoned Stab"],"picked":"PiercingWail","floor":1},{"not_picked":["Blur","Leg Sweep"],"picked":"Noxious Fumes","floor":4},{"not_picked":["Backflip","Deflect"],"picked":"Envenom","floor":6},{"not_picked":["Dodge and Roll","Escape Plan"],"picked":"Footwork","floor":7},{"not_picked":["Acrobatics","Well Laid Plans"],"picked":"Noxious Fumes","floor":10},{"not_picked":["Dagger Throw","Footwork"],"picked":"Caltrops","floor":11}],"player_experience":456725,"relics_obtained":[{"floor":6,"key":"Ginger"},{"floor":9,"key":"Mercury Hourglass"}],"event_choices":[{"damage_healed":0,"gold_gain":150,"player_choice":"AGREE","damage_taken":0,"max_hp_gain":0,"max_hp_loss":0,"event_name":"Liars Game","floor":2,"gold_loss":0,"cards_obtained":["Doubt"]},{"damage_healed":0,"gold_gain":0,"player_choice":"Trade","damage_taken":0,"relics_obtained":["GremlinMask"],"max_hp_gain":0,"max_hp_loss":0,"event_name":"FaceTrader","floor":3,"gold_loss":0},{"damage_healed":0,"gold_gain":0,"player_choice":"Box","damage_taken":0,"relics_obtained":["Omamori"],"max_hp_gain":0,"max_hp_loss":0,"event_name":"Big Fish","floor":5,"gold_loss":0,"cards_obtained":["Regret"]},{"damage_healed":0,"gold_gain":30,"player_choice":"Searched \u00273\u0027 times","damage_taken":0,"relics_obtained":["Shuriken"],"max_hp_gain":0,"max_hp_loss":0,"event_name":"Dead Adventurer","floor":7,"gold_loss":0},{"damage_healed":16,"gold_gain":0,"player_choice":"Healed and dodged fight","damage_taken":0,"max_hp_gain":0,"max_hp_loss":0,"event_name":"Mushrooms","floor":8,"gold_loss":0,"cards_obtained":["Parasite"]}],"is_beta":false,"boss_relics":[],"items_purged_floors":[],"is_endless":false,"potions_floor_spawned":[4,6,7],"killed_by":"Exordium Wildlife","ascension_level":20}