{"gold_per_floor":[359,372,102,102,118,118,143,161,161,181,181,194,204,237,237,312,312,329,23,23,23,23,49,49,80,80,80,95,109,129,154,154,226,226,243,261,8,8,20,52,0,54,79,79,114,134,169,182,182,182],"floor_reached":50,"playtime":5458,"items_purged":["Strike_G"],"score":1122,"play_id":"24f18d03-2348-4c17-bbb1-525f03a38e9b","local_time":"20190621100230","is_ascension_mode":true,"campfire_choices":[{"data":"The Bomb","floor":6.0,"key":"SMITH"},{"floor":11.0,"key":"REST"},{"floor":15.0,"key":"REST"},{"floor":24.0,"key":"REST"},{"floor":27.0,"key":"REST"},{"floor":32.0,"key":"REST"},{"data":"Apotheosis","floor":44.0,"key":"SMITH"},{"floor":49.0,"key":"REST"}],"neow_cost":"TEN_PERCENT_HP_LOSS","seed_source_timestamp":0,"circlet_count":0,"master_deck":["AscendersBane","Defend_G","Defend_G","Defend_G","Defend_G","Defend_G","Strike_G","Survivor","Neutralize","Dash","Infinite Blades","The Bomb+1","Flying Knee","Dash","Backflip","Noxious Fumes","Deflect","Deadly Poison","Wraith Form v2","Noxious Fumes","Catalyst","Ghostly","Ghostly","Ghostly","Leg Sweep","Expertise","Crippling Poison","Blur","Dodge and Roll","Crippling Poison","Die Die Die","Bouncing Flask","Malaise","Blur+1","Crippling Poison+1","Apotheosis+1","Adrenaline","Panacea","Footwork","Backstab+1","Escape Plan","PiercingWail","Setup","Escape Plan+1"],"special_seed":0,"relics":["Ring of the Serpent","Bottled Flame","Du-Vu Doll","The Specimen","Frozen Eye","Oddly Smooth Stone","Mummified Hand","Prayer Wheel","Dream Catcher","Black Star","Blood Vial","Mango","Red Mask","Nunchaku","Ancient Tea Set","Omamori","Mercury Hourglass","Dead Branch"],"potions_floor_usage":[50],"damage_taken":[{"damage":0.0,"enemies":"Small Slimes","floor":1.0,"turns":4.0},{"damage":1.0,"enemies":"Jaw Worm","floor":2.0,"turns":5.0},{"damage":0.0,"enemies":"2 Louse","floor":5.0,"turns":5.0},{"damage":5.0,"enemies":"Lagavulin","floor":7.0,"turns":5.0},{"damage":12.0,"enemies":"Lots of Slimes","floor":8.0,"turns":6.0},{"damage":0.0,"enemies":"3 Louse","floor":10.0,"turns":5.0},{"damage":0.0,"enemies":"Blue Slaver","floor":12.0,"turns":4.0},{"damage":7.0,"enemies":"Gremlin Gang","floor":13.0,"turns":5.0},{"damage":26.0,"enemies":"Gremlin Nob","floor":14.0,"turns":5.0},{"damage":29.0,"enemies":"Slime Boss","floor":16.0,"turns":11.0},{"damage":19.0,"enemies":"Spheric Guardian","floor":18.0,"turns":6.0},{"damage":21.0,"enemies":"Slavers","floor":23.0,"turns":3.0},{"damage":12.0,"enemies":"Gremlin Leader","floor":25.0,"turns":9.0},{"damage":0.0,"enemies":"3 Byrds","floor":28.0,"turns":4.0},{"damage":0.0,"enemies":"Snecko","floor":29.0,"turns":6.0},{"damage":0.0,"enemies":"Snake Plant","floor":30.0,"turns":6.0},{"damage":12.0,"enemies":"Book of Stabbing","floor":31.0,"turns":7.0},{"damage":3.0,"enemies":"Collector","floor":33.0,"turns":8.0},{"damage":0.0,"enemies":"3 Shapes","floor":35.0,"turns":4.0},{"damage":0.0,"enemies":"Orb Walker","floor":36.0,"turns":7.0},{"damage":1.0,"enemies":"Jaw Worm Horde","floor":39.0,"turns":4.0},{"damage":3.0,"enemies":"Reptomancer","floor":40.0,"turns":7.0},{"damage":6.0,"enemies":"2 Orb Walkers","floor":42.0,"turns":5.0},{"damage":11.0,"enemies":"Nemesis","floor":45.0,"turns":9.0},{"damage":19.0,"enemies":"Transient","floor":46.0,"turns":5.0},{"damage":3.0,"enemies":"Giant Head","floor":47.0,"turns":10.0},{"damage":1.0,"enemies":"Spire Growth","floor":48.0,"turns":5.0},{"damage":33,"enemies":"Awakened One","floor":50,"turns":12}],"seed_played":"3917875993942765418","potions_obtained":[{"floor":5.0,"key":"Poison Potion"},{"floor":7.0,"key":"Ancient Potion"},{"floor":8.0,"key":"GhostInAJar"},{"floor":29.0,"key":"Explosive Potion"},{"floor":31.0,"key":"PowerPotion"},{"floor":35.0,"key":"PowerPotion"},{"floor":45.0,"key":"Swift Potion"},{"floor":46.0,"key":"Dexterity Potion"}],"is_trial":false,"path_per_floor":["M","M","$","?","M","R","E","M","T","M","R","M","M","E","R","B",null,"M","$","?","?","?","E","R","E","T","R","M","M","M","E","R","B",null,"M","M","$","?","M","E","?","?","T","R","E","M","E","M","R","B"],"character_chosen":"THE_SILENT","items_purchased":["The Bomb","Noxious Fumes","Catalyst","Frozen Eye","Apotheosis","Adrenaline"],"campfire_rested":6,"item_purchase_floors":[3,19,19,19,37,37],"current_hp_per_floor":[59,58,58,51,51,51,46,34,34,34,52,52,45,19,37,8,47,28,28,28,28,28,7,16,4,4,13,13,13,13,1,10,7,24,24,24,24,24,23,34,34,30,30,30,21,4,3,4,17,0],"gold":182,"neow_bonus":"TWO_FIFTY_GOLD","is_prod":false,"is_daily":false,"chose_seed":false,"campfire_upgraded":2,"win_rate":0,"timestamp":1561104150,"path_taken":["M","M","$","?","M","R","E","M","T","M","R","M","M","E","R","BOSS","M","$","?","?","?","E","R","E","T","R","M","M","?","E","R","BOSS","M","M","$","?","M","E","?","?","T","R","E","M","E","M","R","BOSS"],"build_version":"2019-01-23","purchased_purges":1,"victory":false,"max_hp_per_floor":[60,60,60,60,60,60,60,60,60,60,60,60,60,60,60,60,60,60,60,30,30,30,30,30,30,30,30,30,30,30,30,30,30,30,30,30,30,30,30,44,44,44,44,44,44,44,44,44,44,44],"card_choices":[{"not_picked":["Deadly Poison","Well Laid Plans"],"picked":"Dash","floor":1.0},{"not_picked":["Acrobatics","Tactician"],"picked":"Infinite Blades","floor":2.0},{"not_picked":["Outmaneuver","Blade Dance"],"picked":"Flying Knee","floor":5.0},{"not_picked":["Terror","Acrobatics"],"picked":"Dash","floor":7.0},{"not_picked":["Heel Hook","Sucker Punch"],"picked":"Backflip","floor":8.0},{"not_picked":["Sucker Punch","Endless Agony"],"picked":"Noxious Fumes","floor":10.0},{"not_picked":["Caltrops","Flying Knee"],"picked":"Deflect","floor":12.0},{"not_picked":["Outmaneuver","Sucker Punch"],"picked":"Deadly Poison","floor":13.0},{"not_picked":["Dagger Throw","Acrobatics","Concentrate"],"picked":"SKIP","floor":14.0},{"not_picked":["Storm of Steel","Glass Knife"],"picked":"Wraith Form v2","floor":16.0},{"not_picked":["Quick Slash","Sucker Punch+1","Slice"],"picked":"SKIP","floor":18.0},{"not_picked":["Backflip","Eviscerate"],"picked":"Crippling Poison","floor":23.0},{"not_picked":["Bouncing Flask","Heel Hook"],"picked":"Blur","floor":25.0},{"not_picked":["Bane","Underhanded Strike"],"picked":"Dodge and Roll","floor":28.0},{"not_picked":["Acrobatics","Prepared","Poisoned Stab"],"picked":"SKIP","floor":28.0},{"not_picked":["Deflect","Sucker Punch"],"picked":"Crippling Poison","floor":29.0},{"not_picked":["Prepared","Dodge and Roll"],"picked":"Die Die Die","floor":29.0},{"not_picked":["Dodge and Roll","Underhanded Strike"],"picked":"Bouncing Flask","floor":30.0},{"not_picked":["Slice","Envenom","All Out Attack"],"picked":"SKIP","floor":30.0},{"not_picked":["Skewer","Dagger Spray","Sucker Punch"],"picked":"SKIP","floor":31.0},{"not_picked":["Envenom","Glass Knife"],"picked":"Malaise","floor":33.0},{"not_picked":["Backflip","Deflect"],"picked":"Blur+1","floor":35.0},{"not_picked":["Deflect","Bane","Dodge and Roll"],"picked":"SKIP","floor":35.0},{"not_picked":["Deadly Poison","Outmaneuver"],"picked":"Crippling Poison+1","floor":36.0},{"not_picked":["Tactician","Deadly Poison","Finisher"],"picked":"SKIP","floor":36.0},{"not_picked":["Apotheosis","Mayhem"],"picked":"Panacea","floor":38.0},{"not_picked":["Crippling Poison","Masterful Stab"],"picked":"Footwork","floor":39.0},{"not_picked":["Slice","Dagger Throw+1"],"picked":"Backstab+1","floor":39.0},{"not_picked":["Blade Dance","Skewer+1","Backstab"],"picked":"SKIP","floor":40.0},{"not_picked":["Deadly Poison","Deflect"],"picked":"Escape Plan","floor":42.0},{"not_picked":["Dagger Throw","Deflect+1","Sucker Punch+1"],"picked":"SKIP","floor":45.0},{"not_picked":["Slice","Acrobatics+1"],"picked":"PiercingWail","floor":46.0},{"not_picked":["Skewer","Deflect+1","Poisoned Stab"],"picked":"SKIP","floor":46.0},{"not_picked":["Reflex+1","Dagger Spray"],"picked":"Setup","floor":47.0},{"not_picked":["Riddle With Holes+1","Sucker Punch+1","Skewer"],"picked":"SKIP","floor":48.0},{"not_picked":["Acrobatics","Crippling Poison","Noxious Fumes+1"],"picked":"SKIP","floor":48.0},{"not_picked":["Malaise","Acrobatics"],"picked":"Escape Plan+1","floor":49.0}],"player_experience":583596,"relics_obtained":[{"floor":7.0,"key":"Bottled Flame"},{"floor":9.0,"key":"Du-Vu Doll"},{"floor":14.0,"key":"The Specimen"},{"floor":23.0,"key":"Oddly Smooth Stone"},{"floor":25.0,"key":"Mummified Hand"},{"floor":26.0,"key":"Prayer Wheel"},{"floor":31.0,"key":"Dream Catcher"},{"floor":40.0,"key":"Blood Vial"},{"floor":40.0,"key":"Mango"},{"floor":42.0,"key":"Nunchaku"},{"floor":45.0,"key":"Ancient Tea Set"},{"floor":45.0,"key":"Omamori"},{"floor":47.0,"key":"Mercury Hourglass"},{"floor":47.0,"key":"Dead Branch"}],"event_choices":[{"cards_removed":["Strike_G"],"damage_healed":0.0,"max_hp_gain":0.0,"max_hp_loss":0.0,"gold_gain":0.0,"event_name":"Golden Wing","player_choice":"Card Removal","floor":4.0,"gold_loss":0.0,"damage_taken":7.0},{"damage_healed":0.0,"max_hp_gain":0.0,"max_hp_loss":30.0,"gold_gain":0.0,"event_name":"Ghosts","player_choice":"Became a Ghost","floor":20.0,"gold_loss":0.0,"damage_taken":0.0,"cards_obtained":["Ghostly","Ghostly","Ghostly"]},{"damage_healed":0.0,"max_hp_gain":0.0,"max_hp_loss":0.0,"gold_gain":0.0,"event_name":"Beggar","player_choice":"Ignored","floor":21.0,"gold_loss":0.0,"damage_taken":0.0},{"damage_healed":0.0,"max_hp_gain":0.0,"max_hp_loss":0.0,"gold_gain":0.0,"cards_transformed":["Strike_G","Strike_G"],"event_name":"Drug Dealer","player_choice":"Became Test Subject","floor":22.0,"gold_loss":0.0,"damage_taken":0.0,"cards_obtained":["Leg Sweep","Expertise"]},{"damage_healed":0.0,"max_hp_gain":0.0,"max_hp_loss":0.0,"gold_gain":0.0,"event_name":"SensoryStone","player_choice":"Memory 1","floor":38.0,"gold_loss":0.0,"damage_taken":0.0},{"damage_healed":0.0,"max_hp_gain":0.0,"max_hp_loss":0.0,"gold_gain":0.0,"event_name":"Tomb of Lord Red Mask","player_choice":"Paid","floor":41.0,"gold_loss":52.0,"damage_taken":0.0,"relics_obtained":["Red Mask"]},{"damage_healed":0.0,"max_hp_gain":0.0,"max_hp_loss":0.0,"gold_gain":0.0,"event_name":"Mysterious Sphere","player_choice":"Fight","floor":42.0,"gold_loss":0.0,"damage_taken":0.0}],"is_beta":false,"boss_relics":[{"not_picked":["Empty Cage","Philosopher\u0027s Stone"],"picked":"Ring of the Serpent"},{"not_picked":["Astrolabe","WristBlade"],"picked":"Black Star"}],"items_purged_floors":[3],"is_endless":false,"potions_floor_spawned":[5,7,8,10,29,31,33,35,39,45,46],"killed_by":"Awakened One","ascension_level":15}