{"gold_per_floor":[15,15,115,130,150,150,183,183,183,197,230,230,265,265,265,364,364,375,375,395,408,428,428,447,447,497,412,422,422,34,53,53,148,148,164,164,181,181,281,281,314,326,326,326,326,354,354],"floor_reached":47,"playtime":2731,"items_purged":[],"score":553,"play_id":"3e128e70-d209-49a5-b624-9a93e840c052","local_time":"20190208212202","is_ascension_mode":false,"campfire_choices":[{"data":"Static Discharge","floor":6.0,"key":"SMITH"},{"data":"Dualcast","floor":8.0,"key":"SMITH"},{"data":"Static Discharge","floor":12.0,"key":"SMITH"},{"data":"Cold Snap","floor":15.0,"key":"SMITH"},{"data":"Force Field","floor":23,"key":"SMITH"},{"data":"Conserve Battery","floor":25,"key":"SMITH"},{"data":"Storm","floor":29,"key":"SMITH"},{"floor":32,"key":"RECALL"},{"data":"Auto Shields","floor":40,"key":"SMITH"},{"data":"Force Field","floor":45,"key":"SMITH"}],"neow_cost":"NO_GOLD","seed_source_timestamp":1558765974015131,"circlet_count":0,"master_deck":["Zap+1","Dualcast+1","Sweeping Beam+1","Steam","Static Discharge+1","Static Discharge+1","Turbo+1","Cold Snap+1","Rebound","Electrodynamics","Turbo","Compile Driver","Storm+1","White Noise+1","Compile Driver","Force Field+1","Lockon","Multi-Cast","Conserve Battery+1","Auto Shields+1","Echo Form","Capacitor+1","Force Field+1","Pain","Amplify"],"special_seed":0,"relics":["Cracked Core","Bottled Lightning","Anchor","Juzu Bracelet","Potion Belt","Pandora\u0027s Box","Centennial Puzzle","DataDisk","Incense Burner","Cursed Key","War Paint","Art of War"],"potions_floor_usage":[],"damage_taken":[{"damage":3.0,"enemies":"Small Slimes","floor":1.0,"turns":4.0},{"damage":1.0,"enemies":"Cultist","floor":4.0,"turns":3.0},{"damage":0.0,"enemies":"2 Louse","floor":5.0,"turns":3.0},{"damage":16.0,"enemies":"3 Sentries","floor":7.0,"turns":5.0},{"damage":0.0,"enemies":"Looter","floor":10.0,"turns":3.0},{"damage":17.0,"enemies":"Gremlin Nob","floor":11.0,"turns":4.0},{"damage":10.0,"enemies":"3 Sentries","floor":13.0,"turns":3.0},{"damage":10.0,"enemies":"Slime Boss","floor":16.0,"turns":10.0},{"damage":4.0,"enemies":"2 Thieves","floor":18.0,"turns":2.0},{"damage":0,"enemies":"Spheric Guardian","floor":20,"turns":3},{"damage":14,"enemies":"Centurion and Healer","floor":21,"turns":4},{"damage":1,"enemies":"Snake Plant","floor":22,"turns":2},{"damage":17,"enemies":"Sentry and Sphere","floor":24,"turns":5},{"damage":2,"enemies":"Snecko","floor":28,"turns":3},{"damage":10,"enemies":"Centurion and Healer","floor":31,"turns":3},{"damage":0,"enemies":"Champ","floor":33,"turns":12},{"damage":4,"enemies":"3 Darklings","floor":35,"turns":2},{"damage":0,"enemies":"Orb Walker","floor":37,"turns":3},{"damage":6,"enemies":"Giant Head","floor":41,"turns":6},{"damage":0,"enemies":"Transient","floor":42,"turns":5},{"damage":52,"enemies":"Reptomancer","floor":46,"turns":3},{"damage":27,"enemies":"Spire Growth","floor":47,"turns":4}],"seed_played":"6495656378191473035","potions_obtained":[{"floor":1.0,"key":"Block Potion"},{"floor":7.0,"key":"SteroidPotion"},{"floor":11.0,"key":"EssenceOfSteel"},{"floor":13.0,"key":"SteroidPotion"},{"floor":20,"key":"SmokeBomb"},{"floor":24,"key":"GamblersBrew"},{"floor":31,"key":"SpeedPotion"},{"floor":33,"key":"Weak Potion"},{"floor":37,"key":"FearPotion"},{"floor":41,"key":"Energy Potion"}],"is_trial":false,"path_per_floor":["M","?","?","M","M","R","E","R","T","M","E","R","E","?","R","B",null,"M","?","M","M","M","R","M","R","T","?","M","R","$","M","R","B",null,"M","?","M","?","?","R","E","M","T","?","R","E","M"],"character_chosen":"DEFECT","items_purchased":["Incense Burner","Auto Shields"],"campfire_rested":0,"item_purchase_floors":[30,30],"current_hp_per_floor":[86,79,79,78,78,78,62,62,62,62,45,45,35,17,17,7,89,85,85,85,71,70,70,53,53,53,53,51,51,51,41,41,41,89,85,85,85,85,85,85,79,79,79,79,79,27,0],"gold":354,"neow_bonus":"TWENTY_PERCENT_HP_BONUS","is_prod":false,"is_daily":false,"chose_seed":false,"campfire_upgraded":9,"win_rate":0,"timestamp":1549678922,"path_taken":["M","?","?","M","M","R","E","R","T","M","E","R","E","?","R","BOSS","M","?","M","M","M","R","M","R","T","?","M","R","$","M","R","BOSS","M","?","M","?","?","R","E","M","T","?","R","E","M"],"build_version":"2019-01-23","purchased_purges":0,"victory":false,"max_hp_per_floor":[89,89,89,89,89,89,89,89,89,89,89,89,89,89,89,89,89,89,89,89,89,89,89,89,89,89,89,89,89,89,89,89,89,89,89,85,85,85,85,85,85,85,85,85,85,85,85],"card_choices":[{"not_picked":["Steam Power","BootSequence"],"picked":"Sweeping Beam","floor":1.0},{"not_picked":["Skim","Scrape"],"picked":"Steam","floor":4.0},{"not_picked":["Hologram","Rip and Tear"],"picked":"Static Discharge","floor":5.0},{"not_picked":["Tempest","Stack"],"picked":"Static Discharge","floor":7.0},{"not_picked":["Auto Shields","Barrage"],"picked":"Turbo","floor":10.0},{"not_picked":["Stack","Capacitor"],"picked":"Cold Snap","floor":11.0},{"not_picked":["Reprogram","Gash"],"picked":"Rebound","floor":13.0},{"not_picked":["Buffer","Hyperbeam"],"picked":"Electrodynamics","floor":16.0},{"not_picked":["Coolheaded","Hologram"],"picked":"Force Field","floor":18.0},{"not_picked":["Rip and Tear","Stack+1"],"picked":"Lockon","floor":20},{"not_picked":["Gash","Compile Driver"],"picked":"Multi-Cast","floor":21},{"not_picked":["Compile Driver","Go for the Eyes","Ball Lightning"],"picked":"SKIP","floor":22},{"not_picked":["Redo+1","Barrage"],"picked":"Conserve Battery","floor":24},{"not_picked":["Rebound","Chaos","BootSequence"],"picked":"SKIP","floor":28},{"not_picked":["Hello World","Ball Lightning","Hyperbeam"],"picked":"SKIP","floor":31},{"not_picked":["Amplify","Multi-Cast"],"picked":"Echo Form","floor":33},{"not_picked":["Barrage","Redo+1","Scrape"],"picked":"SKIP","floor":35},{"not_picked":["Sunder","Steam+1"],"picked":"Capacitor+1","floor":37},{"not_picked":["Streamline+1","Storm","BootSequence"],"picked":"SKIP","floor":41},{"not_picked":["Leap+1","Hyperbeam"],"picked":"Force Field","floor":42},{"not_picked":["Lockon+1","Loop"],"picked":"Amplify","floor":46}],"player_experience":667485,"relics_obtained":[{"floor":7.0,"key":"Bottled Lightning"},{"floor":9.0,"key":"Anchor"},{"floor":11.0,"key":"Juzu Bracelet"},{"floor":13.0,"key":"Potion Belt"},{"floor":26,"key":"Centennial Puzzle"},{"floor":41,"key":"War Paint"},{"floor":46,"key":"Art of War"}],"event_choices":[{"cards_removed":["Strike_B"],"damage_healed":0.0,"max_hp_gain":0.0,"max_hp_loss":0.0,"gold_gain":0.0,"event_name":"Golden Wing","player_choice":"Card Removal","floor":2.0,"gold_loss":0.0,"damage_taken":7.0},{"damage_healed":0.0,"max_hp_gain":0.0,"max_hp_loss":0.0,"gold_gain":100.0,"event_name":"Wheel of Change","player_choice":"Gold","floor":3.0,"gold_loss":0.0,"damage_taken":0.0},{"damage_healed":0.0,"max_hp_gain":0.0,"max_hp_loss":0.0,"gold_gain":0.0,"event_name":"Shining Light","player_choice":"Entered Light","floor":14.0,"gold_loss":0.0,"damage_taken":18.0,"cards_upgraded":["Zap","Sweeping Beam"]},{"cards_removed":["Capacitor"],"damage_healed":0.0,"max_hp_gain":0.0,"max_hp_loss":0.0,"gold_gain":0.0,"event_name":"Back to Basics","player_choice":"Elegance","floor":19.0,"gold_loss":0.0,"damage_taken":0.0},{"damage_healed":0,"gold_gain":0,"player_choice":"Obtained Relic","damage_taken":0,"relics_obtained":["DataDisk"],"max_hp_gain":0,"max_hp_loss":0,"event_name":"Addict","floor":27,"gold_loss":85},{"damage_healed":0,"gold_gain":0,"player_choice":"Max HP","damage_taken":0,"max_hp_gain":0,"max_hp_loss":4,"event_name":"Winding Halls","floor":36,"gold_loss":0},{"cards_removed":["Barrage"],"damage_healed":0,"gold_gain":0,"player_choice":"Removed Attack","damage_taken":0,"max_hp_gain":0,"max_hp_loss":0,"event_name":"Falling","floor":38,"gold_loss":0},{"damage_healed":0,"gold_gain":100,"player_choice":"Pray","damage_taken":0,"max_hp_gain":0,"max_hp_loss":0,"event_name":"Golden Shrine","floor":39,"gold_loss":0},{"damage_healed":0,"gold_gain":0,"player_choice":"Ignored","damage_taken":0,"max_hp_gain":0,"max_hp_loss":0,"event_name":"Tomb of Lord Red Mask","floor":44,"gold_loss":0}],"is_beta":false,"boss_relics":[{"not_picked":["Coffee Dripper","Runic Dome"],"picked":"Pandora\u0027s Box"},{"not_picked":["Tiny House","Philosopher\u0027s Stone"],"picked":"Cursed Key"}],"items_purged_floors":[],"is_endless":false,"potions_floor_spawned":[1,7,11,13,20,24,31,33,37,41,42],"killed_by":"Spire Growth","ascension_level":0}