{"gold_per_floor":[110,122,297,311,386,403,422,155,155,168,168,185,203,221,221,221],"floor_reached":16,"playtime":514,"items_purged":["Doubt"],"score":123,"play_id":"8b6cd65e-71ea-4b68-bea3-b8fb999e83f0","local_time":"20190528221144","is_ascension_mode":false,"campfire_choices":[{"data":"Whirlwind","floor":15,"key":"SMITH"}],"neow_cost":"NONE","seed_source_timestamp":3288862185617,"circlet_count":0,"master_deck":["Strike_R","Strike_R","Strike_R","Strike_R","Strike_R","Defend_R","Defend_R","Defend_R","Defend_R","Bash","Clothesline","Shrug It Off","Headbutt","Shrug It Off","Burning Pact","Whirlwind+1","Disarm","Battle Trance"],"relics":["Burning Blood","NeowsBlessing","Bag of Marbles","Pear"],"potions_floor_usage":[16],"damage_taken":[{"damage":0,"enemies":"2 Louse","floor":1,"turns":1},{"damage":0,"enemies":"Small Slimes","floor":2,"turns":1},{"damage":0,"enemies":"Cultist","floor":4,"turns":1},{"damage":1,"enemies":"Exordium Wildlife","floor":6,"turns":3},{"damage":0,"enemies":"Looter","floor":7,"turns":5},{"damage":5,"enemies":"3 Louse","floor":10,"turns":2},{"damage":2,"enemies":"2 Fungi Beasts","floor":12,"turns":4},{"damage":1,"enemies":"Exordium Wildlife","floor":13,"turns":2},{"damage":15,"enemies":"Exordium Thugs","floor":14,"turns":3},{"damage":88,"enemies":"Hexaghost","floor":16,"turns":19}],"seed_played":"7784408453815652968","potions_obtained":[{"floor":1,"key":"Regen Potion"},{"floor":4,"key":"SmokeBomb"},{"floor":13,"key":"Poison Potion"},{"floor":14,"key":"Weak Potion"}],"is_trial":false,"path_per_floor":["M","M","?","M","?","M","M","$","T","M","?","M","M","M","R","B"],"character_chosen":"IRONCLAD","items_purchased":["Whirlwind","Bag of Marbles"],"campfire_rested":0,"item_purchase_floors":[8,8],"current_hp_per_floor":[80,80,80,80,69,74,80,80,90,90,95,95,95,86,86,0],"gold":221,"neow_bonus":"THREE_ENEMY_KILL","is_prod":false,"is_daily":false,"chose_seed":false,"campfire_upgraded":1,"win_rate":0,"timestamp":1559074304,"path_taken":["M","M","?","M","?","M","M","$","T","M","?","M","M","M","R","BOSS"],"build_version":"2019-01-23","purchased_purges":1,"victory":false,"max_hp_per_floor":[80,80,80,80,80,80,80,80,90,90,95,95,95,95,95,95],"card_choices":[{"not_picked":["Second Wind","Havoc"],"picked":"Clothesline","floor":1},{"not_picked":["Iron Wave","Searing Blow"],"picked":"Shrug It Off","floor":2},{"not_picked":["Rampage","Body Slam"],"picked":"Headbutt","floor":4},{"not_picked":["Armaments","Rupture"],"picked":"Shrug It Off","floor":6},{"not_picked":["Hemokinesis","Flex"],"picked":"Burning Pact","floor":7},{"not_picked":["Fiend Fire","Carnage"],"picked":"Disarm","floor":10},{"not_picked":["Twin Strike","Iron Wave","Perfected Strike"],"picked":"SKIP","floor":12},{"not_picked":["Thunderclap","Twin Strike"],"picked":"Battle Trance","floor":13},{"not_picked":["Seeing Red","Twin Strike","Battle Trance"],"picked":"SKIP","floor":14}],"player_experience":374261,"relics_obtained":[{"floor":9,"key":"Pear"}],"event_choices":[{"damage_healed":0,"gold_gain":175,"player_choice":"AGREE","damage_taken":0,"max_hp_gain":0,"max_hp_loss":0,"event_name":"Liars Game","floor":3,"gold_loss":0,"cards_obtained":["Doubt"]},{"damage_healed":0,"gold_gain":75,"player_choice":"Gather Gold","damage_taken":11,"max_hp_gain":0,"max_hp_loss":0,"event_name":"World of Goop","floor":5,"gold_loss":0},{"damage_healed":0,"gold_gain":0,"player_choice":"Donut","damage_taken":0,"max_hp_gain":5,"max_hp_loss":0,"event_name":"Big Fish","floor":11,"gold_loss":0}],"is_beta":false,"boss_relics":[],"items_purged_floors":[8],"is_endless":false,"potions_floor_spawned":[1,4,13,14],"killed_by":"Hexaghost","ascension_level":0}