{"gold_per_floor":[109,129,129,54,70,70,90,165,192,226,226,226,239,252,252,356,356,368,381,381,78,92,92,125,0,0,34,34,49,49,65,65,65],"floor_reached":33,"playtime":1393,"items_purged":["Regret","Strike_R","Strike_R"],"score":287,"play_id":"7599521b-2791-4934-a000-b43b82449e37","local_time":"20190607232027","is_ascension_mode":false,"campfire_choices":[{"data":"1","floor":6.0,"key":"LIFT"},{"data":"2","floor":12.0,"key":"LIFT"},{"data":"3","floor":15.0,"key":"LIFT"},{"floor":23,"key":"REST"},{"floor":30,"key":"REST"},{"data":"True Grit","floor":32,"key":"SMITH"}],"neow_cost":"PERCENT_DAMAGE","seed_source_timestamp":607827815554592,"circlet_count":0,"master_deck":["Strike_R","Strike_R","Defend_R","Defend_R","Defend_R","Defend_R+1","Bash+1","Armaments","Shrug It Off","Shrug It Off+1","Shrug It Off","Headbutt","Iron Wave","True Grit","Pommel Strike+1","True Grit+1"],"special_seed":0,"relics":["Burning Blood","Girya","Bag of Marbles","Ancient Tea Set","Regal Pillow","Mark of Pain","Red Skull","Orichalcum","The Courier","War Paint"],"potions_floor_usage":[],"damage_taken":[{"damage":1.0,"enemies":"Cultist","floor":1.0,"turns":4.0},{"damage":1.0,"enemies":"Jaw Worm","floor":2.0,"turns":5.0},{"damage":2.0,"enemies":"Small Slimes","floor":5.0,"turns":4.0},{"damage":2.0,"enemies":"2 Fungi Beasts","floor":7.0,"turns":3.0},{"damage":31.0,"enemies":"3 Sentries","floor":10.0,"turns":10.0},{"damage":0.0,"enemies":"3 Louse","floor":13.0,"turns":2.0},{"damage":10.0,"enemies":"Gremlin Gang","floor":14.0,"turns":5.0},{"damage":30.0,"enemies":"Hexaghost","floor":16.0,"turns":11.0},{"damage":13.0,"enemies":"Shell Parasite","floor":18.0,"turns":5.0},{"damage":11.0,"enemies":"2 Thieves","floor":19.0,"turns":4.0},{"damage":44,"enemies":"Cultist and Chosen","floor":22,"turns":9},{"damage":54,"enemies":"Book of Stabbing","floor":24,"turns":8},{"damage":8,"enemies":"Slavers","floor":27,"turns":5},{"damage":13,"enemies":"Snake Plant","floor":29,"turns":3},{"damage":5,"enemies":"Chosen and Byrds","floor":31,"turns":6},{"damage":54,"enemies":"Champ","floor":33,"turns":9}],"seed_played":"2885456187643776636","potions_obtained":[{"floor":10.0,"key":"AttackPotion"},{"floor":13.0,"key":"Swift Potion"},{"floor":19.0,"key":"SteroidPotion"},{"floor":27,"key":"PowerPotion"}],"is_trial":false,"path_per_floor":["M","M","?","$","M","R","M","?","T","E","?","R","M","M","R","B",null,"M","M","?","$","M","R","E","$","T","E","$","M","R","M","R","B"],"character_chosen":"IRONCLAD","items_purchased":["True Grit","Red Skull"],"campfire_rested":2,"item_purchase_floors":[21,21],"current_hp_per_floor":[61,66,66,66,70,70,74,63,63,38,38,38,44,40,40,16,80,73,68,68,68,30,69,21,21,21,19,19,12,51,52,52,0],"gold":65,"neow_bonus":"ONE_RARE_RELIC","is_prod":false,"is_daily":false,"chose_seed":false,"campfire_upgraded":1,"win_rate":0,"timestamp":1559942427,"path_taken":["M","?","?","$","M","R","M","?","T","E","?","R","M","M","R","BOSS","M","M","?","$","?","R","E","$","T","E","$","M","R","M","R","BOSS"],"build_version":"2019-01-23","purchased_purges":3,"victory":false,"max_hp_per_floor":[80,80,80,80,80,80,80,80,80,80,80,80,80,80,80,80,80,80,80,80,80,80,80,80,80,80,80,80,80,80,80,80,80],"card_choices":[{"not_picked":["Perfected Strike","Havoc","Entrench"],"picked":"SKIP","floor":1.0},{"not_picked":["Whirlwind","Entrench"],"picked":"Armaments","floor":2.0},{"not_picked":["Corruption","Sword Boomerang","Flex"],"picked":"SKIP","floor":5.0},{"not_picked":["Perfected Strike","Heavy Blade"],"picked":"Shrug It Off","floor":7.0},{"not_picked":["Barricade","Fire Breathing"],"picked":"Shrug It Off","floor":10.0},{"not_picked":["Spot Weakness","Entrench"],"picked":"Shrug It Off","floor":13.0},{"not_picked":["Wild Strike","Intimidate"],"picked":"Headbutt","floor":14.0},{"not_picked":["Intimidate","Heavy Blade","Pommel Strike+1"],"picked":"SKIP","floor":18.0},{"not_picked":["Carnage","Bloodletting","Heavy Blade+1"],"picked":"SKIP","floor":19.0},{"not_picked":["Evolve","Double Tap","Intimidate"],"picked":"SKIP","floor":22},{"not_picked":["Anger","Bloodletting"],"picked":"Pommel Strike+1","floor":24},{"not_picked":["Twin Strike","Sword Boomerang"],"picked":"True Grit","floor":27},{"not_picked":["Ghostly Armor","Cleave","Headbutt"],"picked":"SKIP","floor":29},{"not_picked":["Evolve","True Grit","Flex"],"picked":"SKIP","floor":31}],"player_experience":479263,"relics_obtained":[{"floor":9.0,"key":"Ancient Tea Set"},{"floor":10.0,"key":"Regal Pillow"},{"floor":24,"key":"Orichalcum"},{"floor":26,"key":"The Courier"},{"floor":27,"key":"War Paint"}],"event_choices":[{"damage_healed":0.0,"max_hp_gain":0.0,"max_hp_loss":0.0,"gold_gain":0.0,"event_name":"Big Fish","player_choice":"Box","floor":3.0,"gold_loss":0.0,"damage_taken":0.0,"relics_obtained":["Bag of Marbles"],"cards_obtained":["Regret"]},{"damage_healed":0.0,"max_hp_gain":0.0,"max_hp_loss":0.0,"gold_gain":75.0,"event_name":"World of Goop","player_choice":"Gather Gold","floor":8.0,"gold_loss":0.0,"damage_taken":11.0},{"damage_healed":0.0,"max_hp_gain":0.0,"max_hp_loss":0.0,"gold_gain":0.0,"event_name":"Living Wall","player_choice":"Grow","floor":11.0,"gold_loss":0.0,"damage_taken":0.0,"cards_upgraded":["Bash"]},{"damage_healed":0,"gold_gain":0,"cards_transformed":["Strike_R"],"player_choice":"Transformed","damage_taken":0,"max_hp_gain":0,"max_hp_loss":0,"event_name":"Transmorgrifier","floor":20,"gold_loss":0,"cards_obtained":["Iron Wave"]}],"is_beta":false,"boss_relics":[{"not_picked":["Orrery","Pandora\u0027s Box"],"picked":"Mark of Pain"}],"items_purged_floors":[4,21,25],"is_endless":false,"potions_floor_spawned":[10,13,19,27,29],"killed_by":"Champ","ascension_level":0}