{"gold_per_floor":[12,12,87,102,121,121,139,154,154,177,218,237,278,278],"floor_reached":14,"playtime":746,"items_purged":[],"score":104,"play_id":"52a0e136-62e2-429a-a4bb-ecc9289e862f","local_time":"20191004202550","is_ascension_mode":false,"campfire_choices":[{"data":"Bash","floor":6,"key":"SMITH"}],"neow_cost":"NO_GOLD","seed_source_timestamp":1793396767190482,"circlet_count":0,"master_deck":["Strike_R","Strike_R","Strike_R","Strike_R","Strike_R","Defend_R","Defend_R","Defend_R","Defend_R","Bash+1","Twin Strike","Dropkick","Shrug It Off","Hemokinesis","Berserk","Flex+1","Demon Form"],"relics":["Burning Blood","Peace Pipe","Golden Idol","Pantograph","Toxic Egg 2","Singing Bowl"],"potions_floor_usage":[13,13,14],"damage_taken":[{"damage":8,"enemies":"Jaw Worm","floor":1,"turns":4},{"damage":0,"enemies":"Small Slimes","floor":4,"turns":3},{"damage":0,"enemies":"2 Louse","floor":5,"turns":3},{"damage":6,"enemies":"Large Slime","floor":7,"turns":5},{"damage":18,"enemies":"Lots of Slimes","floor":8,"turns":5},{"damage":17,"enemies":"Gremlin Gang","floor":10,"turns":6},{"damage":21,"enemies":"Lagavulin","floor":11,"turns":7},{"damage":11,"enemies":"Blue Slaver","floor":12,"turns":5},{"damage":15,"enemies":"3 Sentries","floor":13,"turns":6},{"damage":7,"enemies":"Exordium Wildlife","floor":14,"turns":3}],"seed_played":"1991255921537612318","potions_obtained":[{"floor":7,"key":"Strength Potion"},{"floor":8,"key":"FearPotion"},{"floor":11,"key":"Swift Potion"},{"floor":12,"key":"Block Potion"},{"floor":13,"key":"FearPotion"}],"is_trial":false,"path_per_floor":["M","?","?","M","M","R","M","M","T","M","E","M","E","M"],"character_chosen":"IRONCLAD","items_purchased":[],"campfire_rested":0,"item_purchase_floors":[],"current_hp_per_floor":[78,58,47,53,59,59,59,47,47,36,21,16,7,0],"gold":278,"neow_bonus":"ONE_RARE_RELIC","is_prod":false,"is_daily":false,"chose_seed":false,"campfire_upgraded":1,"win_rate":0,"timestamp":1570235150,"path_taken":["M","?","?","M","M","R","M","M","T","M","E","M","E","M"],"build_version":"2019-07-17","purchased_purges":0,"victory":false,"max_hp_per_floor":[80,80,80,80,80,80,80,80,80,80,80,80,80,80],"card_choices":[{"not_picked":["Havoc","Infernal Blade"],"picked":"Twin Strike","floor":1},{"not_picked":["Feel No Pain","Havoc"],"picked":"Dropkick","floor":4},{"not_picked":["Infernal Blade","Clash"],"picked":"Shrug It Off","floor":5},{"not_picked":["Twin Strike","Iron Wave"],"picked":"Hemokinesis","floor":7},{"not_picked":["Wild Strike","Second Wind","Warcry"],"picked":"SKIP","floor":8},{"not_picked":["Body Slam","Bloodletting"],"picked":"Berserk","floor":10},{"not_picked":["Sword Boomerang","Twin Strike","Rupture"],"picked":"SKIP","floor":11},{"not_picked":["Searing Blow","Iron Wave"],"picked":"Flex+1","floor":12},{"not_picked":["Havoc+1","Shockwave+1"],"picked":"Demon Form","floor":13}],"player_experience":1334340,"relics_obtained":[{"floor":9,"key":"Pantograph"},{"floor":11,"key":"Toxic Egg 2"},{"floor":13,"key":"Singing Bowl"}],"event_choices":[{"damage_healed":0,"gold_gain":0,"player_choice":"Take Damage","damage_taken":20,"relics_obtained":["Golden Idol"],"max_hp_gain":0,"max_hp_loss":0,"event_name":"Golden Idol","floor":2,"gold_loss":0},{"damage_healed":0,"gold_gain":75,"player_choice":"Gather Gold","damage_taken":11,"max_hp_gain":0,"max_hp_loss":0,"event_name":"World of Goop","floor":3,"gold_loss":0}],"is_beta":false,"boss_relics":[],"items_purged_floors":[],"is_endless":false,"potions_floor_spawned":[7,8,11,12,13],"killed_by":"Exordium Wildlife","ascension_level":0}