{"gold_per_floor":[111,125,136,155,155,155,182,204,265,277],"floor_reached":10,"playtime":513,"items_purged":[],"score":137,"play_id":"a92eff52-519a-423b-a0dd-ca92ee409586","local_time":"20190728175717","is_ascension_mode":true,"campfire_choices":[{"data":"Zap","floor":6,"key":"SMITH"}],"neow_cost":"NONE","seed_source_timestamp":516831964827511,"circlet_count":0,"master_deck":["AscendersBane","Strike_B","Strike_B","Strike_B","Defend_B","Defend_B","Defend_B","Defend_B","Zap+1","Dualcast","Ball Lightning","Hologram","Steam","Coolheaded","Darkness","Multi-Cast"],"relics":["Cracked Core","MawBank","DataDisk"],"potions_floor_usage":[3,3],"damage_taken":[{"damage":3,"enemies":"2 Louse","floor":1,"turns":3},{"damage":0,"enemies":"Cultist","floor":2,"turns":3},{"damage":0,"enemies":"Small Slimes","floor":3,"turns":4},{"damage":15,"enemies":"Exordium Wildlife","floor":4,"turns":3},{"damage":39,"enemies":"3 Sentries","floor":7,"turns":9},{"damage":12,"enemies":"Lots of Slimes","floor":8,"turns":5},{"damage":27,"enemies":"Gremlin Gang","floor":10,"turns":3}],"seed_played":"-1877030828390411907","potions_obtained":[{"floor":2,"key":"EntropicBrew"},{"floor":7,"key":"SneckoOil"}],"is_trial":false,"path_per_floor":["M","M","M","M","?","R","E","M","T","M"],"character_chosen":"DEFECT","items_purchased":[],"campfire_rested":0,"item_purchase_floors":[],"current_hp_per_floor":[68,68,68,53,53,53,14,2,2,0],"gold":277,"neow_bonus":"TEN_PERCENT_HP_BONUS","is_prod":false,"is_daily":false,"chose_seed":false,"campfire_upgraded":1,"win_rate":0,"timestamp":1564351037,"path_taken":["M","M","M","M","?","R","E","?","T","M"],"build_version":"2019-07-17","purchased_purges":0,"victory":false,"max_hp_per_floor":[78,78,78,78,78,78,78,78,78,78],"card_choices":[{"not_picked":["Conserve Battery","Beam Cell"],"picked":"Ball Lightning","floor":1},{"not_picked":["Storm","Barrage"],"picked":"Hologram","floor":2},{"not_picked":["Gash","Consume"],"picked":"Steam","floor":3},{"not_picked":["Reinforced Body","Chill"],"picked":"Coolheaded","floor":4},{"not_picked":["Beam Cell","Hello World"],"picked":"Darkness","floor":7},{"not_picked":["Go for the Eyes","Rebound"],"picked":"Multi-Cast","floor":8}],"player_experience":1164421,"relics_obtained":[{"floor":7,"key":"MawBank"},{"floor":9,"key":"DataDisk"}],"event_choices":[{"cards_removed":["Strike_B"],"damage_healed":0,"gold_gain":0,"player_choice":"Purged","damage_taken":0,"max_hp_gain":0,"max_hp_loss":0,"event_name":"Purifier","floor":5,"gold_loss":0}],"is_beta":false,"boss_relics":[],"items_purged_floors":[],"is_endless":false,"potions_floor_spawned":[2,7],"killed_by":"Gremlin Gang","ascension_level":19}