{"gold_per_floor":[114,114,133,143,66,66,100,25,25,42,42,60,70,102,102,197,197,213,123,134,233,249,249,263,28,28,39,39,39,54,74,74,173,223,233,233,247,547,564,564,564],"floor_reached":41,"playtime":3632,"items_purged":["Purity"],"score":631,"play_id":"4ad6f386-49a0-419a-af6f-eeee80ec70e0","local_time":"20180918221516","is_ascension_mode":true,"campfire_choices":[{"data":"Doom and Gloom","floor":6.0,"key":"SMITH"},{"floor":11.0,"key":"REST"},{"floor":15.0,"key":"REST"},{"data":"Fission","floor":23.0,"key":"SMITH"},{"data":"Buffer","floor":29.0,"key":"SMITH"},{"floor":32.0,"key":"REST"},{"floor":40,"key":"REST"}],"neow_cost":"TEN_PERCENT_HP_LOSS","seed_source_timestamp":1044187511480999,"circlet_count":0,"master_deck":["Zap","Dualcast","AscendersBane","Fission+1","Genetic Algorithm","Leap+1","Conserve Battery","Doom and Gloom+1","Core Surge","Hologram","Turbo","Steam","Redo","Buffer+1","Stack+1","Turbo","Doom and Gloom","Beam Cell","Compile Driver","Streamline","Coolheaded","Sweeping Beam","Hologram","Core Surge","Fission","Defragment","Go for the Eyes+1","Leap+1"],"special_seed":0,"relics":["Cracked Core","Letter Opener","Orichalcum","Smiling Mask","Pandora\u0027s Box","Oddly Smooth Stone","StoneCalendar","Tiny House"],"potions_floor_usage":[41],"damage_taken":[{"damage":2.0,"enemies":"2 Louse","floor":1.0,"turns":2.0},{"damage":10.0,"enemies":"Cultist","floor":3.0,"turns":4.0},{"damage":2.0,"enemies":"Small Slimes","floor":4.0,"turns":3.0},{"damage":26.0,"enemies":"3 Sentries","floor":7.0,"turns":7.0},{"damage":6.0,"enemies":"2 Fungi Beasts","floor":10.0,"turns":2.0},{"damage":11.0,"enemies":"Large Slime","floor":12.0,"turns":3.0},{"damage":0.0,"enemies":"3 Louse","floor":13.0,"turns":1.0},{"damage":21.0,"enemies":"Gremlin Nob","floor":14.0,"turns":4.0},{"damage":25.0,"enemies":"The Guardian","floor":16.0,"turns":12.0},{"damage":6.0,"enemies":"3 Byrds","floor":18.0,"turns":3.0},{"damage":0.0,"enemies":"Spheric Guardian","floor":20.0,"turns":3.0},{"damage":5.0,"enemies":"3 Cultists","floor":22.0,"turns":4.0},{"damage":3.0,"enemies":"Snake Plant","floor":24.0,"turns":4.0},{"damage":14.0,"enemies":"Centurion and Healer","floor":27.0,"turns":4.0},{"damage":0.0,"enemies":"Snecko","floor":30.0,"turns":4.0},{"damage":0.0,"enemies":"Cultist and Chosen","floor":31.0,"turns":5.0},{"damage":27.0,"enemies":"Collector","floor":33.0,"turns":7.0},{"damage":12.0,"enemies":"Orb Walker","floor":35.0,"turns":3.0},{"damage":13.0,"enemies":"3 Darklings","floor":37.0,"turns":4.0},{"damage":16,"enemies":"Sphere and 2 Shapes","floor":39,"turns":6},{"damage":61,"enemies":"Giant Head","floor":41,"turns":6}],"seed_played":"6657748782621068296","potions_obtained":[{"floor":3.0,"key":"SkillPotion"},{"floor":4.0,"key":"FearPotion"},{"floor":7.0,"key":"Fruit Juice"},{"floor":10.0,"key":"Block Potion"},{"floor":20.0,"key":"Explosive Potion"},{"floor":27.0,"key":"FocusPotion"},{"floor":34.0,"key":"Ancient Potion"},{"floor":35.0,"key":"Explosive Potion"},{"floor":37.0,"key":"Block Potion"}],"is_trial":false,"path_per_floor":["M","?","M","M","$","R","E","$","T","M","R","M","M","E","R","B",null,"M","?","M","?","M","R","M","$","T","M","?","R","M","M","R","B",null,"M","?","M","?","M","R"],"character_chosen":"DEFECT","items_purchased":["Doom and Gloom","Oddly Smooth Stone","FocusPotion"],"campfire_rested":4,"item_purchase_floors":[5,25,25],"current_hp_per_floor":[66,66,56,54,54,54,33,33,33,27,48,37,37,16,37,12,58,52,52,52,52,47,47,44,44,44,30,54,54,54,54,73,46,71,59,59,46,46,30,53,0],"gold":564,"neow_bonus":"THREE_RARE_CARDS","is_prod":false,"is_daily":false,"chose_seed":false,"campfire_upgraded":3,"win_rate":0,"timestamp":1537323316,"path_taken":["M","?","M","?","?","R","E","$","T","M","R","?","M","E","R","BOSS","M","?","M","?","M","R","?","$","T","M","?","R","M","M","R","BOSS","M","?","?","?","M","R","E"],"build_version":"2018-09-06","purchased_purges":1,"victory":false,"max_hp_per_floor":[68,68,68,68,68,68,73,73,73,73,73,73,73,73,73,73,73,73,73,73,73,73,73,73,73,73,73,73,73,73,73,73,73,78,78,78,78,78,78,78,78],"card_choices":[{"not_picked":["Machine Learning","Seek"],"picked":"Fission","floor":0.0},{"not_picked":["Coolheaded","Cold Snap"],"picked":"Genetic Algorithm","floor":1.0},{"not_picked":["Barrage","Gash"],"picked":"Leap","floor":3.0},{"not_picked":["Redo","Recycle"],"picked":"Conserve Battery","floor":4.0},{"not_picked":["Beam Cell","Cold Snap"],"picked":"Core Surge","floor":7.0},{"not_picked":["Scrape","Barrage"],"picked":"Hologram","floor":10.0},{"not_picked":["Doom and Gloom","Conserve Battery"],"picked":"Turbo","floor":12.0},{"not_picked":["Barrage","Leap"],"picked":"Steam","floor":13.0},{"not_picked":["Undo","Chaos"],"picked":"Redo","floor":14.0},{"not_picked":["Machine Learning","Rainbow"],"picked":"Buffer","floor":16.0},{"not_picked":["Redo","Turbo","Self Repair"],"picked":"SKIP","floor":18.0},{"not_picked":["Streamline","Conserve Battery"],"picked":"Sweeping Beam","floor":20.0},{"not_picked":["Leap","Auto Shields","Gash+1"],"picked":"SKIP","floor":22.0},{"not_picked":["Force Field","Ball Lightning","Fusion"],"picked":"SKIP","floor":24.0},{"not_picked":["Storm","Turbo"],"picked":"Hologram","floor":27.0},{"not_picked":["Cold Snap","Barrage","Force Field"],"picked":"SKIP","floor":30.0},{"not_picked":["Sweeping Beam","Force Field+1"],"picked":"Core Surge","floor":31.0},{"not_picked":["Electrodynamics","Seek"],"picked":"Fission","floor":33.0},{"not_picked":["Tempest","Compile Driver+1"],"picked":"Defragment","floor":34.0},{"not_picked":["Leap+1","Coolheaded+1"],"picked":"Go for the Eyes+1","floor":35.0},{"not_picked":["Heatsinks","Ball Lightning","Doom and Gloom+1"],"picked":"SKIP","floor":37.0},{"not_picked":["Coolheaded+1","Sweeping Beam"],"picked":"Leap+1","floor":39}],"player_experience":459006,"relics_obtained":[{"floor":7.0,"key":"Letter Opener"},{"floor":9.0,"key":"Orichalcum"},{"floor":14.0,"key":"Smiling Mask"},{"floor":26.0,"key":"StoneCalendar"}],"event_choices":[{"event_name":"Match and Keep!","player_choice":"1 cards matched","floor":2.0,"damage_taken":0.0},{"event_name":"Designer","player_choice":"Full Service","floor":19.0,"damage_taken":0.0},{"event_name":"Nest","player_choice":"Stole From Cult","floor":21.0,"damage_taken":0.0},{"event_name":"The Library","player_choice":"Heal","floor":28.0,"damage_taken":0.0},{"event_name":"Tomb of Lord Red Mask","player_choice":"Ignored","floor":36.0,"damage_taken":0.0},{"event_name":"Wheel of Change","player_choice":"Gold","floor":38.0,"damage_taken":0.0}],"is_beta":false,"boss_relics":[{"not_picked":["Fusion Hammer","Philosopher\u0027s Stone"],"picked":"Pandora\u0027s Box"},{"not_picked":["Velvet Choker","Coffee Dripper"],"picked":"Tiny House"}],"items_purged_floors":[8],"is_endless":false,"potions_floor_spawned":[3,4,7,10,14,20,27,30,31,35,37],"killed_by":"Giant Head","ascension_level":11}