{"gold_per_floor":[119,119,139,150,225,225,258,276,328,346,446,480,504,833,833,933,933,953,953,953,973,460,460,460,460,460,490,490,234,244,244,244,348,348,361,321,321,321,338,338,368,368,368,468,488,522,532,532,532,532,532,532,8,37,37],"floor_reached":56,"playtime":3852,"items_purged":["Strike_G","Writhe","Madness"],"score":1189,"play_id":"de60adfd-bdcf-406a-99da-563651b9af78","local_time":"20190516232439","is_ascension_mode":false,"campfire_choices":[{"data":"Neutralize","floor":6.0,"key":"SMITH"},{"data":"Infinite Blades","floor":15.0,"key":"SMITH"},{"data":"Envenom","floor":24.0,"key":"SMITH"},{"floor":32.0,"key":"REST"},{"floor":40.0,"key":"RECALL"},{"data":"Footwork","floor":42.0,"key":"SMITH"},{"data":"Dash","floor":49.0,"key":"SMITH"},{"data":"Well Laid Plans","floor":52,"key":"SMITH"}],"neow_cost":"TEN_PERCENT_HP_LOSS","seed_source_timestamp":497721104515738,"circlet_count":0,"master_deck":["Defend_G+1","Defend_G+1","Defend_G+1","Defend_G+1","Defend_G+1","Survivor","Neutralize+1","Flying Knee","Poisoned Stab+1","Footwork+1","Infinite Blades+1","Backflip","Terror","Poisoned Stab","Envenom+1","All Out Attack","Dash+1","Skewer","Die Die Die+1","Deflect","Well Laid Plans+1","Flash of Steel","Madness","Panacea"],"special_seed":0,"relics":["Ring of the Snake","Thread and Needle","Bottled Tornado","Juzu Bracelet","Snake Skull","Lantern","Old Coin","Lizard Tail","Pocketwatch","Whetstone","Turnip","Pen Nib","Busted Crown","Bronze Scales","Girya","Nunchaku","Dream Catcher","The Specimen","Ornamental Fan"],"potions_floor_usage":[55,55,55],"damage_taken":[{"damage":0.0,"enemies":"Cultist","floor":1.0,"turns":5.0},{"damage":0.0,"enemies":"Small Slimes","floor":3.0,"turns":4.0},{"damage":0.0,"enemies":"Jaw Worm","floor":4.0,"turns":5.0},{"damage":11.0,"enemies":"3 Sentries","floor":7.0,"turns":15.0},{"damage":0.0,"enemies":"Blue Slaver","floor":8.0,"turns":4.0},{"damage":0.0,"enemies":"Exordium Wildlife","floor":10.0,"turns":6.0},{"damage":12.0,"enemies":"Gremlin Nob","floor":12.0,"turns":5.0},{"damage":10.0,"enemies":"3 Sentries","floor":14.0,"turns":9.0},{"damage":8.0,"enemies":"Slime Boss","floor":16.0,"turns":10.0},{"damage":29.0,"enemies":"2 Thieves","floor":18.0,"turns":4.0},{"damage":0.0,"enemies":"3 Byrds","floor":21.0,"turns":6.0},{"damage":33.0,"enemies":"Slavers","floor":27.0,"turns":7.0},{"damage":3.0,"enemies":"3 Cultists","floor":30.0,"turns":3.0},{"damage":1.0,"enemies":"Champ","floor":33.0,"turns":8.0},{"damage":0.0,"enemies":"Orb Walker","floor":35.0,"turns":3.0},{"damage":0.0,"enemies":"3 Darklings","floor":39.0,"turns":4.0},{"damage":4.0,"enemies":"Nemesis","floor":41.0,"turns":7.0},{"damage":0.0,"enemies":"Mind Bloom Boss Battle","floor":44.0,"turns":5.0},{"damage":0.0,"enemies":"Maw","floor":45.0,"turns":5.0},{"damage":1.0,"enemies":"Reptomancer","floor":46.0,"turns":7.0},{"damage":0.0,"enemies":"Transient","floor":47.0,"turns":5.0},{"damage":25,"enemies":"Donu and Deca","floor":50,"turns":9},{"damage":38,"enemies":"Shield and Spear","floor":54,"turns":9},{"damage":17,"enemies":"The Heart","floor":55,"turns":11}],"seed_played":"6443714937462812533","potions_obtained":[{"floor":1.0,"key":"GamblersBrew"},{"floor":4.0,"key":"GamblersBrew"},{"floor":7.0,"key":"SkillPotion"},{"floor":21.0,"key":"SpeedPotion"},{"floor":27.0,"key":"SkillPotion"},{"floor":39.0,"key":"GhostInAJar"},{"floor":41.0,"key":"Swift Potion"},{"floor":46.0,"key":"Dexterity Potion"}],"is_trial":false,"path_per_floor":["M","?","M","M","?","R","E","M","T","M","?","E","T","E","R","B",null,"M","?","?","M","$","?","R","?","T","E","?","$","M","?","R","B",null,"M","$","?","?","M","R","E","R","T","?","M","E","M","?","R","B",null,"R","$","E","B",null],"character_chosen":"THE_SILENT","items_purchased":["Pocketwatch","Die Die Die","Pen Nib","Well Laid Plans","Panacea","The Specimen"],"campfire_rested":1,"item_purchase_floors":[22,22,29,36,53,53],"current_hp_per_floor":[63,56,56,56,50,50,39,39,39,39,39,27,27,17,17,9,63,34,23,23,23,23,45,45,45,45,12,12,12,9,9,29,28,68,68,68,68,68,68,68,64,64,64,64,64,63,63,54,54,29,68,68,68,30,13],"gold":37,"neow_bonus":"ONE_RARE_RELIC","is_prod":false,"is_daily":false,"chose_seed":false,"campfire_upgraded":6,"win_rate":0,"timestamp":1558063479,"path_taken":["M","?","M","M","?","R","E","M","T","M","?","E","?","E","R","BOSS","M","?","?","M","$","?","R","?","T","E","?","$","M","?","R","BOSS","M","$","?","?","M","R","E","R","T","?","M","E","M","?","R","BOSS","R","$","E","BOSS"],"build_version":"2019-01-23","purchased_purges":3,"victory":true,"max_hp_per_floor":[63,63,63,63,63,63,63,63,63,63,63,63,63,63,63,63,63,63,68,68,68,68,68,68,68,68,68,68,68,68,68,68,68,68,68,68,68,68,68,68,68,68,68,68,68,68,68,68,68,68,68,68,68,68,68],"card_choices":[{"not_picked":["Riddle With Holes","Blade Dance"],"picked":"Flying Knee","floor":1.0},{"not_picked":["Catalyst","Bane"],"picked":"Poisoned Stab","floor":3.0},{"not_picked":["Bane","Flying Knee"],"picked":"Footwork","floor":4.0},{"not_picked":["Bane","Heel Hook"],"picked":"Infinite Blades","floor":7.0},{"not_picked":["Tactician","Expertise","Blade Dance"],"picked":"SKIP","floor":8.0},{"not_picked":["Endless Agony","Accuracy"],"picked":"Backflip","floor":10.0},{"not_picked":["Caltrops","Tactician"],"picked":"Terror","floor":12.0},{"not_picked":["Deflect","Dodge and Roll"],"picked":"Poisoned Stab","floor":14.0},{"not_picked":["Venomology","Die Die Die"],"picked":"Envenom","floor":16.0},{"not_picked":["Quick Slash+1","Infinite Blades+1"],"picked":"All Out Attack","floor":18.0},{"not_picked":["Dagger Throw","Predator","Bane"],"picked":"SKIP","floor":21.0},{"not_picked":["Distraction","Acrobatics","Catalyst"],"picked":"SKIP","floor":27.0},{"not_picked":["Eviscerate+1","Quick Slash"],"picked":"Deflect","floor":30.0},{"not_picked":["All Out Attack+1"],"picked":"SKIP","floor":35.0},{"not_picked":[],"picked":"Flash of Steel","floor":38.0},{"not_picked":["Finisher+1"],"picked":"SKIP","floor":39.0},{"not_picked":["Blade Dance"],"picked":"SKIP","floor":41.0},{"not_picked":["Deflect+1"],"picked":"SKIP","floor":45.0},{"not_picked":["Poisoned Stab"],"picked":"SKIP","floor":46.0},{"not_picked":["Deflect"],"picked":"SKIP","floor":47.0},{"not_picked":["Outmaneuver"],"picked":"SKIP","floor":54}],"player_experience":902936,"relics_obtained":[{"floor":7.0,"key":"Bottled Tornado"},{"floor":9.0,"key":"Juzu Bracelet"},{"floor":12.0,"key":"Snake Skull"},{"floor":13.0,"key":"Lantern"},{"floor":14.0,"key":"Old Coin"},{"floor":27.0,"key":"Whetstone"},{"floor":41.0,"key":"Bronze Scales"},{"floor":43.0,"key":"Girya"},{"floor":44.0,"key":"Nunchaku"},{"floor":46.0,"key":"Dream Catcher"},{"floor":54,"key":"Ornamental Fan"}],"event_choices":[{"cards_removed":["Strike_G"],"damage_healed":0.0,"max_hp_gain":0.0,"max_hp_loss":0.0,"gold_gain":0.0,"event_name":"Golden Wing","player_choice":"Card Removal","floor":2.0,"gold_loss":0.0,"damage_taken":7.0},{"damage_healed":0.0,"max_hp_gain":0.0,"max_hp_loss":0.0,"gold_gain":75.0,"event_name":"FaceTrader","player_choice":"Touch","floor":5.0,"gold_loss":0.0,"damage_taken":6.0},{"damage_healed":0.0,"max_hp_gain":0.0,"max_hp_loss":0.0,"gold_gain":100.0,"event_name":"Golden Shrine","player_choice":"Pray","floor":11.0,"gold_loss":0.0,"damage_taken":0.0},{"damage_healed":0.0,"max_hp_gain":5.0,"max_hp_loss":0.0,"gold_gain":0.0,"event_name":"Forgotten Altar","player_choice":"Shed Blood","floor":19.0,"gold_loss":0.0,"damage_taken":16.0},{"damage_healed":0.0,"max_hp_gain":0.0,"max_hp_loss":0.0,"gold_gain":0.0,"cards_transformed":["Strike_G","Strike_G"],"event_name":"Drug Dealer","player_choice":"Became Test Subject","floor":20.0,"gold_loss":0.0,"damage_taken":0.0,"cards_obtained":["Dash","Skewer"]},{"damage_healed":22.0,"max_hp_gain":0.0,"max_hp_loss":0.0,"gold_gain":0.0,"event_name":"The Library","player_choice":"Heal","floor":23.0,"gold_loss":0.0,"damage_taken":0.0},{"cards_removed":["Strike_G"],"damage_healed":0.0,"max_hp_gain":0.0,"max_hp_loss":0.0,"gold_gain":0.0,"event_name":"Bonfire Elementals","player_choice":"Offered Basic","floor":25.0,"gold_loss":0.0,"damage_taken":0.0},{"damage_healed":0.0,"max_hp_gain":0.0,"max_hp_loss":0.0,"gold_gain":0.0,"event_name":"The Mausoleum","player_choice":"Opened","floor":28.0,"gold_loss":0.0,"damage_taken":0.0,"relics_obtained":["Turnip"],"cards_obtained":["Writhe"]},{"damage_healed":0.0,"max_hp_gain":0.0,"max_hp_loss":0.0,"gold_gain":0.0,"event_name":"Back to Basics","player_choice":"Simplicity","floor":31.0,"gold_loss":0.0,"damage_taken":0.0,"cards_upgraded":["Defend_G","Defend_G","Defend_G","Defend_G","Defend_G"]},{"damage_healed":0.0,"max_hp_gain":0.0,"max_hp_loss":0.0,"gold_gain":0.0,"event_name":"Mysterious Sphere","player_choice":"Ignored","floor":37.0,"gold_loss":0.0,"damage_taken":0.0},{"damage_healed":0.0,"max_hp_gain":0.0,"max_hp_loss":0.0,"gold_gain":0.0,"event_name":"SensoryStone","player_choice":"Memory 1","floor":38.0,"gold_loss":0.0,"damage_taken":0.0},{"damage_healed":0.0,"max_hp_gain":0.0,"max_hp_loss":0.0,"gold_gain":0.0,"event_name":"MindBloom","player_choice":"Fight","floor":44.0,"gold_loss":0.0,"damage_taken":0.0},{"damage_healed":0.0,"max_hp_gain":0.0,"max_hp_loss":0.0,"gold_gain":0.0,"event_name":"Winding Halls","player_choice":"Embrace Madness","floor":48.0,"gold_loss":0.0,"damage_taken":9.0,"cards_obtained":["Madness","Madness"]}],"is_beta":false,"boss_relics":[{"not_picked":["Orrery","Tiny House"],"picked":"Lizard Tail"},{"not_picked":["Cursed Key","Calling Bell"],"picked":"Busted Crown"}],"items_purged_floors":[22,29,53],"is_endless":false,"potions_floor_spawned":[1,4,7,21,27,39,41,46],"ascension_level":0}