{"gold_per_floor":[109,128,148,98,112,145,145,179,202,218,218,233,265,285,285,387,387,401,651,651,576,587,79,91,91,144,174,184,200,200,213,213,312,312,325,370,388,407,425,425,437,437,437,505,298,309,88,107,107,107],"floor_reached":51,"playtime":5935,"items_purged":["Strike_B"],"score":760,"play_id":"01de0968-4f81-4e48-9276-e6b83f10db74","local_time":"20180726231458","is_ascension_mode":true,"campfire_choices":[{"data":"Tempest","floor":7,"key":"SMITH"},{"data":"Barrage","floor":15,"key":"SMITH"},{"floor":25,"key":"REST"},{"data":"Hologram","floor":30,"key":"SMITH"},{"floor":32,"key":"REST"},{"data":"Buffer","floor":40,"key":"SMITH"},{"floor":42,"key":"REST"},{"data":"Defragment","floor":49,"key":"SMITH"}],"neow_cost":"","seed_source_timestamp":166163732693353,"circlet_count":0,"master_deck":["Strike_B","Strike_B","Strike_B","Defend_B","Defend_B","Defend_B","Zap","Dualcast","Lockon","Reinforced Body","Hologram+1","Tempest+1","Core Surge","Auto Shields","BootSequence","Barrage+1","Steam","Electrodynamics","Defragment+1","Double Energy","Go for the Eyes","Rebound","Biased Cognition","Genetic Algorithm+1","Go for the Eyes+1","Buffer+1","Steam+1","Undo","Capacitor","Melter","Machine Learning","Parasite","Parasite","Hello World+1","Defragment+1"],"relics":["Cracked Core","Bag of Preparation","Strawberry","Centennial Puzzle","Pen Nib","Philosopher\u0027s Stone","Kunai","Orichalcum","Art of War","Potion Belt","Cursed Key","Bird Faced Urn","Shuriken","Letter Opener","Runic Capacitor","DataDisk"],"potions_floor_usage":[8,16,16,16,41,41,41,50],"damage_taken":[{"damage":1,"enemies":"Cultist","floor":1,"turns":3},{"damage":7,"enemies":"Jaw Worm","floor":2,"turns":3},{"damage":0,"enemies":"Small Slimes","floor":3,"turns":2},{"damage":5,"enemies":"Looter","floor":5,"turns":3},{"damage":26,"enemies":"3 Sentries","floor":6,"turns":8},{"damage":6,"enemies":"Gremlin Nob","floor":8,"turns":3},{"damage":1,"enemies":"Exordium Wildlife","floor":10,"turns":2},{"damage":0,"enemies":"Red Slaver","floor":12,"turns":3},{"damage":6,"enemies":"3 Sentries","floor":13,"turns":6},{"damage":0,"enemies":"Looter","floor":14,"turns":2},{"damage":12,"enemies":"The Guardian","floor":16,"turns":10},{"damage":1,"enemies":"Chosen","floor":18,"turns":3},{"damage":13,"enemies":"Shell Parasite","floor":22,"turns":3},{"damage":24,"enemies":"Snake Plant","floor":24,"turns":4},{"damage":18,"enemies":"Slavers","floor":27,"turns":3},{"damage":0,"enemies":"Sentry and Sphere","floor":28,"turns":3},{"damage":5,"enemies":"3 Cultists","floor":29,"turns":3},{"damage":2,"enemies":"Cultist and Chosen","floor":31,"turns":5},{"damage":9,"enemies":"Champ","floor":33,"turns":12},{"damage":29,"enemies":"3 Darklings","floor":35,"turns":3},{"damage":4,"floor":36,"turns":7},{"damage":4,"enemies":"3 Shapes","floor":37,"turns":4},{"damage":0,"enemies":"Sphere and 2 Shapes","floor":38,"turns":3},{"damage":12,"enemies":"Spire Growth","floor":39,"turns":6},{"damage":7,"enemies":"3 Darklings","floor":41,"turns":3},{"damage":3,"enemies":"4 Shapes","floor":46,"turns":4},{"damage":0,"enemies":"Maw","floor":48,"turns":5},{"damage":46,"enemies":"Donu and Deca","floor":50,"turns":6}],"seed_played":"3573361695080645576","potions_obtained":[{"floor":3,"key":"GamblersBrew"},{"floor":5,"key":"Dexterity Potion"},{"floor":8,"key":"Poison Potion"},{"floor":13,"key":"FearPotion"},{"floor":18,"key":"FairyPotion"},{"floor":27,"key":"Fire Potion"},{"floor":33,"key":"FearPotion"},{"floor":36,"key":"Explosive Potion"},{"floor":37,"key":"SteroidPotion"},{"floor":38,"key":"Swift Potion"},{"floor":39,"key":"Weak Potion"}],"is_trial":false,"path_per_floor":["M","M","M","?","M","E","R","E","T","M","?","M","E","M","R","B",null,"M","?","?","?","M","$","M","R","T","E","M","M","R","M","R","B",null,"M","?","M","M","M","R","M","R","T","T","$","M","$","M","R","B"],"character_chosen":"DEFECT","items_purchased":["Kunai","Go for the Eyes","Orichalcum","Runic Capacitor","DataDisk","Defragment"],"campfire_rested":3,"item_purchase_floors":[23,23,23,45,47,47],"current_hp_per_floor":[74,67,67,67,62,36,36,37,37,36,41,41,35,35,35,23,87,86,86,86,86,73,73,49,75,75,57,57,52,52,50,76,67,87,58,54,54,62,60,60,55,81,81,81,81,84,84,87,87,49],"gold":107,"neow_bonus":"","is_prod":false,"is_daily":false,"chose_seed":false,"campfire_upgraded":5,"win_rate":0,"timestamp":1532661298,"path_taken":["M","M","?","?","M","E","R","E","T","M","?","M","E","M","R","BOSS","M","?","?","?","M","$","M","R","T","E","M","M","R","?","R","BOSS","M","?","M","M","M","R","M","R","T","?","$","?","$","M","R","BOSS"],"build_version":"2018-07-26","purchased_purges":1,"victory":true,"max_hp_per_floor":[75,75,75,75,75,75,75,82,82,82,87,87,87,87,87,87,87,87,87,87,87,87,87,87,87,87,87,87,87,87,87,87,87,87,87,87,87,87,87,87,87,87,87,87,87,87,87,87,87,87],"card_choices":[{"not_picked":["Sweeping Beam","Barrage"],"picked":"Lockon","floor":1},{"not_picked":["Recycle","Rebound"],"picked":"Reinforced Body","floor":2},{"not_picked":["Gash","Steam"],"picked":"Hologram","floor":3},{"not_picked":["Go for the Eyes","Defragment"],"picked":"Tempest","floor":5},{"not_picked":["Ball Lightning","Gash"],"picked":"Core Surge","floor":6},{"not_picked":["Skim","Ball Lightning"],"picked":"Auto Shields","floor":8},{"not_picked":["Cold Snap","Fusion"],"picked":"BootSequence","floor":10},{"not_picked":["Hologram","Gash"],"picked":"Barrage","floor":12},{"not_picked":["Gash","Ball Lightning","Loop"],"picked":"SKIP","floor":13},{"not_picked":["Scrape","Turbo"],"picked":"Steam","floor":14},{"not_picked":["Core Surge","Echo Form"],"picked":"Electrodynamics","floor":16},{"not_picked":["Hologram","Ball Lightning"],"picked":"Defragment+1","floor":18},{"not_picked":["Compile Driver+1","Cold Snap"],"picked":"Double Energy","floor":22},{"not_picked":["Rip and Tear","Gash","Beam Cell"],"picked":"SKIP","floor":24},{"not_picked":["Compile Driver+1","Streamline+1"],"picked":"Rebound","floor":27},{"not_picked":["Hologram+1","Doom and Gloom+1"],"picked":"Biased Cognition","floor":28},{"not_picked":["Go for the Eyes","Fusion+1"],"picked":"Genetic Algorithm+1","floor":29},{"not_picked":["Compile Driver","Auto Shields"],"picked":"Go for the Eyes+1","floor":31},{"not_picked":["Reboot","All For One"],"picked":"Buffer","floor":33},{"not_picked":["Ball Lightning","Heatsinks"],"picked":"Steam+1","floor":35},{"not_picked":["Barrage","Lockon"],"picked":"Undo","floor":36},{"not_picked":["Beam Cell+1","Sweeping Beam+1"],"picked":"Capacitor","floor":37},{"not_picked":["Go for the Eyes","Chill","Coolheaded"],"picked":"SKIP","floor":38},{"not_picked":["Ball Lightning+1","Cold Snap+1"],"picked":"Melter","floor":39},{"not_picked":["Conserve Battery","Darkness+1"],"picked":"Machine Learning","floor":41},{"not_picked":["Ball Lightning","Darkness"],"picked":"Hello World+1","floor":46},{"not_picked":["Fusion+1","Leap+1","Steam"],"picked":"SKIP","floor":48}],"player_experience":180689,"relics_obtained":[{"floor":6,"key":"Bag of Preparation"},{"floor":8,"key":"Strawberry"},{"floor":9,"key":"Centennial Puzzle"},{"floor":13,"key":"Pen Nib"},{"floor":26,"key":"Art of War"},{"floor":27,"key":"Potion Belt"},{"floor":36,"key":"Bird Faced Urn"},{"floor":43,"key":"Shuriken"},{"floor":44,"key":"Letter Opener"}],"event_choices":[{"event_name":"The Cleric","player_choice":"Card Removal","floor":4,"damage_taken":0},{"event_name":"Big Fish","player_choice":"Donut","floor":11,"damage_taken":0},{"event_name":"Golden Shrine","player_choice":"Desecrate","floor":19,"damage_taken":0},{"event_name":"Ghosts","player_choice":"Ignored","floor":20,"damage_taken":0},{"event_name":"Beggar","player_choice":"Gave Gold","floor":21,"damage_taken":0},{"event_name":"Mysterious Sphere","player_choice":"Fight","floor":36,"damage_taken":0}],"is_beta":false,"boss_relics":[{"not_picked":["Runic Pyramid","Calling Bell"],"picked":"Philosopher\u0027s Stone"},{"not_picked":["Coffee Dripper","Busted Crown"],"picked":"Cursed Key"}],"items_purged_floors":[23],"is_endless":false,"potions_floor_spawned":[3,5,8,13,18,27,33,36,37,38,39],"ascension_level":2}