{"gold_per_floor":[20,20,37,64,239,239,253,253,299,315,315,315,351,351,351,351],"floor_reached":16,"playtime":700,"items_purged":[],"score":98,"play_id":"ca668319-32c5-49c0-bdcb-99f53c9a698a","local_time":"20190415214239","is_ascension_mode":false,"campfire_choices":[{"data":"Blind","floor":6,"key":"SMITH"},{"data":"Neutralize","floor":8,"key":"SMITH"},{"data":"Finisher","floor":11,"key":"SMITH"},{"floor":15,"key":"REST"}],"neow_cost":"NO_GOLD","seed_source_timestamp":878000086496972,"circlet_count":0,"master_deck":["Defend_G","Defend_G","Defend_G","Defend_G+1","Defend_G","Strike_G","Strike_G","Strike_G","Strike_G+1","Strike_G","Survivor","Neutralize+1","Good Instincts","Blind+1","PiercingWail","Finisher+1","Doubt","Footwork","Dagger Throw"],"relics":["Ring of the Snake","Kunai","Strawberry","Regal Pillow","Golden Idol","Bottled Tornado"],"potions_floor_usage":[16],"damage_taken":[{"damage":0,"enemies":"Jaw Worm","floor":1,"turns":5},{"damage":0,"enemies":"Small Slimes","floor":3,"turns":6},{"damage":0,"enemies":"2 Louse","floor":7,"turns":4},{"damage":20,"enemies":"Exordium Thugs","floor":10,"turns":8},{"damage":10,"enemies":"3 Sentries","floor":13,"turns":13},{"damage":51,"enemies":"Hexaghost","floor":16,"turns":16}],"seed_played":"1767632342206982059","potions_obtained":[{"floor":7,"key":"Weak Potion"}],"is_trial":false,"path_per_floor":["M","?","M","T","?","R","M","R","T","M","R","?","E","?","R","B"],"character_chosen":"THE_SILENT","items_purchased":[],"campfire_rested":1,"item_purchase_floors":[],"current_hp_per_floor":[70,67,67,74,74,74,74,74,74,54,54,35,25,10,48,0],"gold":351,"neow_bonus":"RANDOM_COLORLESS_2","is_prod":false,"is_daily":false,"chose_seed":false,"campfire_upgraded":3,"win_rate":0,"timestamp":1555378959,"path_taken":["M","?","M","?","?","R","M","R","T","M","R","?","E","?","R","BOSS"],"build_version":"2019-01-23","purchased_purges":0,"victory":false,"max_hp_per_floor":[70,70,70,77,77,77,77,77,77,77,77,77,77,77,77,77],"card_choices":[{"not_picked":["Underhanded Strike","Sucker Punch"],"picked":"PiercingWail","floor":1},{"not_picked":["Backflip","Leg Sweep"],"picked":"Finisher","floor":3},{"not_picked":["Deflect","Dodge and Roll"],"picked":"Footwork","floor":7},{"not_picked":["Slice","Finisher"],"picked":"Dagger Throw","floor":10},{"not_picked":["Setup","Slice","Bane"],"picked":"SKIP","floor":13}],"player_experience":810085,"relics_obtained":[{"floor":4,"key":"Strawberry"},{"floor":9,"key":"Regal Pillow"},{"floor":13,"key":"Bottled Tornado"}],"event_choices":[{"damage_healed":0,"gold_gain":0,"player_choice":"Success","damage_taken":3,"relics_obtained":["Kunai"],"max_hp_gain":0,"max_hp_loss":0,"event_name":"Scrap Ooze","floor":2,"gold_loss":0},{"damage_healed":0,"gold_gain":175,"player_choice":"AGREE","damage_taken":0,"max_hp_gain":0,"max_hp_loss":0,"event_name":"Liars Game","floor":5,"gold_loss":0,"cards_obtained":["Doubt"]},{"damage_healed":0,"gold_gain":0,"player_choice":"Take Damage","damage_taken":19,"relics_obtained":["Golden Idol"],"max_hp_gain":0,"max_hp_loss":0,"event_name":"Golden Idol","floor":12,"gold_loss":0},{"damage_healed":0,"gold_gain":0,"player_choice":"Entered Light","damage_taken":15,"max_hp_gain":0,"max_hp_loss":0,"event_name":"Shining Light","floor":14,"gold_loss":0,"cards_upgraded":["Defend_G","Strike_G"]}],"is_beta":false,"boss_relics":[],"items_purged_floors":[],"is_endless":false,"potions_floor_spawned":[7],"killed_by":"Hexaghost","ascension_level":0}