{"gold_per_floor":[217,23,33,48,72,72,101,116,116,116,130,156,56,69,69,164,164,174,184,33,52,63,63,91,91,91,118,134,147,147,162,162,258,258,272,282,293,303,320,347,366,366,366,385,417,430,430,430,430,430,430,430,65,97,97],"floor_reached":56,"playtime":3500,"items_purged":["Strike_R","Strike_R"],"score":1267,"play_id":"cc364eac-3165-4675-bfea-87977e017f96","local_time":"20191009203326","is_ascension_mode":false,"campfire_choices":[{"data":"Combust","floor":6.0,"key":"SMITH"},{"data":"Metallicize","floor":10.0,"key":"SMITH"},{"data":"Inflame","floor":15.0,"key":"SMITH"},{"data":"Trip","floor":23.0,"key":"SMITH"},{"data":"Shrug It Off","floor":25.0,"key":"SMITH"},{"floor":30.0,"key":"REST"},{"data":"Flame Barrier","floor":32.0,"key":"SMITH"},{"floor":42.0,"key":"RECALL"},{"floor":49.0,"key":"REST"},{"data":"Normality","floor":52,"key":"PURGE"}],"neow_cost":"NONE","seed_source_timestamp":275546495543500,"circlet_count":0,"master_deck":["Strike_R","Defend_R","Defend_R","Defend_R","Defend_R","Bash","Combust+1","Metallicize+1","Shrug It Off+1","Twin Strike","Hemokinesis","Rampage","Headbutt","Inflame+1","Offering","Flame Barrier+1","Feed","Anger","True Grit+1","Spot Weakness","Trip+1","Disarm","Battle Trance","Rupture+1","Seeing Red+1","Brutality","Flame Barrier","Double Tap","Shockwave+1","Disarm+1","Rage","Sword Boomerang"],"special_seed":0,"relics":["Burning Blood","Blood Vial","Gambling Chip","Potion Belt","Bag of Marbles","Empty Cage","Anchor","Vajra","Cursed Key","Blue Candle","Pantograph","Peace Pipe","Bottled Tornado","Centennial Puzzle"],"potions_floor_usage":[55,55,55,55],"damage_taken":[{"damage":1.0,"enemies":"Cultist","floor":1.0,"turns":4.0},{"damage":2.0,"enemies":"Jaw Worm","floor":3.0,"turns":4.0},{"damage":2.0,"enemies":"2 Louse","floor":4.0,"turns":3.0},{"damage":16.0,"enemies":"3 Sentries","floor":7.0,"turns":6.0},{"damage":3.0,"enemies":"Red Slaver","floor":8.0,"turns":5.0},{"damage":3.0,"enemies":"Looter","floor":11.0,"turns":3.0},{"damage":17.0,"enemies":"Gremlin Nob","floor":12.0,"turns":3.0},{"damage":5.0,"enemies":"Exordium Thugs","floor":14.0,"turns":4.0},{"damage":29.0,"enemies":"The Guardian","floor":16.0,"turns":9.0},{"damage":12.0,"enemies":"Chosen","floor":18.0,"turns":3.0},{"damage":11.0,"enemies":"Spheric Guardian","floor":19.0,"turns":3.0},{"damage":19.0,"enemies":"Centurion and Healer","floor":21.0,"turns":5.0},{"damage":26.0,"enemies":"Cultist and Chosen","floor":22.0,"turns":6.0},{"damage":25.0,"enemies":"Book of Stabbing","floor":24.0,"turns":4.0},{"damage":23.0,"enemies":"Slavers","floor":27.0,"turns":5.0},{"damage":14.0,"enemies":"3 Cultists","floor":28.0,"turns":4.0},{"damage":18.0,"enemies":"Chosen and Byrds","floor":29.0,"turns":5.0},{"damage":0.0,"enemies":"Cultist and Chosen","floor":31.0,"turns":5.0},{"damage":27.0,"enemies":"Champ","floor":33.0,"turns":8.0},{"damage":7.0,"enemies":"Orb Walker","floor":35.0,"turns":2.0},{"damage":7.0,"enemies":"3 Shapes","floor":36.0,"turns":2.0},{"damage":13.0,"enemies":"Sphere and 2 Shapes","floor":37.0,"turns":4.0},{"damage":0.0,"enemies":"4 Shapes","floor":38.0,"turns":8.0},{"damage":28.0,"enemies":"3 Darklings","floor":39.0,"turns":5.0},{"damage":34.0,"enemies":"Giant Head","floor":40.0,"turns":7.0},{"damage":13.0,"enemies":"Transient","floor":41.0,"turns":5.0},{"damage":14.0,"enemies":"4 Shapes","floor":44.0,"turns":4.0},{"damage":33.0,"enemies":"Reptomancer","floor":45.0,"turns":7.0},{"damage":7.0,"enemies":"Writhing Mass","floor":46.0,"turns":7.0},{"damage":46,"enemies":"Donu and Deca","floor":50,"turns":9},{"damage":69,"enemies":"Shield and Spear","floor":54,"turns":7},{"damage":124,"enemies":"The Heart","floor":55,"turns":8}],"seed_played":"1341552236878442912","potions_obtained":[{"floor":1.0,"key":"BloodPotion"},{"floor":3.0,"key":"PowerPotion"},{"floor":11.0,"key":"Fire Potion"},{"floor":12.0,"key":"LiquidBronze"},{"floor":19.0,"key":"Energy Potion"},{"floor":21.0,"key":"AttackPotion"},{"floor":24.0,"key":"Energy Potion"},{"floor":28.0,"key":"Explosive Potion"},{"floor":29.0,"key":"Block Potion"},{"floor":33.0,"key":"SkillPotion"},{"floor":36.0,"key":"SteroidPotion"},{"floor":39.0,"key":"SkillPotion"},{"floor":41.0,"key":"Ancient Potion"},{"floor":45.0,"key":"Dexterity Potion"}],"is_trial":false,"path_per_floor":["M","$","M","M","T","R","E","M","T","R","M","E","$","M","R","B",null,"M","M","$","M","M","R","E","R","T","E","M","M","R","M","R","B",null,"M","M","M","M","M","E","M","R","T","M","E","M","?","?","R","B",null,"R","$","E","B",null],"character_chosen":"IRONCLAD","items_purchased":["Metallicize","Shrug It Off","Spot Weakness","Trip","Bottled Tornado","Sword Boomerang","BloodPotion"],"campfire_rested":2,"item_purchase_floors":[2,2,20,20,53,53,53],"current_hp_per_floor":[80,80,80,80,80,80,70,75,75,75,80,69,69,72,72,51,80,77,74,74,66,51,51,37,37,37,25,22,15,45,56,56,40,107,109,112,109,119,97,71,66,66,66,63,38,42,42,30,67,57,128,128,128,68,9],"gold":97,"neow_bonus":"HUNDRED_GOLD","is_prod":false,"is_daily":false,"chose_seed":false,"campfire_upgraded":6,"win_rate":0,"timestamp":1570667606,"path_taken":["M","$","M","M","?","R","E","M","T","R","M","E","$","M","R","BOSS","M","M","$","M","M","R","E","R","T","E","M","M","R","M","R","BOSS","M","M","M","M","M","E","?","R","T","M","E","M","?","?","R","BOSS","R","$","E","BOSS"],"build_version":"2019-07-17","purchased_purges":2,"victory":true,"max_hp_per_floor":[80,80,80,80,80,80,80,80,80,80,80,80,80,80,80,80,80,83,83,83,86,89,89,92,92,92,95,98,101,101,104,104,107,107,110,113,116,119,119,119,119,119,119,122,122,125,125,125,125,128,128,128,128,131,131],"card_choices":[{"not_picked":["Searing Blow","True Grit"],"picked":"Combust","floor":1.0},{"not_picked":["Armaments","True Grit"],"picked":"Twin Strike","floor":3.0},{"not_picked":["Havoc","Heavy Blade"],"picked":"Hemokinesis","floor":4.0},{"not_picked":["Body Slam","Dual Wield"],"picked":"Rampage","floor":7.0},{"not_picked":["Iron Wave","Thunderclap"],"picked":"Headbutt","floor":8.0},{"not_picked":["Anger","Combust"],"picked":"Inflame","floor":11.0},{"not_picked":["Wild Strike","Carnage"],"picked":"Offering","floor":12.0},{"not_picked":["Carnage","Sword Boomerang"],"picked":"Flame Barrier","floor":14.0},{"not_picked":["Reaper","Impervious"],"picked":"Feed","floor":16.0},{"not_picked":["Warcry","Seeing Red"],"picked":"Anger","floor":18.0},{"not_picked":["Headbutt","Perfected Strike+1"],"picked":"True Grit+1","floor":19.0},{"not_picked":["True Grit","Ghostly Armor"],"picked":"Disarm","floor":21.0},{"not_picked":["Armaments","Cleave","Sentinel"],"picked":"SKIP","floor":22.0},{"not_picked":["Rampage","Body Slam+1"],"picked":"Battle Trance","floor":24.0},{"not_picked":["Brutality","Thunderclap","Armaments+1"],"picked":"SKIP","floor":27.0},{"not_picked":["Clothesline","Iron Wave","Heavy Blade+1"],"picked":"SKIP","floor":28.0},{"not_picked":["Headbutt","Havoc"],"picked":"Rupture+1","floor":29.0},{"not_picked":["Inflame","Entrench"],"picked":"Seeing Red+1","floor":31.0},{"not_picked":["Dark Embrace","Offering"],"picked":"Brutality","floor":33.0},{"not_picked":["Clash+1","Iron Wave+1","Havoc+1"],"picked":"SKIP","floor":35.0},{"not_picked":["Whirlwind+1","Pummel+1","Twin Strike"],"picked":"SKIP","floor":36.0},{"not_picked":["Ghostly Armor+1","Fire Breathing"],"picked":"Flame Barrier","floor":37.0},{"not_picked":["Heavy Blade","Cleave+1","Perfected Strike"],"picked":"SKIP","floor":38.0},{"not_picked":["Shrug It Off","Intimidate","Headbutt"],"picked":"SKIP","floor":39.0},{"not_picked":["Perfected Strike","Seeing Red+1"],"picked":"Double Tap","floor":40.0},{"not_picked":["Cleave+1","Combust"],"picked":"Shockwave+1","floor":41.0},{"not_picked":["Pummel+1","Searing Blow"],"picked":"Disarm+1","floor":44.0},{"not_picked":["Seeing Red+1","Clothesline"],"picked":"Rage","floor":45.0},{"not_picked":["Blood for Blood","Pommel Strike+1","Wild Strike"],"picked":"SKIP","floor":46.0},{"not_picked":["Havoc+1","Thunderclap","Headbutt"],"picked":"SKIP","floor":54}],"player_experience":1347218,"relics_obtained":[{"floor":5.0,"key":"Blood Vial"},{"floor":7.0,"key":"Gambling Chip"},{"floor":9.0,"key":"Potion Belt"},{"floor":12.0,"key":"Bag of Marbles"},{"floor":24.0,"key":"Anchor"},{"floor":27.0,"key":"Vajra"},{"floor":40.0,"key":"Blue Candle"},{"floor":43.0,"key":"Pantograph"},{"floor":45.0,"key":"Peace Pipe"},{"floor":54,"key":"Centennial Puzzle"}],"event_choices":[{"damage_healed":0.0,"max_hp_gain":0.0,"max_hp_loss":0.0,"gold_gain":0.0,"event_name":"Tomb of Lord Red Mask","player_choice":"Ignored","floor":47.0,"gold_loss":0.0,"damage_taken":0.0},{"damage_healed":0.0,"max_hp_gain":0.0,"max_hp_loss":0.0,"gold_gain":0.0,"event_name":"Wheel of Change","player_choice":"Damaged","floor":48.0,"gold_loss":0.0,"damage_taken":12.0}],"is_beta":false,"boss_relics":[{"not_picked":["Lizard Tail","Orrery"],"picked":"Empty Cage"},{"not_picked":["Tiny House","Runic Cube"],"picked":"Cursed Key"}],"items_purged_floors":[2,13],"is_endless":false,"potions_floor_spawned":[1,3,11,12,19,21,22,24,28,29,33,36,39,41,45],"ascension_level":0}