{"gold_per_floor":[113,113,125,145,95,129,129,154,154,167,167,185,185,215,215,318,318,336,350,363,363,363,363,363,363,363,380,380,43,43,43,43,146,146,163,173,185,185,185,185,199,199,226,240,240,315,331,16,16,16],"floor_reached":51,"playtime":4080,"items_purged":[],"score":926,"play_id":"c084d4ca-6555-45dc-8737-4d38cfde66ba","local_time":"20180916152456","is_ascension_mode":true,"campfire_choices":[{"data":"Whirlwind","floor":7.0,"key":"SMITH"},{"data":"Demon Form","floor":11.0,"key":"SMITH"},{"data":"Disarm","floor":13.0,"key":"SMITH"},{"floor":15.0,"key":"REST"},{"floor":23.0,"key":"REST"},{"data":"Shrug It Off","floor":25.0,"key":"SMITH"},{"floor":30.0,"key":"REST"},{"floor":32.0,"key":"REST"},{"floor":40.0,"key":"REST"},{"floor":42,"key":"REST"},{"floor":45,"key":"REST"},{"floor":49,"key":"REST"}],"neow_cost":"NONE","seed_source_timestamp":846516384119681,"circlet_count":0,"master_deck":["Strike_R+1","Strike_R+1","Defend_R+1","Defend_R+1","Defend_R+1","Defend_R+1","Bash","AscendersBane","Whirlwind+1","Thunderclap","Twin Strike","Metallicize","Shrug It Off+1","Demon Form+1","Disarm+1","Feed","Barricade","Shockwave","Headbutt","Rage","Offering","Power Through","Evolve+1","Thunderclap+1","Pummel"],"special_seed":0,"relics":["Burning Blood","Calipers","Sundial","Mummified Hand","Blood Vial","Lizard Tail","Frozen Egg 2","Paper Frog","Fusion Hammer","FossilizedHelix","Oddly Smooth Stone","Chemical X"],"potions_floor_usage":[41,50,50],"damage_taken":[{"damage":3.0,"enemies":"Small Slimes","floor":1.0,"turns":4.0},{"damage":2.0,"enemies":"Jaw Worm","floor":3.0,"turns":3.0},{"damage":1.0,"enemies":"2 Louse","floor":4.0,"turns":2.0},{"damage":9.0,"enemies":"Lagavulin","floor":6.0,"turns":7.0},{"damage":20.0,"enemies":"3 Sentries","floor":8.0,"turns":4.0},{"damage":12.0,"enemies":"Large Slime","floor":10.0,"turns":4.0},{"damage":13.0,"enemies":"Red Slaver","floor":12.0,"turns":4.0},{"damage":16.0,"enemies":"Gremlin Nob","floor":14.0,"turns":3.0},{"damage":36.0,"enemies":"The Guardian","floor":16.0,"turns":9.0},{"damage":0.0,"enemies":"3 Byrds","floor":18.0,"turns":6.0},{"damage":13.0,"enemies":"Chosen","floor":19.0,"turns":5.0},{"damage":30.0,"enemies":"Centurion and Healer","floor":20.0,"turns":7.0},{"damage":0.0,"enemies":"Snake Plant","floor":24.0,"turns":1.0},{"damage":59.0,"enemies":"Sentry and Sphere","floor":27.0,"turns":7.0},{"damage":54.0,"enemies":"Automaton","floor":33.0,"turns":8.0},{"damage":21.0,"enemies":"3 Darklings","floor":35.0,"turns":2.0},{"damage":6.0,"enemies":"Orb Walker","floor":36.0,"turns":4.0},{"damage":24.0,"enemies":"4 Shapes","floor":37.0,"turns":5.0},{"damage":0.0,"enemies":"Mind Bloom Boss Battle","floor":39.0,"turns":8.0},{"damage":22,"enemies":"Transient","floor":41,"turns":5},{"damage":21,"enemies":"Spire Growth","floor":44,"turns":6},{"damage":21,"enemies":"3 Darklings","floor":47,"turns":5},{"damage":42,"enemies":"Donu and Deca","floor":50,"turns":6}],"seed_played":"6201445992168937129","potions_obtained":[{"floor":4.0,"key":"PowerPotion"},{"floor":8.0,"key":"SkillPotion"},{"floor":14.0,"key":"SmokeBomb"},{"floor":16.0,"key":"Explosive Potion"},{"floor":19.0,"key":"AttackPotion"},{"floor":33.0,"key":"SkillPotion"},{"floor":39.0,"key":"PowerPotion"},{"floor":44,"key":"BloodPotion"},{"floor":47,"key":"Explosive Potion"}],"is_trial":false,"path_per_floor":["M","?","M","M","?","E","R","E","T","M","R","M","R","E","R","B",null,"M","M","M","?","?","R","M","R","T","M","?","$","R","$","R","B",null,"M","M","M","?","?","R","M","R","T","M","R","?","M","$","R","B"],"character_chosen":"IRONCLAD","items_purchased":["Paper Frog","Rage","Chemical X","GamblersBrew","Weak Potion"],"campfire_rested":8,"item_purchase_floors":[29,29,48,48,48],"current_hp_per_floor":[75,75,79,80,80,77,77,63,63,57,57,50,50,43,67,39,72,83,78,59,59,42,70,78,78,78,27,27,27,55,55,83,37,80,67,69,53,53,61,89,75,94,94,79,94,85,72,72,94,67],"gold":16,"neow_bonus":"THREE_CARDS","is_prod":false,"is_daily":false,"chose_seed":false,"campfire_upgraded":4,"win_rate":0,"timestamp":1537125896,"path_taken":["M","?","M","M","?","E","R","E","T","M","R","M","R","E","R","BOSS","M","M","M","?","?","R","M","R","T","M","?","?","R","$","R","BOSS","M","M","M","?","?","R","M","R","T","M","R","?","M","$","R","BOSS"],"build_version":"2018-09-06","purchased_purges":0,"victory":true,"max_hp_per_floor":[80,80,80,80,80,80,80,80,80,80,80,80,80,83,83,83,83,86,86,89,89,94,94,94,94,94,94,94,94,94,94,94,94,94,94,94,94,94,94,94,94,94,94,94,94,94,94,94,94,94],"card_choices":[{"not_picked":["Perfected Strike","Twin Strike"],"picked":"Whirlwind","floor":0.0},{"not_picked":["Body Slam","Entrench"],"picked":"Thunderclap","floor":1.0},{"not_picked":["True Grit","Armaments"],"picked":"Twin Strike","floor":3.0},{"not_picked":["Anger","Fire Breathing"],"picked":"Metallicize","floor":4.0},{"not_picked":["Twin Strike","Perfected Strike"],"picked":"Shrug It Off","floor":6.0},{"not_picked":["Sentinel","Carnage"],"picked":"Demon Form","floor":8.0},{"not_picked":["Sword Boomerang","Cleave","Clothesline"],"picked":"SKIP","floor":10.0},{"not_picked":["Dual Wield","Reckless Charge"],"picked":"Disarm","floor":12.0},{"not_picked":["Armaments","Bloodletting"],"picked":"Feed","floor":14.0},{"not_picked":["Dark Embrace","Feed"],"picked":"Barricade","floor":16.0},{"not_picked":["Warcry","Rampage"],"picked":"Shockwave","floor":18.0},{"not_picked":["Thunderclap+1","Shockwave+1"],"picked":"Headbutt","floor":19.0},{"not_picked":["Clash","Warcry","Pommel Strike"],"picked":"SKIP","floor":20.0},{"not_picked":["Sentinel+1","Hemokinesis","Pommel Strike+1"],"picked":"SKIP","floor":27.0},{"not_picked":["Impervious","Bludgeon"],"picked":"Offering","floor":33.0},{"not_picked":["Havoc","Second Wind+1","True Grit+1"],"picked":"SKIP","floor":35.0},{"not_picked":["Carnage+1","Pommel Strike"],"picked":"Power Through","floor":36.0},{"not_picked":["Combust+1","Havoc+1"],"picked":"Evolve+1","floor":37.0},{"not_picked":["Reckless Charge","Armaments+1"],"picked":"Thunderclap+1","floor":41},{"not_picked":["Infernal Blade+1","Blood for Blood"],"picked":"Pummel","floor":44},{"not_picked":["True Grit+1","Thunderclap","Cleave+1"],"picked":"SKIP","floor":47}],"player_experience":448231,"relics_obtained":[{"floor":6.0,"key":"Calipers"},{"floor":8.0,"key":"Sundial"},{"floor":9.0,"key":"Mummified Hand"},{"floor":14.0,"key":"Blood Vial"},{"floor":26.0,"key":"Frozen Egg 2"},{"floor":39.0,"key":"FossilizedHelix"},{"floor":43,"key":"Oddly Smooth Stone"}],"event_choices":[{"event_name":"Liars Game","player_choice":"disagreed","floor":2.0,"damage_taken":0.0},{"event_name":"The Cleric","player_choice":"Card Removal","floor":5.0,"damage_taken":0.0},{"event_name":"Bonfire Elementals","player_choice":"BASIC","floor":21.0,"damage_taken":0.0},{"event_name":"Forgotten Altar","player_choice":"Shed Blood","floor":22.0,"damage_taken":0.0},{"event_name":"Back to Basics","player_choice":"Simplicity","floor":28.0,"damage_taken":0.0},{"event_name":"Falling","player_choice":"Removed Attack","floor":38.0,"damage_taken":0.0},{"event_name":"MindBloom","player_choice":"Fight","floor":39.0,"damage_taken":0.0},{"event_name":"FaceTrader","player_choice":"Touch","floor":46,"damage_taken":0}],"is_beta":false,"boss_relics":[{"not_picked":["Runic Cube","Tiny House"],"picked":"Lizard Tail"},{"not_picked":["Coffee Dripper","Empty Cage"],"picked":"Fusion Hammer"}],"items_purged_floors":[],"is_endless":false,"potions_floor_spawned":[4,8,14,16,19,33,39,44,47],"ascension_level":10}