{"gold_per_floor":[116,130,142,142,158,158,169,189,189,189,207,220,220,232,232,331,331,345,345,345,368,382,382,392,392,392,186,186,202,202,216,216,316,316,327,327,345,245,263,263,280,63,86,101,114,114,114,114,114,114],"floor_reached":51,"playtime":2006,"items_purged":["Injury","Strike_R","Strike_R"],"score":695,"play_id":"af9ee4c7-aa8d-415a-8698-428cce75e467","local_time":"20190617203218","is_ascension_mode":false,"campfire_choices":[{"data":"Bash","floor":6.0,"key":"SMITH"},{"data":"Rage","floor":10.0,"key":"SMITH"},{"data":"Seeing Red","floor":13.0,"key":"SMITH"},{"data":"Cleave","floor":15.0,"key":"SMITH"},{"data":"Demon Form","floor":23,"key":"SMITH"},{"floor":25,"key":"REST"},{"floor":28,"key":"REST"},{"floor":30,"key":"REST"},{"floor":32,"key":"REST"},{"floor":40,"key":"REST"},{"floor":46,"key":"REST"},{"floor":49,"key":"REST"}],"neow_cost":"CURSE","seed_source_timestamp":2397084515198671,"circlet_count":0,"master_deck":["Strike_R","Strike_R","Strike_R","Defend_R","Defend_R","Defend_R","Defend_R","Bash+1","Seeing Red+1","Rage+1","Heavy Blade","Shrug It Off","Carnage","Warcry","Cleave+1","Demon Form+1","Intimidate","Dark Shackles","Intimidate+1","Offering+1","Rage+1","Battle Trance+1","Twin Strike+1","Flame Barrier+1","Dark Shackles"],"special_seed":0,"relics":["Burning Blood"],"potions_floor_usage":[18,24,29,31,31,50,50,50],"damage_taken":[{"damage":3.0,"enemies":"Jaw Worm","floor":1.0,"turns":5.0},{"damage":2.0,"enemies":"Small Slimes","floor":2.0,"turns":4.0},{"damage":9.0,"enemies":"2 Louse","floor":3.0,"turns":3.0},{"damage":22.0,"enemies":"Lots of Slimes","floor":5.0,"turns":5.0},{"damage":5.0,"enemies":"Red Slaver","floor":7.0,"turns":3.0},{"damage":10.0,"enemies":"Blue Slaver","floor":8.0,"turns":3.0},{"damage":12.0,"enemies":"Exordium Thugs","floor":11.0,"turns":5.0},{"damage":0.0,"enemies":"2 Fungi Beasts","floor":12.0,"turns":3.0},{"damage":0.0,"enemies":"Exordium Wildlife","floor":14.0,"turns":3.0},{"damage":45.0,"enemies":"Slime Boss","floor":16.0,"turns":10.0},{"damage":30,"enemies":"Spheric Guardian","floor":18,"turns":4},{"damage":53,"enemies":"2 Thieves","floor":22,"turns":5},{"damage":29,"enemies":"Snake Plant","floor":24,"turns":4},{"damage":44,"enemies":"Sentry and Sphere","floor":29,"turns":6},{"damage":26,"enemies":"3 Cultists","floor":31,"turns":6},{"damage":77,"enemies":"Champ","floor":33,"turns":11},{"damage":6,"enemies":"3 Shapes","floor":35,"turns":6},{"damage":31,"enemies":"Orb Walker","floor":37,"turns":4},{"damage":36,"enemies":"Sphere and 2 Shapes","floor":39,"turns":6},{"damage":18,"enemies":"3 Darklings","floor":41,"turns":6},{"damage":22,"enemies":"4 Shapes","floor":44,"turns":6},{"damage":20,"enemies":"Transient","floor":45,"turns":5},{"damage":131,"enemies":"Donu and Deca","floor":50,"turns":10}],"seed_played":"5118545348434149193","potions_obtained":[{"floor":2.0,"key":"LiquidBronze"},{"floor":14.0,"key":"Dexterity Potion"},{"floor":16.0,"key":"FearPotion"},{"floor":24,"key":"BloodPotion"},{"floor":29,"key":"Explosive Potion"},{"floor":31,"key":"Strength Potion"},{"floor":37,"key":"Regen Potion"},{"floor":41,"key":"Regen Potion"},{"floor":45,"key":"Weak Potion"}],"is_trial":false,"path_per_floor":["M","M","M","?","M","R","M","M","T","R","M","M","R","M","R","B",null,"M","?","?","T","M","R","M","R","T","$","R","M","R","M","R","B",null,"M","?","M","$","M","R","M","$","T","M","M","R","?","T","R","B",null],"character_chosen":"IRONCLAD","items_purchased":["Dark Shackles","AttackPotion","Dark Shackles"],"campfire_rested":7,"item_purchase_floors":[27,27,42],"current_hp_per_floor":[96,96,93,98,82,82,83,79,79,79,73,79,79,85,85,46,101,77,77,77,77,30,30,7,37,37,37,67,39,69,49,79,8,101,101,101,76,76,46,76,64,64,64,48,34,64,64,64,92,12],"gold":114,"neow_bonus":"TWENTY_PERCENT_HP_BONUS","is_prod":false,"is_daily":false,"chose_seed":false,"campfire_upgraded":5,"win_rate":0,"timestamp":1560817938,"path_taken":["M","M","M","?","M","R","M","M","T","R","M","M","R","M","R","BOSS","M","?","?","?","M","R","M","R","T","$","R","M","R","M","R","BOSS","M","?","?","?","M","R","M","$","T","M","M","R","?","?","R","BOSS"],"build_version":"2019-01-23","purchased_purges":3,"victory":true,"max_hp_per_floor":[96,96,96,101,101,101,101,101,101,101,101,101,101,101,101,101,101,101,101,101,101,101,101,101,101,101,101,101,101,101,101,101,101,101,101,101,101,101,101,101,101,101,101,101,101,101,96,96,96,96],"card_choices":[{"not_picked":["Warcry","Heavy Blade"],"picked":"Seeing Red","floor":1.0},{"not_picked":["Twin Strike","Flame Barrier"],"picked":"Rage","floor":2.0},{"not_picked":["Rage","Havoc"],"picked":"Heavy Blade","floor":3.0},{"not_picked":["Warcry","Clothesline"],"picked":"Shrug It Off","floor":5.0},{"not_picked":["Dual Wield","Body Slam","Exhume"],"picked":"SKIP","floor":7.0},{"not_picked":["Fire Breathing","Second Wind"],"picked":"Carnage","floor":8.0},{"not_picked":["Pommel Strike","Flex"],"picked":"Warcry","floor":11.0},{"not_picked":["Iron Wave","Warcry"],"picked":"Cleave","floor":12.0},{"not_picked":["Body Slam","Perfected Strike","Iron Wave"],"picked":"SKIP","floor":14.0},{"not_picked":["Immolate","Barricade"],"picked":"Demon Form","floor":16.0},{"not_picked":["Perfected Strike","Cleave","Wild Strike+1"],"picked":"SKIP","floor":18},{"not_picked":["True Grit","Shrug It Off+1"],"picked":"Intimidate","floor":22},{"not_picked":["Warcry","Shrug It Off","Infernal Blade"],"picked":"SKIP","floor":24},{"not_picked":["Hemokinesis","Metallicize"],"picked":"Intimidate+1","floor":29},{"not_picked":["Iron Wave","Flex","Dual Wield"],"picked":"SKIP","floor":31},{"not_picked":["Barricade","Double Tap"],"picked":"Offering","floor":33},{"not_picked":["Clothesline+1","Iron Wave+1"],"picked":"Rage+1","floor":35},{"not_picked":["True Grit+1","Thunderclap+1"],"picked":"Battle Trance+1","floor":37},{"not_picked":["Infernal Blade+1","Iron Wave+1"],"picked":"Twin Strike+1","floor":39},{"not_picked":["Thunderclap","Evolve"],"picked":"Flame Barrier+1","floor":41},{"not_picked":["Warcry","Pommel Strike+1","Shockwave"],"picked":"SKIP","floor":44},{"not_picked":["Pommel Strike+1","Battle Trance","Headbutt"],"picked":"SKIP","floor":45}],"player_experience":1030906,"relics_obtained":[],"event_choices":[{"damage_healed":0.0,"max_hp_gain":5.0,"max_hp_loss":0.0,"gold_gain":0.0,"event_name":"Big Fish","player_choice":"Donut","floor":4.0,"gold_loss":0.0,"damage_taken":0.0},{"damage_healed":0,"gold_gain":0,"player_choice":"Ignored","damage_taken":0,"max_hp_gain":0,"max_hp_loss":0,"event_name":"Ghosts","floor":19,"gold_loss":0},{"damage_healed":0,"gold_gain":0,"player_choice":"Ignored","damage_taken":0,"max_hp_gain":0,"max_hp_loss":0,"event_name":"The Mausoleum","floor":20,"gold_loss":0},{"damage_healed":0,"gold_gain":0,"player_choice":"Upgraded","damage_taken":0,"max_hp_gain":0,"max_hp_loss":0,"event_name":"Upgrade Shrine","floor":36,"gold_loss":0,"cards_upgraded":["Offering"]},{"damage_healed":0,"gold_gain":0,"player_choice":"Max HP","damage_taken":0,"max_hp_gain":0,"max_hp_loss":5,"event_name":"Winding Halls","floor":47,"gold_loss":0}],"is_beta":false,"boss_relics":[{"not_picked":["White Beast Statue","Sozu","Runic Pyramid"]},{"not_picked":["Lizard Tail","Runic Dome","Velvet Choker"]}],"items_purged_floors":[27,38,42],"is_endless":false,"potions_floor_spawned":[2,14,16,24,29,31,37,41,45],"ascension_level":0}