{"gold_per_floor":[117,137,104,104,29,29,58,69,69,128,138,167,167,202,202,278,278,278,193,193,157,112,112,112,112,112,112,112,112,112,112,112,112,112,112,112,112,112,112,112,112,112,112,112,12,12,0,0,0,0],"floor_reached":51,"playtime":2803,"items_purged":["Regret","Strike_R"],"score":1462,"play_id":"e3b06ad8-6abd-4cbf-8619-9b34f4153149","local_time":"20190624202247","is_ascension_mode":true,"campfire_choices":[{"data":"Bash","floor":6.0,"key":"SMITH"},{"data":"Uppercut","floor":13.0,"key":"SMITH"},{"data":"Metallicize","floor":15.0,"key":"SMITH"},{"floor":27.0,"key":"REST"},{"data":"Barricade","floor":29.0,"key":"SMITH"},{"floor":32.0,"key":"REST"},{"floor":44,"key":"REST"},{"floor":49,"key":"REST"}],"neow_cost":"NONE","seed_source_timestamp":68401120382213,"circlet_count":0,"master_deck":["AscendersBane","Strike_R","Strike_R","Strike_R","Defend_R+1","Defend_R","Defend_R","Defend_R","Bash+1","Twin Strike+1","Inflame","Metallicize+1","Flame Barrier","Shrug It Off+1","Uppercut+1","Flame Barrier","Immolate+1","Barricade+1","Battle Trance+1","Metallicize","Juggernaut","Burning Pact","Parasite","Corruption","Body Slam","Demon Form","Shrug It Off","Shockwave"],"special_seed":0,"relics":["Burning Blood","NeowsBlessing","Sundial","Potion Belt","Boot","Anchor","Bag of Preparation","Mango","Ectoplasm","Bag of Marbles","Oddly Smooth Stone","War Paint","Whetstone","Juzu Bracelet","Black Star","Prayer Wheel","Darkstone Periapt","PreservedInsect","Ancient Tea Set","Centennial Puzzle","Dream Catcher","Paper Frog","Gremlin Horn","Red Mask"],"potions_floor_usage":[44,50,50,50],"damage_taken":[{"damage":0.0,"enemies":"Cultist","floor":1.0,"turns":1.0},{"damage":0.0,"enemies":"Jaw Worm","floor":2.0,"turns":1.0},{"damage":0.0,"enemies":"Gremlin Nob","floor":7.0,"turns":1.0},{"damage":2.0,"enemies":"2 Louse","floor":8.0,"turns":3.0},{"damage":30.0,"enemies":"3 Sentries","floor":10.0,"turns":12.0},{"damage":0.0,"enemies":"Large Slime","floor":11.0,"turns":4.0},{"damage":9.0,"enemies":"3 Sentries","floor":12.0,"turns":10.0},{"damage":7.0,"enemies":"Lagavulin","floor":14.0,"turns":7.0},{"damage":50.0,"enemies":"Hexaghost","floor":16.0,"turns":14.0},{"damage":25.0,"enemies":"Spheric Guardian","floor":18.0,"turns":5.0},{"damage":4.0,"enemies":"2 Thieves","floor":22.0,"turns":3.0},{"damage":18.0,"enemies":"Gremlin Leader","floor":23.0,"turns":6.0},{"damage":37.0,"enemies":"Slavers","floor":25.0,"turns":8.0},{"damage":2.0,"enemies":"Shelled Parasite and Fungi","floor":28.0,"turns":5.0},{"damage":7.0,"enemies":"Book of Stabbing","floor":30.0,"turns":5.0},{"damage":9.0,"enemies":"Collector","floor":33.0,"turns":12.0},{"damage":11.0,"enemies":"Orb Walker","floor":35.0,"turns":4.0},{"damage":0.0,"enemies":"Mind Bloom Boss Battle","floor":36.0,"turns":9.0},{"damage":0.0,"enemies":"3 Shapes","floor":37.0,"turns":1.0},{"damage":21.0,"enemies":"Nemesis","floor":40.0,"turns":13.0},{"damage":23.0,"enemies":"Writhing Mass","floor":41.0,"turns":10.0},{"damage":53.0,"enemies":"Reptomancer","floor":42.0,"turns":6.0},{"damage":14,"enemies":"Nemesis","floor":46,"turns":9},{"damage":0,"enemies":"3 Darklings","floor":48,"turns":5},{"damage":56,"enemies":"Awakened One","floor":50,"turns":17}],"seed_played":"-3875971641613466314","potions_obtained":[{"floor":1.0,"key":"Fire Potion"},{"floor":2.0,"key":"Strength Potion"},{"floor":10.0,"key":"AttackPotion"},{"floor":11.0,"key":"FearPotion"},{"floor":14.0,"key":"Regen Potion"},{"floor":22.0,"key":"FearPotion"},{"floor":25.0,"key":"PowerPotion"},{"floor":28.0,"key":"Block Potion"},{"floor":30.0,"key":"Block Potion"},{"floor":35.0,"key":"PowerPotion"},{"floor":40.0,"key":"Fruit Juice"},{"floor":42.0,"key":"SpeedPotion"},{"floor":46,"key":"Dexterity Potion"}],"is_trial":false,"path_per_floor":["M","M","$","?","$","R","E","M","T","?","M","E","R","E","R","B",null,"M","?","?","$","M","E","?","E","T","R","M","R","E","?","R","B",null,"M","?","M","?","$","E","M","E","T","R","$","E","?","M","R","B",null],"character_chosen":"IRONCLAD","items_purchased":["Metallicize","Metallicize"],"campfire_rested":4,"item_purchase_floors":[3,21],"current_hp_per_floor":[74,75,75,75,75,75,75,75,75,51,57,54,54,67,67,23,73,54,54,54,54,56,59,59,28,28,54,58,58,57,57,83,80,87,82,88,89,85,85,70,59,12,12,45,45,37,37,43,71,21],"gold":0,"neow_bonus":"THREE_ENEMY_KILL","is_prod":false,"is_daily":false,"chose_seed":false,"campfire_upgraded":4,"win_rate":0,"timestamp":1561400567,"path_taken":["M","M","$","?","$","R","E","M","T","?","M","E","R","E","R","BOSS","M","?","?","$","?","E","?","E","T","R","M","R","E","?","R","BOSS","M","?","M","?","$","E","M","E","T","R","?","E","?","M","R","BOSS"],"build_version":"2019-01-23","purchased_purges":2,"victory":true,"max_hp_per_floor":[75,75,75,75,75,75,75,75,75,75,75,75,75,89,89,89,89,89,89,89,89,89,89,89,89,89,89,89,89,89,89,89,89,89,89,89,89,85,85,85,91,91,91,96,96,96,96,96,96,96],"card_choices":[{"not_picked":["Armaments","Combust"],"picked":"Twin Strike","floor":1.0},{"not_picked":["Thunderclap","Reckless Charge"],"picked":"Inflame","floor":2.0},{"not_picked":["Power Through","Twin Strike"],"picked":"Flame Barrier","floor":7.0},{"not_picked":["Blood for Blood","Thunderclap"],"picked":"Shrug It Off","floor":8.0},{"not_picked":["Inflame","Flex"],"picked":"Uppercut","floor":10.0},{"not_picked":["Intimidate","Havoc"],"picked":"Flame Barrier","floor":11.0},{"not_picked":["Bloodletting","Entrench"],"picked":"Immolate","floor":12.0},{"not_picked":["Warcry","Cleave","Pummel"],"picked":"SKIP","floor":14.0},{"not_picked":["Juggernaut","Exhume"],"picked":"Barricade","floor":16.0},{"not_picked":["Wild Strike","Body Slam"],"picked":"Battle Trance+1","floor":18.0},{"not_picked":["Twin Strike","Sword Boomerang","Heavy Blade"],"picked":"SKIP","floor":22.0},{"not_picked":["Sever Soul+1","Heavy Blade","Limit Break"],"picked":"SKIP","floor":23.0},{"not_picked":["Carnage","Thunderclap","Hemokinesis"],"picked":"SKIP","floor":25.0},{"not_picked":["Twin Strike","Clash","Thunderclap"],"picked":"SKIP","floor":28.0},{"not_picked":["Sword Boomerang","Clash","Headbutt"],"picked":"SKIP","floor":30.0},{"not_picked":["Double Tap","Barricade"],"picked":"Juggernaut","floor":33.0},{"not_picked":["Cleave","Thunderclap"],"picked":"Burning Pact","floor":35.0},{"not_picked":["Cleave","Perfected Strike","Havoc"],"picked":"SKIP","floor":37.0},{"not_picked":["Rage","Havoc","Dropkick"],"picked":"SKIP","floor":37.0},{"not_picked":["Searing Blow+1","Evolve","Perfected Strike+1"],"picked":"SKIP","floor":40.0},{"not_picked":["Dark Embrace","Warcry"],"picked":"Corruption","floor":41.0},{"not_picked":["Infernal Blade","Clash","True Grit"],"picked":"SKIP","floor":41.0},{"not_picked":["Warcry","Combust"],"picked":"Body Slam","floor":42.0},{"not_picked":["Wild Strike","Dropkick"],"picked":"Demon Form","floor":46},{"not_picked":["Flame Barrier","Clash"],"picked":"Shrug It Off","floor":48},{"not_picked":["Second Wind+1","Cleave+1"],"picked":"Shockwave","floor":48}],"player_experience":592194,"relics_obtained":[{"floor":7.0,"key":"Potion Belt"},{"floor":9.0,"key":"Boot"},{"floor":10.0,"key":"Anchor"},{"floor":12.0,"key":"Bag of Preparation"},{"floor":14.0,"key":"Mango"},{"floor":23.0,"key":"Oddly Smooth Stone"},{"floor":25.0,"key":"War Paint"},{"floor":26.0,"key":"Whetstone"},{"floor":30.0,"key":"Juzu Bracelet"},{"floor":36.0,"key":"Prayer Wheel"},{"floor":40.0,"key":"Darkstone Periapt"},{"floor":40.0,"key":"PreservedInsect"},{"floor":42.0,"key":"Ancient Tea Set"},{"floor":42.0,"key":"Centennial Puzzle"},{"floor":43.0,"key":"Dream Catcher"},{"floor":46,"key":"Paper Frog"},{"floor":46,"key":"Gremlin Horn"}],"event_choices":[{"damage_healed":0.0,"max_hp_gain":0.0,"max_hp_loss":0.0,"gold_gain":0.0,"event_name":"Big Fish","player_choice":"Box","floor":4.0,"gold_loss":0.0,"damage_taken":0.0,"relics_obtained":["Sundial"],"cards_obtained":["Regret"]},{"damage_healed":0.0,"max_hp_gain":0.0,"max_hp_loss":0.0,"gold_gain":0.0,"event_name":"Dead Adventurer","player_choice":"Searched \u00271\u0027 times","floor":10.0,"gold_loss":0.0,"damage_taken":0.0},{"damage_healed":0.0,"max_hp_gain":0.0,"max_hp_loss":0.0,"gold_gain":0.0,"event_name":"Addict","player_choice":"Obtained Relic","floor":19.0,"gold_loss":85.0,"damage_taken":0.0,"relics_obtained":["Bag of Marbles"]},{"cards_removed":["Strike_R"],"damage_healed":0.0,"max_hp_gain":0.0,"max_hp_loss":0.0,"gold_gain":0.0,"event_name":"Bonfire Elementals","player_choice":"Offered Basic","floor":20.0,"gold_loss":0.0,"damage_taken":0.0},{"damage_healed":0.0,"max_hp_gain":0.0,"max_hp_loss":0.0,"gold_gain":0.0,"event_name":"The Mausoleum","player_choice":"Ignored","floor":24.0,"gold_loss":0.0,"damage_taken":0.0},{"damage_healed":0.0,"max_hp_gain":0.0,"max_hp_loss":0.0,"gold_gain":0.0,"event_name":"Vampires","player_choice":"Ignored","floor":31.0,"gold_loss":0.0,"damage_taken":0.0},{"damage_healed":0.0,"max_hp_gain":0.0,"max_hp_loss":0.0,"gold_gain":0.0,"event_name":"MindBloom","player_choice":"Fight","floor":36.0,"gold_loss":0.0,"damage_taken":0.0},{"damage_healed":0.0,"max_hp_gain":0.0,"max_hp_loss":4.0,"gold_gain":0.0,"event_name":"Winding Halls","player_choice":"Max HP","floor":38.0,"gold_loss":0.0,"damage_taken":0.0},{"damage_healed":0,"gold_gain":0,"player_choice":"Paid","damage_taken":0,"relics_obtained":["Red Mask"],"max_hp_gain":0,"max_hp_loss":0,"event_name":"Tomb of Lord Red Mask","floor":47,"gold_loss":12}],"is_beta":false,"boss_relics":[{"not_picked":["Runic Cube","Tiny House"],"picked":"Ectoplasm"},{"not_picked":["Lizard Tail","Runic Dome"],"picked":"Black Star"}],"items_purged_floors":[5,45],"is_endless":false,"potions_floor_spawned":[1,2,10,11,14,22,25,28,30,35,40,41,42,46],"ascension_level":15}