{"gold_per_floor":[112,132,146,146,161,192,192,225,279,291,291,137,169,169,169,269,269,283,300,319,319,331,331,364,364,435,461,478,232,232,158,158,262,262,281,293,138,158,172,197,197,216,241,257,257,274,374,387,387,387,387,387,40,70,70],"floor_reached":55,"playtime":3949,"items_purged":["Regret","Defend_R"],"score":797,"play_id":"6411ec05-6158-43d0-b69d-4049c3401f18","local_time":"20191006140120","is_ascension_mode":true,"campfire_choices":[{"data":"Warcry","floor":7,"key":"SMITH"},{"data":"Shrug It Off","floor":11,"key":"SMITH"},{"data":"Bash","floor":15,"key":"SMITH"},{"floor":23,"key":"RECALL"},{"data":"Demon Form","floor":25,"key":"SMITH"},{"data":"Rage","floor":30,"key":"SMITH"},{"data":"Inflame","floor":32,"key":"SMITH"},{"data":"Dual Wield","floor":41,"key":"SMITH"},{"floor":45,"key":"REST"},{"floor":49,"key":"REST"},{"data":"Defend_R","floor":52,"key":"PURGE"}],"neow_cost":"NONE","seed_source_timestamp":166117327634400,"circlet_count":0,"master_deck":["Strike_R","Strike_R","Strike_R","Strike_R","Strike_R","Defend_R","Defend_R","Bash+1","Cleave","Pommel Strike+1","Cleave","Warcry+1","Thunderclap","Shrug It Off+1","Shrug It Off","Demon Form+1","Metallicize+1","Perfected Strike+1","Body Slam+1","Rage+1","Pommel Strike","Inflame+1","Reaper","True Grit+1","Sword Boomerang+1","Inflame","Dual Wield+1","Pommel Strike+1","Cleave+1","Flex+1"],"relics":["Burning Blood","Omamori","Nunchaku","Sundial","Oddly Smooth Stone","Happy Flower","Pen Nib","Sozu","Mango","Blood Vial","Question Card","Calling Bell","Bronze Scales","Mummified Hand","Magic Flower","Ancient Tea Set","Orichalcum","Peace Pipe","Pear","Boot"],"potions_floor_usage":[13,33,50,55],"damage_taken":[{"damage":1,"enemies":"Small Slimes","floor":1,"turns":5},{"damage":1,"enemies":"Cultist","floor":2,"turns":3},{"damage":7,"enemies":"2 Louse","floor":3,"turns":2},{"damage":6,"enemies":"Blue Slaver","floor":5,"turns":4},{"damage":27,"enemies":"Gremlin Nob","floor":6,"turns":4},{"damage":25,"enemies":"3 Sentries","floor":8,"turns":7},{"damage":6,"enemies":"Exordium Wildlife","floor":10,"turns":3},{"damage":8,"enemies":"Gremlin Nob","floor":13,"turns":4},{"damage":9,"enemies":"Slime Boss","floor":16,"turns":8},{"damage":2,"enemies":"2 Thieves","floor":18,"turns":3},{"damage":10,"enemies":"3 Byrds","floor":19,"turns":4},{"damage":3,"enemies":"3 Cultists","floor":20,"turns":4},{"damage":0,"enemies":"Snake Plant","floor":22,"turns":3},{"damage":15,"enemies":"Gremlin Leader","floor":24,"turns":6},{"damage":17,"enemies":"Book of Stabbing","floor":27,"turns":5},{"damage":10,"enemies":"Sentry and Sphere","floor":28,"turns":5},{"damage":2,"enemies":"Champ","floor":33,"turns":8},{"damage":10,"enemies":"Orb Walker","floor":35,"turns":3},{"damage":0,"enemies":"3 Darklings","floor":36,"turns":4},{"damage":34,"enemies":"Jaw Worm Horde","floor":38,"turns":5},{"damage":55,"enemies":"Transient","floor":39,"turns":5},{"damage":60,"enemies":"Giant Head","floor":40,"turns":8},{"damage":42,"enemies":"Writhing Mass","floor":42,"turns":5},{"damage":24,"enemies":"Sphere and 2 Shapes","floor":44,"turns":4},{"damage":0,"enemies":"Jaw Worm Horde","floor":46,"turns":3},{"damage":0,"enemies":"Mind Bloom Boss Battle","floor":47,"turns":3},{"damage":21,"enemies":"Maw","floor":48,"turns":5},{"damage":150,"enemies":"Donu and Deca","floor":50,"turns":10},{"damage":102,"enemies":"Shield and Spear","floor":54,"turns":5},{"damage":65,"enemies":"The Heart","floor":55,"turns":2}],"seed_played":"8263356855539636097","potions_obtained":[{"floor":3,"key":"Block Potion"},{"floor":8,"key":"Regen Potion"},{"floor":10,"key":"Dexterity Potion"},{"floor":16,"key":"FearPotion"}],"is_trial":false,"path_per_floor":["M","M","M","?","M","E","R","E","T","M","R","$","E","?","R","B",null,"M","M","M","?","M","R","E","R","T","E","M","$","R","$","R","B",null,"M","M","$","M","M","E","R","M","T","M","R","M","?","M","R","B",null,"R","$","E","B"],"character_chosen":"IRONCLAD","items_purchased":["Happy Flower","Question Card","Inflame","Inflame","Pear"],"campfire_rested":2,"item_purchase_floors":[12,29,31,37,53],"current_hp_per_floor":[80,80,79,79,79,58,58,39,39,39,39,39,37,37,37,34,80,80,76,79,79,80,80,85,85,85,74,72,72,72,72,72,78,94,93,94,94,94,57,58,58,28,28,16,44,56,68,59,87,37,94,94,104,11,0],"gold":70,"neow_bonus":"RANDOM_COMMON_RELIC","is_prod":false,"is_daily":false,"chose_seed":false,"campfire_upgraded":7,"win_rate":0,"timestamp":1570384880,"path_taken":["M","M","M","?","M","E","R","E","T","M","R","$","E","?","R","BOSS","M","M","M","?","M","R","E","R","T","E","M","?","R","$","R","BOSS","M","M","$","M","M","E","R","?","T","M","R","M","?","M","R","BOSS","R","$","E","BOSS"],"build_version":"2019-07-17","purchased_purges":2,"victory":false,"max_hp_per_floor":[80,80,80,80,80,80,80,80,80,80,80,80,80,80,80,80,80,80,80,80,80,80,80,94,94,94,94,94,94,94,94,94,94,94,94,94,94,94,94,94,94,94,94,94,94,94,94,94,94,94,94,94,104,104,104],"card_choices":[{"not_picked":["Feel No Pain","Iron Wave"],"picked":"Cleave","floor":1},{"not_picked":["Clash","Blood for Blood","Wild Strike"],"picked":"SKIP","floor":2},{"not_picked":["Body Slam","Hemokinesis"],"picked":"Pommel Strike","floor":3},{"not_picked":["Searing Blow","Clash"],"picked":"Cleave","floor":5},{"not_picked":["Headbutt","Immolate"],"picked":"Warcry","floor":6},{"not_picked":["Clothesline","Fire Breathing"],"picked":"Thunderclap","floor":8},{"not_picked":["Bloodletting","Perfected Strike"],"picked":"Shrug It Off","floor":10},{"not_picked":["Hemokinesis","Iron Wave"],"picked":"Shrug It Off","floor":13},{"not_picked":["Brutality","Reaper"],"picked":"Demon Form","floor":16},{"not_picked":["Twin Strike","Corruption","Headbutt"],"picked":"SKIP","floor":18},{"not_picked":["Clothesline","Rupture+1"],"picked":"Metallicize+1","floor":19},{"not_picked":["Armaments","Inflame"],"picked":"Perfected Strike+1","floor":20},{"not_picked":["Clash+1","Fire Breathing","Reckless Charge+1"],"picked":"SKIP","floor":22},{"not_picked":["Clash","Corruption"],"picked":"Body Slam+1","floor":24},{"not_picked":["Anger","Offering"],"picked":"Rage","floor":27},{"not_picked":["Flex","Body Slam"],"picked":"Pommel Strike","floor":28},{"not_picked":["Bludgeon","Immolate","Demon Form"],"picked":"Reaper","floor":33},{"not_picked":["Armaments","Sentinel","Flex+1"],"picked":"True Grit+1","floor":35},{"not_picked":["Feel No Pain+1","Battle Trance+1","Reckless Charge+1"],"picked":"Sword Boomerang+1","floor":36},{"not_picked":["Burning Pact+1","Metallicize+1","Feel No Pain"],"picked":"Dual Wield","floor":38},{"not_picked":["Searing Blow","Armaments+1","Body Slam"],"picked":"Pommel Strike+1","floor":39},{"not_picked":["Pummel","Clash","Combust","Intimidate+1"],"picked":"SKIP","floor":40},{"not_picked":["True Grit","Headbutt","Sword Boomerang","Power Through"],"picked":"SKIP","floor":42},{"not_picked":["Heavy Blade","Seeing Red","Sword Boomerang"],"picked":"Cleave+1","floor":44},{"not_picked":["Juggernaut","Pummel","Anger","Inflame+1"],"picked":"SKIP","floor":46},{"not_picked":["Sword Boomerang","Burning Pact+1","Headbutt"],"picked":"Flex+1","floor":48},{"not_picked":["Dark Embrace","Metallicize","Cleave+1","Sword Boomerang"],"picked":"SKIP","floor":54}],"player_experience":48711,"relics_obtained":[{"floor":6,"key":"Nunchaku"},{"floor":8,"key":"Sundial"},{"floor":9,"key":"Oddly Smooth Stone"},{"floor":13,"key":"Pen Nib"},{"floor":24,"key":"Mango"},{"floor":27,"key":"Blood Vial"},{"floor":34,"key":"Bronze Scales"},{"floor":34,"key":"Mummified Hand"},{"floor":34,"key":"Magic Flower"},{"floor":40,"key":"Ancient Tea Set"},{"floor":43,"key":"Orichalcum"},{"floor":47,"key":"Peace Pipe"},{"floor":54,"key":"Boot"}],"event_choices":[{"damage_healed":0,"gold_gain":0,"player_choice":"Grow","damage_taken":0,"max_hp_gain":0,"max_hp_loss":0,"event_name":"Living Wall","floor":4,"gold_loss":0,"cards_upgraded":["Pommel Strike"]},{"damage_healed":0,"gold_gain":0,"player_choice":"Leave","damage_taken":0,"max_hp_gain":0,"max_hp_loss":0,"event_name":"FaceTrader","floor":14,"gold_loss":0},{"damage_healed":0,"gold_gain":0,"player_choice":"Bought 0 Potions","damage_taken":0,"max_hp_gain":0,"max_hp_loss":0,"event_name":"The Woman in Blue","floor":21,"gold_loss":0},{"damage_healed":0,"gold_gain":0,"player_choice":"Fight","damage_taken":0,"max_hp_gain":0,"max_hp_loss":0,"event_name":"MindBloom","floor":47,"gold_loss":0}],"is_beta":false,"boss_relics":[{"not_picked":["Busted Crown","Astrolabe"],"picked":"Sozu"},{"not_picked":["Fusion Hammer","Runic Pyramid"],"picked":"Calling Bell"}],"items_purged_floors":[37,53],"is_endless":false,"potions_floor_spawned":[3,8,10,16,19,20,28,39,44,46,47,48],"killed_by":"The Heart","ascension_level":1}