{"gold_per_floor":[113,131,59,59,72,72,72,84,84,84,84,95,128,138,138,239,239,257,257,276,290,135,135,162,162,240,240,250,265,265,53,53,53],"floor_reached":33,"playtime":1858,"items_purged":["Strike_G+1","Defend_G+1"],"score":267,"play_id":"46e66f9d-ab1c-4da5-9970-0d721d1a809b","local_time":"20191014211005","is_ascension_mode":false,"campfire_choices":[{"data":"Neutralize","floor":6.0,"key":"SMITH"},{"data":"Dagger Spray","floor":11.0,"key":"SMITH"},{"data":"Phantasmal Killer","floor":15.0,"key":"SMITH"},{"floor":23.0,"key":"REST"},{"floor":25,"key":"REST"},{"data":"Noxious Fumes","floor":27,"key":"SMITH"},{"floor":32,"key":"REST"}],"neow_cost":"NONE","seed_source_timestamp":0,"circlet_count":0,"master_deck":["Strike_G+1","Strike_G+1","Strike_G+1","Defend_G+1","Defend_G+1","Defend_G+1","Survivor","Neutralize+1","Slice","Dagger Spray+1","Noxious Fumes+1","Backflip","Backflip","Cloak And Dagger","Phantasmal Killer+1","Accuracy","Corpse Explosion","Prepared","Blur+1","Footwork","Cloak And Dagger+1","Flash of Steel"],"special_seed":0,"relics":["Ring of the Snake","Centennial Puzzle","Bottled Tornado","Darkstone Periapt","Lizard Tail","Toxic Egg 2","Sundial","Nloth\u0027s Gift"],"potions_floor_usage":[29,33],"damage_taken":[{"damage":0.0,"enemies":"2 Louse","floor":1.0,"turns":4.0},{"damage":1.0,"enemies":"Jaw Worm","floor":2.0,"turns":4.0},{"damage":4.0,"enemies":"Cultist","floor":5.0,"turns":4.0},{"damage":1.0,"enemies":"2 Fungi Beasts","floor":8.0,"turns":4.0},{"damage":0.0,"enemies":"3 Louse","floor":12.0,"turns":2.0},{"damage":9.0,"enemies":"Lagavulin","floor":13.0,"turns":7.0},{"damage":1.0,"enemies":"Looter","floor":14.0,"turns":3.0},{"damage":24.0,"enemies":"Hexaghost","floor":16.0,"turns":11.0},{"damage":14.0,"enemies":"Chosen","floor":18.0,"turns":6.0},{"damage":9.0,"enemies":"2 Thieves","floor":20.0,"turns":2.0},{"damage":14.0,"enemies":"Snake Plant","floor":21.0,"turns":4.0},{"damage":35.0,"enemies":"Book of Stabbing","floor":24.0,"turns":9.0},{"damage":8,"enemies":"Shelled Parasite and Fungi","floor":28,"turns":7},{"damage":6,"enemies":"Cultist and Chosen","floor":29,"turns":7},{"damage":61,"enemies":"Champ","floor":33,"turns":15}],"seed_played":"-5820822864503280786","potions_obtained":[{"floor":2.0,"key":"Fruit Juice"},{"floor":8.0,"key":"EssenceOfSteel"},{"floor":13.0,"key":"Explosive Potion"},{"floor":14.0,"key":"Weak Potion"},{"floor":18.0,"key":"GamblersBrew"},{"floor":24,"key":"SpeedPotion"}],"is_trial":false,"path_per_floor":["M","M","$","?","M","R","T","M","T","?","R","M","E","M","R","B",null,"M","?","M","M","$","R","E","R","T","R","M","M","?","$","R","B"],"character_chosen":"THE_SILENT","items_purchased":["Noxious Fumes","Footwork","Cloak And Dagger+1","Flash of Steel"],"campfire_rested":3,"item_purchase_floors":[3,22,31,31],"current_hp_per_floor":[70,74,74,67,63,63,63,62,62,62,62,62,53,52,52,28,75,61,61,52,38,38,60,25,47,47,47,39,33,33,33,55,37],"gold":53,"neow_bonus":"RANDOM_COMMON_RELIC","is_prod":false,"is_daily":false,"chose_seed":false,"campfire_upgraded":4,"win_rate":0,"timestamp":1571101805,"path_taken":["M","M","$","?","M","R","?","M","T","?","R","M","E","M","R","BOSS","M","?","M","M","$","R","E","R","T","R","M","M","?","?","R","BOSS"],"build_version":"2019-07-17","purchased_purges":2,"victory":false,"max_hp_per_floor":[70,75,75,75,75,75,75,75,75,75,75,75,75,75,75,75,75,75,75,75,75,75,75,75,75,75,75,75,75,75,75,75,75],"card_choices":[{"not_picked":["PiercingWail","Bane"],"picked":"Slice","floor":1.0},{"not_picked":["Sucker Punch","Escape Plan"],"picked":"Dagger Spray","floor":2.0},{"not_picked":["Acrobatics","Blade Dance"],"picked":"Backflip","floor":5.0},{"not_picked":["Bane","Slice"],"picked":"Backflip","floor":8.0},{"not_picked":["Tactician","PiercingWail"],"picked":"Cloak And Dagger","floor":12.0},{"not_picked":["Slice","Underhanded Strike"],"picked":"Phantasmal Killer","floor":13.0},{"not_picked":["Underhanded Strike","Predator"],"picked":"Accuracy","floor":14.0},{"not_picked":["Venomology","Envenom"],"picked":"Corpse Explosion","floor":16.0},{"not_picked":["Dash","Slice"],"picked":"Prepared","floor":18.0},{"not_picked":["Deflect","Quick Slash","Deadly Poison+1"],"picked":"SKIP","floor":20.0},{"not_picked":["Backflip+1","Quick Slash"],"picked":"Blur+1","floor":21.0},{"not_picked":["Bouncing Flask+1","Deadly Poison","Wraith Form v2"],"picked":"SKIP","floor":24},{"not_picked":["Backflip+1","Bane","Footwork"],"picked":"SKIP","floor":28},{"not_picked":["Riddle With Holes+1","Quick Slash","Bane+1"],"picked":"SKIP","floor":29}],"player_experience":378190,"relics_obtained":[{"floor":7.0,"key":"Bottled Tornado"},{"floor":9.0,"key":"Darkstone Periapt"},{"floor":13.0,"key":"Boot"},{"floor":24,"key":"Toxic Egg 2"},{"floor":26,"key":"Sundial"}],"event_choices":[{"cards_removed":["Strike_G"],"damage_healed":0.0,"max_hp_gain":0.0,"max_hp_loss":0.0,"gold_gain":0.0,"event_name":"Golden Wing","player_choice":"Card Removal","floor":4.0,"gold_loss":0.0,"damage_taken":7.0},{"cards_removed":["Defend_G"],"damage_healed":0.0,"max_hp_gain":0.0,"max_hp_loss":0.0,"gold_gain":0.0,"event_name":"Living Wall","player_choice":"Forget","floor":10.0,"gold_loss":0.0,"damage_taken":0.0},{"damage_healed":0.0,"max_hp_gain":0.0,"max_hp_loss":0.0,"gold_gain":0.0,"event_name":"Back to Basics","player_choice":"Simplicity","floor":19.0,"gold_loss":0.0,"damage_taken":0.0,"cards_upgraded":["Strike_G","Strike_G","Strike_G","Strike_G","Defend_G","Defend_G","Defend_G","Defend_G"]},{"damage_healed":0,"gold_gain":0,"player_choice":"Traded Relic","damage_taken":0,"relics_obtained":["Nloth\u0027s Gift"],"max_hp_gain":0,"max_hp_loss":0,"event_name":"N\u0027loth","floor":30,"relics_lost":["Boot"],"gold_loss":0}],"is_beta":false,"boss_relics":[{"not_picked":["White Beast Statue","Velvet Choker"],"picked":"Lizard Tail"}],"items_purged_floors":[22,31],"is_endless":false,"potions_floor_spawned":[2,8,13,14,18,24],"killed_by":"Champ","ascension_level":0}