{"gold_per_floor":[115,135,151,76,76,76,94,126,126,126,126],"floor_reached":11,"playtime":478,"items_purged":[],"score":128,"play_id":"c28cc78d-6125-4400-b47c-58cc031f912f","local_time":"20191009125344","is_ascension_mode":true,"campfire_choices":[{"data":"Bash","floor":6.0,"key":"SMITH"},{"floor":10,"key":"REST"}],"neow_cost":"NONE","seed_source_timestamp":6227008880800,"circlet_count":0,"master_deck":["AscendersBane","Strike_R","Strike_R","Strike_R","Strike_R","Defend_R","Defend_R","Defend_R","Defend_R","Bash+1","Sword Boomerang","Sword Boomerang","Twin Strike","Flex"],"special_seed":0,"relics":["Burning Blood","The Courier","Self Forming Clay"],"potions_floor_usage":[11],"damage_taken":[{"damage":11.0,"enemies":"2 Louse","floor":1.0,"turns":5.0},{"damage":13.0,"enemies":"Jaw Worm","floor":2.0,"turns":4.0},{"damage":6.0,"enemies":"Cultist","floor":3.0,"turns":3.0},{"damage":43,"enemies":"Exordium Thugs","floor":7,"turns":9},{"damage":16,"enemies":"Gremlin Nob","floor":8,"turns":3},{"damage":41,"enemies":"Lagavulin","floor":11,"turns":6}],"seed_played":"9122920308383596329","potions_obtained":[{"floor":3.0,"key":"Weak Potion"},{"floor":8,"key":"Explosive Potion"}],"is_trial":false,"path_per_floor":["M","M","M","?","?","R","M","E","T","R","E"],"character_chosen":"IRONCLAD","items_purchased":[],"campfire_rested":1,"item_purchase_floors":[],"current_hp_per_floor":[70,63,63,63,63,63,26,16,16,40,0],"gold":126,"neow_bonus":"TEN_PERCENT_HP_BONUS","is_prod":false,"is_daily":false,"chose_seed":false,"campfire_upgraded":1,"win_rate":0,"timestamp":1570618424,"path_taken":["M","M","M","?","?","R","M","E","T","R","E"],"build_version":"2019-10-08","purchased_purges":0,"victory":false,"max_hp_per_floor":[82,82,82,82,82,82,82,82,82,82,82],"card_choices":[{"not_picked":["Searing Blow","Warcry"],"picked":"Sword Boomerang","floor":1.0},{"not_picked":["Heavy Blade","Perfected Strike","Brutality"],"picked":"SKIP","floor":2.0},{"not_picked":["Heavy Blade","Wild Strike"],"picked":"Sword Boomerang","floor":3.0},{"not_picked":["Combust","Thunderclap"],"picked":"Twin Strike","floor":7},{"not_picked":["Evolve","Burning Pact"],"picked":"Flex","floor":8}],"player_experience":980629,"relics_obtained":[{"floor":8,"key":"The Courier"},{"floor":9,"key":"Self Forming Clay"}],"event_choices":[{"cards_removed":["Strike_R"],"damage_healed":0.0,"max_hp_gain":0.0,"max_hp_loss":0.0,"gold_gain":0.0,"event_name":"The Cleric","player_choice":"Card Removal","floor":4.0,"gold_loss":75.0,"damage_taken":0.0},{"damage_healed":0.0,"max_hp_gain":0.0,"max_hp_loss":0.0,"gold_gain":0.0,"event_name":"Transmorgrifier","player_choice":"Ignored","floor":5.0,"gold_loss":0.0,"damage_taken":0.0}],"is_beta":true,"boss_relics":[],"items_purged_floors":[],"is_endless":false,"potions_floor_spawned":[3,8],"killed_by":"Lagavulin","ascension_level":15}