{"gold_per_floor":[118,136,57,57,6,36,55,88,88,88,49,49,49,67,67,167,167,181,13,26,26,44,44,44],"floor_reached":24,"playtime":1245,"items_purged":["Parasite"],"score":252,"play_id":"d1467bfe-2432-4c0b-91eb-e83a14fa4c3a","local_time":"20191009224433","is_ascension_mode":true,"campfire_choices":[{"data":"Body Slam","floor":12,"key":"SMITH"},{"data":"True Grit","floor":15,"key":"SMITH"},{"floor":23,"key":"REST"}],"neow_cost":"NONE","seed_source_timestamp":459422544728100,"circlet_count":0,"master_deck":["Strike_R","Strike_R","Strike_R","Strike_R","Strike_R","Defend_R","Defend_R","Body Slam+1","True Grit+1","Feel No Pain","Wild Strike","Armaments","Rampage","Perfected Strike","Perfected Strike","Iron Wave","Demon Form","Disarm+1","Dual Wield+1","Power Through+1","Warcry","Anger","Shrug It Off","Evolve"],"relics":["Burning Blood","NeowsBlessing","Thread and Needle","Singing Bowl","Astrolabe","Question Card"],"potions_floor_usage":[24],"damage_taken":[{"damage":0,"enemies":"Cultist","floor":1,"turns":1},{"damage":0,"enemies":"Jaw Worm","floor":2,"turns":1},{"damage":0,"enemies":"Gremlin Nob","floor":6,"turns":1},{"damage":4,"enemies":"2 Louse","floor":7,"turns":3},{"damage":33,"enemies":"Lagavulin","floor":8,"turns":11},{"damage":9,"enemies":"Blue Slaver","floor":14,"turns":2},{"damage":60,"enemies":"The Guardian","floor":16,"turns":13},{"damage":28,"enemies":"Spheric Guardian","floor":18,"turns":5},{"damage":24,"enemies":"Shell Parasite","floor":20,"turns":8},{"damage":17,"enemies":"Snecko","floor":22,"turns":7},{"damage":57,"enemies":"Slavers","floor":24,"turns":4}],"seed_played":"-3013456704692444176","potions_obtained":[{"floor":2,"key":"FearPotion"},{"floor":6,"key":"SpeedPotion"},{"floor":14,"key":"SpeedPotion"},{"floor":20,"key":"SteroidPotion"},{"floor":22,"key":"PowerPotion"}],"is_trial":false,"path_per_floor":["M","M","$","?","$","E","M","E","T","?","?","R","?","M","R","B",null,"M","$","M","?","M","R","E"],"character_chosen":"IRONCLAD","items_purchased":["Feel No Pain","Armaments","Warcry","Anger"],"campfire_rested":1,"item_purchase_floors":[3,5,19,19],"current_hp_per_floor":[80,80,80,80,80,80,80,53,53,73,73,73,73,70,70,16,77,55,55,37,37,26,48,0],"gold":44,"neow_bonus":"THREE_ENEMY_KILL","is_prod":false,"is_daily":false,"chose_seed":false,"campfire_upgraded":2,"win_rate":0,"timestamp":1570675473,"path_taken":["M","M","$","?","$","E","?","E","T","?","?","R","?","M","R","BOSS","M","$","M","?","?","R","E"],"build_version":"2019-07-17","purchased_purges":1,"victory":false,"max_hp_per_floor":[80,80,80,80,80,80,80,80,80,80,80,80,77,77,77,77,77,77,74,74,74,74,74,74],"card_choices":[{"not_picked":["Perfected Strike","Iron Wave"],"picked":"Body Slam","floor":1},{"not_picked":["Flex","Havoc"],"picked":"True Grit","floor":2},{"not_picked":["Body Slam","Infernal Blade"],"picked":"Rampage","floor":6},{"not_picked":["Clothesline","Burning Pact"],"picked":"Perfected Strike","floor":7},{"not_picked":["Body Slam","Seeing Red"],"picked":"Perfected Strike","floor":8},{"not_picked":["Flex","Perfected Strike"],"picked":"Iron Wave","floor":14},{"not_picked":["Reaper","Double Tap"],"picked":"Demon Form","floor":16},{"not_picked":["Clash","Havoc"],"picked":"Power Through+1","floor":18},{"not_picked":["Rupture","Armaments"],"picked":"Shrug It Off","floor":20},{"not_picked":["Heavy Blade","Thunderclap","Havoc"],"picked":"Evolve","floor":22}],"player_experience":62099,"relics_obtained":[{"floor":6,"key":"Thread and Needle"},{"floor":8,"key":"Singing Bowl"}],"event_choices":[{"damage_healed":0,"gold_gain":0,"cards_transformed":["Bash"],"player_choice":"Transformed","damage_taken":0,"max_hp_gain":0,"max_hp_loss":0,"event_name":"Transmorgrifier","floor":4,"gold_loss":0,"cards_obtained":["Wild Strike"]},{"damage_healed":20,"gold_gain":0,"player_choice":"Healed and dodged fight","damage_taken":0,"max_hp_gain":0,"max_hp_loss":0,"event_name":"Mushrooms","floor":10,"gold_loss":0,"cards_obtained":["Parasite"]},{"damage_healed":0,"gold_gain":0,"player_choice":"Left Gold","damage_taken":0,"max_hp_gain":0,"max_hp_loss":0,"event_name":"World of Goop","floor":11,"gold_loss":39},{"damage_healed":0,"gold_gain":0,"cards_transformed":["Parasite"],"player_choice":"Change","damage_taken":0,"max_hp_gain":0,"max_hp_loss":0,"event_name":"Living Wall","floor":13,"gold_loss":0,"cards_obtained":["Writhe"]},{"damage_healed":0,"gold_gain":0,"player_choice":"Gave Potion","damage_taken":0,"relics_obtained":["Question Card"],"max_hp_gain":0,"max_hp_loss":0,"event_name":"WeMeetAgain","floor":21,"gold_loss":0}],"is_beta":false,"boss_relics":[{"not_picked":["Snecko Eye","Runic Dome"],"picked":"Astrolabe"}],"items_purged_floors":[19],"is_endless":false,"potions_floor_spawned":[2,6,14,20,22],"killed_by":"Slavers","ascension_level":2}