{"gold_per_floor":[13,13,29,97,127,127,158,130,167,248,77,127,177,187,187,266,266,286,20,16,31,6,6,6],"floor_reached":24,"playtime":1489,"items_purged":["Strike_G"],"score":382,"play_id":"f7966531-8a3b-46dc-a23f-044b73fa5b72","local_time":"20190602163457","is_ascension_mode":true,"campfire_choices":[{"data":"Malaise","floor":6.0,"key":"SMITH"},{"floor":15.0,"key":"REST"},{"floor":23,"key":"REST"}],"neow_cost":"NO_GOLD","seed_source_timestamp":151427640875936,"circlet_count":0,"master_deck":["AscendersBane","Defend_G","Defend_G","Defend_G","Defend_G","Defend_G","Strike_G","Strike_G","Strike_G","Survivor","Neutralize","Malaise+1","Calculated Gamble","Caltrops","Cloak And Dagger","Caltrops","PiercingWail","Backstab","Skewer","Dodge and Roll","Adrenaline","Well Laid Plans","Footwork","Footwork","Noxious Fumes","Cloak And Dagger"],"special_seed":0,"relics":["Ring of the Snake","SsserpentHead","MawBank","Dream Catcher","Bronze Scales","Snecko Eye","Chemical X"],"potions_floor_usage":[24],"damage_taken":[{"damage":2.0,"enemies":"Jaw Worm","floor":1.0,"turns":7.0},{"damage":1.0,"enemies":"Cultist","floor":3.0,"turns":6.0},{"damage":3.0,"enemies":"2 Louse","floor":4.0,"turns":5.0},{"damage":45.0,"enemies":"Gremlin Nob","floor":7.0,"turns":7.0},{"damage":0.0,"enemies":"Looter","floor":8.0,"turns":4.0},{"damage":4.0,"enemies":"Blue Slaver","floor":10.0,"turns":5.0},{"damage":0.0,"enemies":"Red Slaver","floor":14.0,"turns":4.0},{"damage":14.0,"enemies":"The Guardian","floor":16.0,"turns":14.0},{"damage":2.0,"enemies":"3 Byrds","floor":18.0,"turns":1.0},{"damage":18,"enemies":"2 Thieves","floor":20,"turns":4},{"damage":7,"enemies":"Centurion and Healer","floor":21,"turns":10},{"damage":52,"enemies":"Gremlin Leader","floor":24,"turns":7}],"seed_played":"-5873825963491107010","potions_obtained":[{"floor":1.0,"key":"Swift Potion"},{"floor":4.0,"key":"SpeedPotion"},{"floor":5.0,"key":"Dexterity Potion"}],"is_trial":false,"path_per_floor":["M","?","M","M","?","R","E","M","T","M","$","?","?","M","R","B",null,"M","$","M","M","?","R","E"],"character_chosen":"THE_SILENT","items_purchased":["Bronze Scales","Chemical X","Footwork"],"campfire_rested":2,"item_purchase_floors":[11,19,19],"current_hp_per_floor":[57,57,56,53,53,53,8,8,8,4,4,4,4,4,23,9,52,50,50,32,25,25,44,0],"gold":6,"neow_bonus":"THREE_RARE_CARDS","is_prod":false,"is_daily":false,"chose_seed":false,"campfire_upgraded":1,"win_rate":0,"timestamp":1559486097,"path_taken":["M","?","M","?","?","R","E","M","T","?","?","?","?","M","R","BOSS","M","$","M","M","?","R","E"],"build_version":"2019-01-23","purchased_purges":1,"victory":false,"max_hp_per_floor":[66,66,66,66,66,66,66,66,66,66,66,66,66,66,66,66,66,66,66,66,66,66,66,66],"card_choices":[{"not_picked":["A Thousand Cuts","Envenom"],"picked":"Malaise","floor":0.0},{"not_picked":["Heel Hook","Flying Knee"],"picked":"Calculated Gamble","floor":1.0},{"not_picked":["Flying Knee","Endless Agony"],"picked":"Caltrops","floor":3.0},{"not_picked":["Endless Agony","Flying Knee"],"picked":"Cloak And Dagger","floor":4.0},{"not_picked":["Masterful Stab","Terror"],"picked":"Caltrops","floor":7.0},{"not_picked":["Slice","Flying Knee"],"picked":"PiercingWail","floor":8.0},{"not_picked":["Underhanded Strike","Infinite Blades"],"picked":"Backstab","floor":10.0},{"not_picked":["PiercingWail","Well Laid Plans"],"picked":"Skewer","floor":14.0},{"not_picked":["Quick Slash","Dagger Throw"],"picked":"Dodge and Roll","floor":15.0},{"not_picked":["Grand Finale","Malaise"],"picked":"Adrenaline","floor":16.0},{"not_picked":["Setup","Acrobatics"],"picked":"Well Laid Plans","floor":18.0},{"not_picked":["Deflect","Masterful Stab"],"picked":"Footwork","floor":20},{"not_picked":["PiercingWail","Acrobatics"],"picked":"Noxious Fumes","floor":21},{"not_picked":["Masterful Stab","Dodge and Roll"],"picked":"Cloak And Dagger","floor":23}],"player_experience":428654,"relics_obtained":[{"floor":7.0,"key":"MawBank"},{"floor":9.0,"key":"Dream Catcher"}],"event_choices":[{"damage_healed":0.0,"max_hp_gain":0.0,"max_hp_loss":0.0,"gold_gain":0.0,"event_name":"FaceTrader","player_choice":"Trade","floor":2.0,"gold_loss":0.0,"damage_taken":0.0,"relics_obtained":["SsserpentHead"]},{"damage_healed":0.0,"max_hp_gain":0.0,"max_hp_loss":0.0,"gold_gain":0.0,"event_name":"The Woman in Blue","player_choice":"Bought 1 Potion","floor":5.0,"gold_loss":0.0,"damage_taken":0.0},{"damage_healed":0.0,"max_hp_gain":0.0,"max_hp_loss":0.0,"gold_gain":0.0,"event_name":"Scrap Ooze","player_choice":"Fled","floor":12.0,"gold_loss":0.0,"damage_taken":0.0},{"damage_healed":0.0,"max_hp_gain":0.0,"max_hp_loss":0.0,"gold_gain":0.0,"event_name":"Shining Light","player_choice":"Ignored","floor":13.0,"gold_loss":0.0,"damage_taken":0.0},{"cards_removed":["Strike_G"],"damage_healed":0,"gold_gain":0,"player_choice":"Gave Gold","damage_taken":0,"max_hp_gain":0,"max_hp_loss":0,"event_name":"Beggar","floor":22,"gold_loss":75}],"is_beta":false,"boss_relics":[{"not_picked":["White Beast Statue","Calling Bell"],"picked":"Snecko Eye"}],"items_purged_floors":[11],"is_endless":false,"potions_floor_spawned":[1,4,10,16,20,21],"killed_by":"Gremlin Leader","ascension_level":19}