{"gold_per_floor":[113,133,208,224,237,266,284,345,371,390,390,422,422,436,436,538,538,548,463,562,180,195,226,252,252,328,328,338,356,373,404,404,502,502,517,529,546,377,396,396],"floor_reached":40,"playtime":2657,"items_purged":["Strike_G","Strike_G"],"score":442,"play_id":"61ed32d1-f488-49df-af1b-a864f7d4f8a9","local_time":"20190519231523","is_ascension_mode":false,"campfire_choices":[{"floor":11,"key":"REST"},{"floor":13,"key":"REST"},{"data":"Noxious Fumes","floor":15,"key":"SMITH"},{"data":"Tools of the Trade","floor":25,"key":"SMITH"},{"data":"Phantasmal Killer","floor":27,"key":"SMITH"},{"data":"Predator","floor":32,"key":"SMITH"}],"neow_cost":"NONE","seed_source_timestamp":757831358654329,"circlet_count":0,"master_deck":["Defend_G","Defend_G","Defend_G","Defend_G","Defend_G","Strike_G","Strike_G","Survivor","Neutralize","Tools of the Trade+1","Predator+1","Blur","Dagger Spray","Noxious Fumes+1","PiercingWail","Flying Knee","Predator","Outmaneuver","Phantasmal Killer+1","Sucker Punch+1","Leg Sweep"],"special_seed":0,"relics":["Ring of the Snake","Anchor","Dream Catcher","Art of War","Potion Belt","Busted Crown","Orichalcum","Happy Flower","Bag of Marbles","Regal Pillow","Pen Nib","Letter Opener","Strawberry","Fusion Hammer"],"potions_floor_usage":[8,8,10,10,16],"damage_taken":[{"damage":1.0,"enemies":"Cultist","floor":1.0,"turns":5.0},{"damage":0.0,"enemies":"Small Slimes","floor":2.0,"turns":5.0},{"damage":0.0,"enemies":"2 Louse","floor":4.0,"turns":4.0},{"damage":0.0,"enemies":"Blue Slaver","floor":5.0,"turns":7.0},{"damage":30.0,"enemies":"Lagavulin","floor":6.0,"turns":8.0},{"damage":0.0,"enemies":"Large Slime","floor":7.0,"turns":8.0},{"damage":17,"enemies":"Lagavulin Event","floor":8,"turns":5},{"damage":0,"enemies":"Exordium Wildlife","floor":10,"turns":6},{"damage":20,"enemies":"Gremlin Nob","floor":12,"turns":5},{"damage":4,"enemies":"Lots of Slimes","floor":14,"turns":4},{"damage":5,"enemies":"Hexaghost","floor":16,"turns":11},{"damage":0,"enemies":"3 Byrds","floor":18,"turns":5},{"damage":1,"enemies":"Shell Parasite","floor":22,"turns":4},{"damage":1,"enemies":"Gremlin Leader","floor":23,"turns":8},{"damage":1,"enemies":"Centurion and Healer","floor":28,"turns":4},{"damage":4,"enemies":"Snecko","floor":29,"turns":4},{"damage":5,"enemies":"Cultist and Chosen","floor":30,"turns":6},{"damage":21,"enemies":"Book of Stabbing","floor":31,"turns":4},{"damage":36,"enemies":"Champ","floor":33,"turns":12},{"damage":3,"enemies":"3 Shapes","floor":35,"turns":4},{"damage":2,"enemies":"3 Darklings","floor":36,"turns":6},{"damage":2,"enemies":"Writhing Mass","floor":37,"turns":6},{"damage":9,"enemies":"Spire Growth","floor":39,"turns":5},{"damage":67,"enemies":"Giant Head","floor":40,"turns":9}],"seed_played":"-1456076751656650516","potions_obtained":[{"floor":1.0,"key":"SkillPotion"},{"floor":4.0,"key":"Explosive Potion"},{"floor":5.0,"key":"Strength Potion"},{"floor":8,"key":"Energy Potion"},{"floor":10,"key":"SpeedPotion"},{"floor":14,"key":"Regen Potion"},{"floor":23,"key":"EssenceOfSteel"},{"floor":29,"key":"Poison Potion"},{"floor":30,"key":"SteroidPotion"},{"floor":37,"key":"Dexterity Potion"}],"is_trial":false,"path_per_floor":["M","M","?","M","M","E","M","?","T","M","R","E","R","M","R","B",null,"M","?","?","$","M","E","T","R","T","R","M","M","M","E","R","B",null,"M","M","M","$","M","E"],"character_chosen":"THE_SILENT","items_purchased":["Happy Flower","Bag of Marbles","Leg Sweep"],"campfire_rested":2,"item_purchase_floors":[21,21,38],"current_hp_per_floor":[69,69,58,58,58,28,28,11,11,11,32,12,33,29,29,39,70,70,70,70,70,69,68,68,68,68,68,67,63,58,44,44,8,77,74,72,70,70,61,0],"gold":396,"neow_bonus":"TRANSFORM_CARD","is_prod":false,"is_daily":false,"chose_seed":false,"campfire_upgraded":4,"win_rate":0,"timestamp":1558322123,"path_taken":["M","?","?","M","M","E","M","?","T","M","R","E","R","M","R","BOSS","M","?","?","$","M","E","?","R","T","R","M","M","M","E","R","BOSS","M","M","M","$","M","E"],"build_version":"2019-01-23","purchased_purges":2,"victory":false,"max_hp_per_floor":[70,70,70,70,70,70,70,70,70,70,70,70,70,70,70,70,70,70,70,70,70,70,70,70,70,70,70,70,70,70,77,77,77,77,77,77,77,77,77,77],"card_choices":[{"not_picked":["Outmaneuver","Distraction"],"picked":"Predator","floor":1.0},{"not_picked":["Poisoned Stab","Acrobatics"],"picked":"Blur","floor":2.0},{"not_picked":["Sucker Punch","Bullet Time"],"picked":"Dagger Spray","floor":4.0},{"not_picked":["Deflect","Prepared"],"picked":"Noxious Fumes","floor":5.0},{"not_picked":["Acrobatics","Dodge and Roll"],"picked":"PiercingWail","floor":6.0},{"not_picked":["Reflex","PiercingWail"],"picked":"Flying Knee","floor":7.0},{"not_picked":["Setup","Accuracy","Expertise"],"picked":"SKIP","floor":10},{"not_picked":["Dagger Spray","Bane"],"picked":"Predator","floor":11},{"not_picked":["Accuracy","Infinite Blades"],"picked":"Outmaneuver","floor":12},{"not_picked":["Finisher","Sucker Punch","Bane"],"picked":"SKIP","floor":14},{"not_picked":["Wraith Form v2","Die Die Die"],"picked":"Phantasmal Killer","floor":16},{"not_picked":["Flechettes+1"],"picked":"SKIP","floor":18},{"not_picked":["Flying Knee+1"],"picked":"SKIP","floor":22},{"not_picked":["Underhanded Strike"],"picked":"SKIP","floor":23},{"not_picked":["Eviscerate"],"picked":"SKIP","floor":28},{"not_picked":["Heel Hook"],"picked":"SKIP","floor":29},{"not_picked":["Dodge and Roll"],"picked":"SKIP","floor":30},{"not_picked":["Flechettes+1"],"picked":"SKIP","floor":31},{"not_picked":["Dagger Throw+1"],"picked":"SKIP","floor":35},{"not_picked":["Masterful Stab+1"],"picked":"SKIP","floor":36},{"not_picked":[],"picked":"Sucker Punch+1","floor":37},{"not_picked":["Infinite Blades"],"picked":"SKIP","floor":39}],"player_experience":915417,"relics_obtained":[{"floor":6.0,"key":"Anchor"},{"floor":8,"key":"Dream Catcher"},{"floor":9,"key":"Art of War"},{"floor":12,"key":"Potion Belt"},{"floor":23,"key":"Regal Pillow"},{"floor":24,"key":"Pen Nib"},{"floor":26,"key":"Letter Opener"},{"floor":31,"key":"Strawberry"}],"event_choices":[{"damage_healed":0.0,"max_hp_gain":0.0,"max_hp_loss":0.0,"gold_gain":75.0,"event_name":"World of Goop","player_choice":"Gather Gold","floor":3.0,"gold_loss":0.0,"damage_taken":11.0},{"damage_healed":0,"gold_gain":0,"player_choice":"Searched \u00271\u0027 times","damage_taken":0,"max_hp_gain":0,"max_hp_loss":0,"event_name":"Dead Adventurer","floor":8,"gold_loss":0},{"damage_healed":0,"gold_gain":0,"player_choice":"Obtained Relic","damage_taken":0,"relics_obtained":["Orichalcum"],"max_hp_gain":0,"max_hp_loss":0,"event_name":"Addict","floor":19,"gold_loss":85},{"damage_healed":0,"gold_gain":99,"player_choice":"Stole From Cult","damage_taken":0,"max_hp_gain":0,"max_hp_loss":0,"event_name":"Nest","floor":20,"gold_loss":0}],"is_beta":false,"boss_relics":[{"not_picked":["Runic Dome","Cursed Key"],"picked":"Busted Crown"},{"not_picked":["HoveringKite","Runic Pyramid"],"picked":"Fusion Hammer"}],"items_purged_floors":[21,38],"is_endless":false,"potions_floor_spawned":[1,4,5,8,10,14,23,29,30,37],"killed_by":"Giant Head","ascension_level":0}