{"gold_per_floor":[114,289,17,92,102,137,155,155,155,155,186,186,33,46,46,171,171,196,229,229,229,35,74,74,109,109,208,208,226,226,249,249,375,375,399,399,399,414,435,469,469,233,309,309,237,275,275,608,608,608,608,608,127,162,162],"floor_reached":56,"playtime":2708,"items_purged":["Doubt","Injury","Strike_R","Strike_R"],"score":1220,"play_id":"f64fb4c0-97be-43c1-ad7b-6663847111c3","local_time":"20190331191337","is_ascension_mode":false,"campfire_choices":[{"data":"Bash","floor":10,"key":"SMITH"},{"data":"Double Tap","floor":15,"key":"SMITH"},{"data":"Flame Barrier","floor":24,"key":"SMITH"},{"data":"Flame Barrier","floor":28,"key":"SMITH"},{"data":"Juggernaut","floor":30,"key":"SMITH"},{"data":"Iron Wave","floor":32,"key":"SMITH"},{"floor":41,"key":"RECALL"},{"data":"Madness","floor":44,"key":"SMITH"},{"data":"Uppercut","floor":47,"key":"SMITH"},{"floor":49,"key":"REST"},{"data":"Iron Wave","floor":52,"key":"SMITH"}],"neow_cost":"NONE","seed_source_timestamp":183123086837428,"circlet_count":0,"master_deck":["Strike_R","Defend_R","Defend_R","Defend_R","Bash+1","Iron Wave+1","Flex","Ghostly Armor","Flame Barrier+1","Disarm","Iron Wave+1","Cleave","Double Tap+1","Juggernaut+1","Flame Barrier+1","Double Tap+1","Thunderclap+1","Offering","Sword Boomerang+1","Madness","Madness+1","Metallicize","Doubt","Uppercut+1"],"relics":["Burning Blood","Bronze Scales","Magic Flower","Pocketwatch","Strawberry","Cursed Key","Red Mask","Potion Belt","DollysMirror","Oddly Smooth Stone","Vajra","Ice Cream","Empty Cage","Smiling Mask","Anchor","Gremlin Horn","Bag of Marbles","Gambling Chip","Charon\u0027s Ashes"],"potions_floor_usage":[16,19,55,55,55,55,55],"damage_taken":[{"damage":10,"enemies":"Jaw Worm","floor":1,"turns":5},{"damage":1,"enemies":"2 Louse","floor":5,"turns":3},{"damage":35,"enemies":"Lagavulin","floor":6,"turns":8},{"damage":0,"enemies":"Small Slimes","floor":7,"turns":3},{"damage":17,"enemies":"Gremlin Nob","floor":11,"turns":4},{"damage":0,"enemies":"Blue Slaver","floor":14,"turns":3},{"damage":43,"enemies":"Slime Boss","floor":16,"turns":9},{"damage":5,"enemies":"Chosen","floor":18,"turns":4},{"damage":29,"enemies":"Masked Bandits","floor":19,"turns":4},{"damage":22,"enemies":"Book of Stabbing","floor":23,"turns":5},{"damage":11,"enemies":"Slavers","floor":25,"turns":5},{"damage":11,"enemies":"Shell Parasite","floor":29,"turns":4},{"damage":2,"enemies":"Snecko","floor":31,"turns":5},{"damage":45,"enemies":"Automaton","floor":33,"turns":9},{"damage":10,"enemies":"3 Darklings","floor":35,"turns":5},{"damage":1,"enemies":"Orb Walker","floor":38,"turns":3},{"damage":16,"enemies":"Sphere and 2 Shapes","floor":39,"turns":4},{"damage":37,"enemies":"Nemesis","floor":40,"turns":5},{"damage":13,"enemies":"Reptomancer","floor":46,"turns":4},{"damage":23,"enemies":"Time Eater","floor":50,"turns":10},{"damage":13,"enemies":"Shield and Spear","floor":54,"turns":5},{"damage":80,"enemies":"The Heart","floor":55,"turns":6}],"seed_played":"7286404778682604766","potions_obtained":[{"floor":1,"key":"PowerPotion"},{"floor":7,"key":"LiquidBronze"},{"floor":16,"key":"Fruit Juice"},{"floor":18,"key":"Swift Potion"},{"floor":25,"key":"Explosive Potion"},{"floor":29,"key":"PowerPotion"},{"floor":31,"key":"LiquidBronze"},{"floor":35,"key":"SpeedPotion"},{"floor":37,"key":"Dexterity Potion"},{"floor":37,"key":"LiquidBronze"}],"is_trial":false,"path_per_floor":["M","?","$","?","M","E","M","?","T","R","E","?","$","M","R","B",null,"M","?","?","?","$","E","R","E","T","?","R","M","R","M","R","B",null,"M","?","?","M","M","E","R","$","T","R","$","E","R","?","R","B",null,"R","$","E","B",null],"character_chosen":"IRONCLAD","items_purchased":["Bronze Scales","Flex","Cleave","DollysMirror","Metallicize","Anchor","Uppercut","Bag of Marbles","Gambling Chip"],"campfire_rested":1,"item_purchase_floors":[3,3,13,22,42,42,45,53,53],"current_hp_per_floor":[76,76,76,65,70,41,50,50,50,50,49,49,49,58,58,29,92,92,72,72,72,72,59,59,57,57,57,57,55,55,62,62,26,92,91,79,79,87,80,52,52,52,52,52,52,48,48,48,75,61,92,92,92,88,17],"gold":162,"neow_bonus":"REMOVE_CARD","is_prod":false,"is_daily":false,"chose_seed":false,"campfire_upgraded":9,"win_rate":0,"timestamp":1554074017,"path_taken":["M","?","$","?","M","E","M","?","T","R","E","?","$","M","R","BOSS","M","?","?","?","$","E","R","E","T","?","R","M","R","M","R","BOSS","M","?","?","?","M","E","R","$","T","R","$","E","R","?","R","BOSS","R","$","E","BOSS"],"build_version":"2019-01-23","purchased_purges":4,"victory":true,"max_hp_per_floor":[80,80,80,80,80,80,80,80,80,80,87,87,87,87,87,92,92,92,92,92,92,92,92,92,92,92,92,92,92,92,92,92,92,92,92,92,92,92,92,92,92,92,92,92,92,92,92,92,92,92,92,92,92,92,92],"card_choices":[{"not_picked":["Second Wind","Twin Strike"],"picked":"Iron Wave","floor":1},{"not_picked":["Body Slam","Feel No Pain"],"picked":"Ghostly Armor","floor":5},{"not_picked":["Warcry","Wild Strike"],"picked":"Flame Barrier","floor":6},{"not_picked":["Wild Strike","Armaments"],"picked":"Disarm","floor":7},{"not_picked":["Flame Barrier","Warcry"],"picked":"Iron Wave","floor":11},{"not_picked":["Pommel Strike","Reckless Charge"],"picked":"Double Tap","floor":14},{"not_picked":["Brutality","Exhume"],"picked":"Juggernaut","floor":16},{"not_picked":["Cleave","Wild Strike","Perfected Strike"],"picked":"SKIP","floor":18},{"not_picked":["Hemokinesis","Pommel Strike"],"picked":"Flame Barrier","floor":19},{"not_picked":["Burning Pact+1","Pummel"],"picked":"Thunderclap+1","floor":23},{"not_picked":["Second Wind+1","Heavy Blade"],"picked":"Offering","floor":25},{"not_picked":["Disarm","Sever Soul","Whirlwind"],"picked":"SKIP","floor":29},{"not_picked":["Intimidate","True Grit","Evolve"],"picked":"SKIP","floor":31},{"not_picked":["Twin Strike+1","Body Slam"],"picked":"Sword Boomerang+1","floor":35},{"not_picked":["Dual Wield","Heavy Blade+1","Fire Breathing"],"picked":"SKIP","floor":38},{"not_picked":["Intimidate","Body Slam","Wild Strike"],"picked":"SKIP","floor":39},{"not_picked":["Warcry","Intimidate+1","Exhume"],"picked":"SKIP","floor":40},{"not_picked":["Dropkick","Searing Blow","Ghostly Armor"],"picked":"SKIP","floor":46},{"not_picked":["Rupture+1","Thunderclap+1","Pommel Strike+1"],"picked":"SKIP","floor":54}],"player_experience":748459,"relics_obtained":[{"floor":6,"key":"Magic Flower"},{"floor":9,"key":"Pocketwatch"},{"floor":11,"key":"Strawberry"},{"floor":19,"key":"Red Mask"},{"floor":23,"key":"Oddly Smooth Stone"},{"floor":25,"key":"Vajra"},{"floor":26,"key":"Ice Cream"},{"floor":40,"key":"Smiling Mask"},{"floor":46,"key":"Gremlin Horn"},{"floor":54,"key":"Charon\u0027s Ashes"}],"event_choices":[{"damage_healed":0,"gold_gain":175,"player_choice":"AGREE","damage_taken":0,"max_hp_gain":0,"max_hp_loss":0,"event_name":"Liars Game","floor":2,"gold_loss":0,"cards_obtained":["Doubt"]},{"damage_healed":0,"gold_gain":75,"player_choice":"Gather Gold","damage_taken":11,"max_hp_gain":0,"max_hp_loss":0,"event_name":"World of Goop","floor":4,"gold_loss":0},{"cards_removed":["Defend_R"],"damage_healed":0,"gold_gain":0,"player_choice":"Forget","damage_taken":0,"max_hp_gain":0,"max_hp_loss":0,"event_name":"Living Wall","floor":8,"gold_loss":0},{"damage_healed":0,"gold_gain":0,"player_choice":"Take Wound","damage_taken":0,"relics_obtained":["Golden Idol"],"max_hp_gain":0,"max_hp_loss":0,"event_name":"Golden Idol","floor":12,"gold_loss":0,"cards_obtained":["Injury"]},{"damage_healed":0,"gold_gain":0,"player_choice":"Fought Bandits","damage_taken":0,"max_hp_gain":0,"max_hp_loss":0,"event_name":"Masked Bandits","floor":19,"gold_loss":0},{"damage_healed":0,"gold_gain":0,"player_choice":"Ignored","damage_taken":0,"max_hp_gain":0,"max_hp_loss":0,"event_name":"Vampires","floor":20,"gold_loss":0},{"damage_healed":0,"gold_gain":0,"player_choice":"Opened","damage_taken":0,"relics_obtained":["Potion Belt"],"max_hp_gain":0,"max_hp_loss":0,"event_name":"The Mausoleum","floor":21,"gold_loss":0},{"damage_healed":0,"gold_gain":99,"player_choice":"Stole From Cult","damage_taken":0,"max_hp_gain":0,"max_hp_loss":0,"event_name":"Nest","floor":27,"gold_loss":0},{"damage_healed":0,"gold_gain":0,"player_choice":"Embrace Madness","damage_taken":12,"max_hp_gain":0,"max_hp_loss":0,"event_name":"Winding Halls","floor":36,"gold_loss":0,"cards_obtained":["Madness","Madness"]},{"damage_healed":0,"gold_gain":0,"player_choice":"Got Potions","damage_taken":0,"max_hp_gain":0,"max_hp_loss":0,"event_name":"Lab","floor":37,"gold_loss":0},{"damage_healed":0,"gold_gain":333,"player_choice":"Gave Idol","damage_taken":0,"max_hp_gain":0,"max_hp_loss":0,"event_name":"The Moai Head","floor":48,"relics_lost":["Golden Idol"],"gold_loss":0}],"is_beta":false,"boss_relics":[{"not_picked":["Tiny House","Velvet Choker"],"picked":"Cursed Key"},{"not_picked":["Pandora\u0027s Box","Snecko Eye"],"picked":"Empty Cage"}],"items_purged_floors":[3,13,42,53],"is_endless":false,"potions_floor_spawned":[1,7,16,18,25,29,31,33,35,40,54],"ascension_level":0}