{"gold_per_floor":[119,119,44,64,239,239,252,252,279,279,297,297,328,346,346,441,441,456,466,319,319,244,276,276,295,295,295,308,318,336,551,551,551],"floor_reached":33,"playtime":3017,"items_purged":["Regret","Doubt"],"score":374,"play_id":"778fc44f-c3b1-40ef-a0f0-bd3b5cb4dc06","local_time":"20180907180804","is_ascension_mode":true,"campfire_choices":[{"data":"Sucker Punch","floor":6.0,"key":"SMITH"},{"data":"Prepared","floor":8.0,"key":"SMITH"},{"data":"Bane","floor":10.0,"key":"SMITH"},{"floor":12.0,"key":"REST"},{"data":"Terror","floor":15,"key":"SMITH"},{"data":"All Out Attack","floor":24,"key":"SMITH"},{"floor":27,"key":"REST"},{"floor":32,"key":"REST"}],"neow_cost":"NONE","seed_source_timestamp":80082342573405,"circlet_count":0,"master_deck":["Defend_G","Defend_G","Defend_G","Defend_G","Defend_G","Strike_G","Strike_G","Strike_G","Strike_G","Survivor","Neutralize","Backflip","Slice","Deflect","Deadly Poison","Bane+1","Sucker Punch+1","Deflect","Prepared+1","All Out Attack+1","Terror+1","Dodge and Roll","Bullet Time","Cloak And Dagger+1","Slice+1","Bane","Blade Dance","Blur","Corpse Explosion","Acrobatics","Dagger Throw"],"special_seed":0,"relics":["Orrery","Kunai","Orichalcum","Happy Flower","Sozu","Incense Burner","Bottled Flame","Old Coin"],"potions_floor_usage":[16,33,33],"damage_taken":[{"damage":10.0,"enemies":"Small Slimes","floor":1.0,"turns":3.0},{"damage":1.0,"enemies":"Jaw Worm","floor":4.0,"turns":2.0},{"damage":4.0,"enemies":"Cultist","floor":7.0,"turns":5.0},{"damage":3.0,"enemies":"Looter","floor":11.0,"turns":3.0},{"damage":6.0,"enemies":"Gremlin Nob","floor":13.0,"turns":4.0},{"damage":0,"enemies":"2 Fungi Beasts","floor":14,"turns":3},{"damage":6,"enemies":"Slime Boss","floor":16,"turns":9},{"damage":3,"enemies":"Shell Parasite","floor":18,"turns":4},{"damage":21,"enemies":"Spheric Guardian","floor":19,"turns":6},{"damage":28,"enemies":"Slavers","floor":23,"turns":9},{"damage":24,"enemies":"Snake Plant","floor":25,"turns":4},{"damage":0,"enemies":"Centurion and Healer","floor":28,"turns":8},{"damage":14,"enemies":"Cultist and Chosen","floor":29,"turns":6},{"damage":15,"enemies":"Chosen and Byrds","floor":30,"turns":5},{"damage":48,"enemies":"Collector","floor":33,"turns":9}],"seed_played":"5598123022067381643","potions_obtained":[{"floor":11.0,"key":"PowerPotion"},{"floor":13.0,"key":"Poison Potion"},{"floor":16,"key":"PowerPotion"}],"is_trial":false,"path_per_floor":["M","?","$","M","?","R","M","R","T","R","M","R","E","M","R","B",null,"M","M","$","?","?","E","R","M","T","R","M","M","M","?","R"],"character_chosen":"THE_SILENT","items_purchased":["Bane"],"campfire_rested":3,"item_purchase_floors":[20],"current_hp_per_floor":[53,53,53,52,52,52,48,48,48,48,45,66,60,60,60,54,66,63,42,42,65,65,37,37,13,13,34,34,20,5,5,26,0],"gold":551,"neow_bonus":"BOSS_RELIC","is_prod":false,"is_daily":false,"chose_seed":false,"campfire_upgraded":5,"win_rate":0,"timestamp":1536358084,"path_taken":["M","?","?","M","?","R","M","R","T","R","M","R","E","M","R","BOSS","M","M","$","?","?","E","R","M","T","R","M","?","M","?","R","BOSS"],"build_version":"2018-09-06","purchased_purges":2,"victory":false,"max_hp_per_floor":[70,70,70,70,70,70,70,70,70,70,70,70,70,70,70,70,70,70,70,70,70,70,70,70,70,70,70,70,70,70,70,70,70],"card_choices":[{"not_picked":["Reflex","Well Laid Plans"],"picked":"Backflip","floor":0.0},{"not_picked":["Bane","Dodge and Roll"],"picked":"Slice","floor":0.0},{"not_picked":["Quick Slash","Underhanded Strike"],"picked":"Deflect","floor":0.0},{"not_picked":["Reflex","Well Laid Plans"],"picked":"Deadly Poison","floor":0.0},{"not_picked":["Underhanded Strike","Well Laid Plans"],"picked":"Bane","floor":0.0},{"not_picked":["Flying Knee","Night Terror"],"picked":"Sucker Punch","floor":1.0},{"not_picked":["Flying Knee","Leg Sweep"],"picked":"Deflect","floor":4.0},{"not_picked":["Outmaneuver","Bane"],"picked":"Prepared","floor":7.0},{"not_picked":["PiercingWail","Blade Dance"],"picked":"All Out Attack","floor":11.0},{"not_picked":["Storm of Steel","Prepared"],"picked":"Terror","floor":13.0},{"not_picked":["Setup","Deflect"],"picked":"Dodge and Roll","floor":14},{"not_picked":["Doppelganger","Burst"],"picked":"Bullet Time","floor":16},{"not_picked":["Backflip","Choke+1"],"picked":"Cloak And Dagger+1","floor":18},{"not_picked":["Prepared","Skewer"],"picked":"Slice+1","floor":19},{"not_picked":["Prepared","Escape Plan"],"picked":"Blade Dance","floor":23},{"not_picked":["Escape Plan","Distraction+1"],"picked":"Blur","floor":25},{"not_picked":["Distraction","Dagger Spray"],"picked":"Corpse Explosion","floor":28},{"not_picked":["Deflect+1","Bane"],"picked":"Acrobatics","floor":29},{"not_picked":["Accuracy","Skewer"],"picked":"Dagger Throw","floor":30}],"player_experience":377767,"relics_obtained":[{"floor":9.0,"key":"Orichalcum"},{"floor":13.0,"key":"Happy Flower"},{"floor":23,"key":"Incense Burner"},{"floor":26,"key":"Bottled Flame"}],"event_choices":[{"event_name":"Big Fish","player_choice":"Box","floor":2.0,"damage_taken":0.0},{"event_name":"Liars Game","player_choice":"agreed","floor":5.0,"damage_taken":0.0},{"event_name":"The Library","player_choice":"Heal","floor":21,"damage_taken":0},{"event_name":"Beggar","player_choice":"Gave Gold","floor":22,"damage_taken":0},{"event_name":"Addict","player_choice":"Obtained Relic","floor":31,"damage_taken":0}],"is_beta":false,"boss_relics":[{"not_picked":["Snecko Eye","Calling Bell"],"picked":"Sozu"}],"items_purged_floors":[3,20],"is_endless":false,"potions_floor_spawned":[11,13,16,19,28,29],"killed_by":"Collector","ascension_level":8}