{"gold_per_floor":[117,117,130,130,130,143,22,38,64,64,94,15,25,39,39,135,135,153,53,65,65,80,80,80,80,80,80,114,125,140,220,220,325,325,345,92,106,106,120,120,149,149,149,163,182,182,201,201,201,201],"floor_reached":51,"playtime":4761,"items_purged":["Strike_G","Defend_G"],"score":649,"play_id":"f0591fe2-3691-4c10-abde-cf168e626299","local_time":"20191006130230","is_ascension_mode":false,"campfire_choices":[{"data":"Flechettes","floor":10.0,"key":"SMITH"},{"floor":15.0,"key":"REST"},{"data":"Neutralize","floor":23.0,"key":"SMITH"},{"data":"Blur","floor":25.0,"key":"SMITH"},{"floor":32,"key":"REST"},{"floor":40,"key":"REST"},{"data":"Noxious Fumes","floor":42,"key":"SMITH"},{"floor":46,"key":"REST"},{"floor":49,"key":"REST"}],"neow_cost":"NONE","seed_source_timestamp":0,"circlet_count":0,"master_deck":["Strike_G","Strike_G","Strike_G","Defend_G","Defend_G","Defend_G","Defend_G","Survivor","Neutralize+1","Dodge and Roll+1","Poisoned Stab","Infinite Blades","Flechettes+1","Backflip","Noxious Fumes+1","Well Laid Plans","Prepared","Burst","Calculated Gamble","Blade Dance","Blur+1","Footwork","Leg Sweep+1","Cloak And Dagger","Escape Plan","PiercingWail","Storm of Steel","Footwork+1","Blur+1","Noxious Fumes"],"special_seed":0,"relics":["Ring of the Serpent","Art of War","Bag of Marbles","Blue Candle","Orrery","Nunchaku","Boot","Pantograph","Mercury Hourglass","Gremlin Horn","The Courier"],"potions_floor_usage":[33,44,45,50,50,50],"damage_taken":[{"damage":4.0,"enemies":"Jaw Worm","floor":1.0,"turns":8.0},{"damage":0.0,"enemies":"2 Louse","floor":3.0,"turns":3.0},{"damage":0.0,"enemies":"Cultist","floor":6.0,"turns":3.0},{"damage":6.0,"enemies":"Red Slaver","floor":8.0,"turns":4.0},{"damage":21.0,"enemies":"3 Sentries","floor":11.0,"turns":8.0},{"damage":1.0,"enemies":"Looter","floor":13.0,"turns":3.0},{"damage":0.0,"enemies":"Large Slime","floor":14.0,"turns":4.0},{"damage":36.0,"enemies":"Slime Boss","floor":16.0,"turns":12.0},{"damage":11.0,"enemies":"3 Byrds","floor":18.0,"turns":5.0},{"damage":6.0,"enemies":"Shell Parasite","floor":20.0,"turns":8.0},{"damage":2.0,"enemies":"Centurion and Healer","floor":22.0,"turns":10.0},{"damage":43.0,"enemies":"Gremlin Leader","floor":28.0,"turns":12.0},{"damage":9.0,"enemies":"Snake Plant","floor":29.0,"turns":7.0},{"damage":1,"enemies":"Cultist and Chosen","floor":30,"turns":8},{"damage":47,"enemies":"Champ","floor":33,"turns":16},{"damage":26,"enemies":"3 Shapes","floor":35,"turns":6},{"damage":3,"enemies":"Orb Walker","floor":37,"turns":6},{"damage":8,"enemies":"Sphere and 2 Shapes","floor":39,"turns":7},{"damage":9,"enemies":"Nemesis","floor":41,"turns":11},{"damage":18,"enemies":"Transient","floor":44,"turns":5},{"damage":25,"enemies":"Spire Growth","floor":45,"turns":7},{"damage":12,"enemies":"4 Shapes","floor":47,"turns":6},{"damage":21,"enemies":"Time Eater","floor":50,"turns":17}],"seed_played":"-6940095650988715896","potions_obtained":[{"floor":6.0,"key":"Weak Potion"},{"floor":8.0,"key":"LiquidBronze"},{"floor":11.0,"key":"SpeedPotion"},{"floor":16.0,"key":"Regen Potion"},{"floor":18.0,"key":"SpeedPotion"},{"floor":24.0,"key":"Weak Potion"},{"floor":29,"key":"Swift Potion"},{"floor":30,"key":"Strength Potion"},{"floor":39,"key":"Ancient Potion"},{"floor":44,"key":"Dexterity Potion"},{"floor":45,"key":"PowerPotion"},{"floor":47,"key":"Weak Potion"}],"is_trial":false,"path_per_floor":["M","?","M","?","?","M","$","M","T","R","E","$","M","M","R","B",null,"M","$","M","?","M","R","?","R","T","$","E","M","M","T","R","B",null,"M","$","M","?","M","R","E","R","T","M","M","R","M","?","R","B",null],"character_chosen":"THE_SILENT","items_purchased":["Backflip","Well Laid Plans","Mercury Hourglass"],"campfire_rested":5,"item_purchase_floors":[7,12,36],"current_hp_per_floor":[66,48,48,48,48,48,48,42,42,42,21,21,20,20,41,5,70,59,59,53,53,51,51,51,51,51,51,23,14,13,13,34,12,70,44,44,41,41,33,54,45,45,45,27,2,23,11,11,32,36],"gold":201,"neow_bonus":"THREE_CARDS","is_prod":false,"is_daily":false,"chose_seed":false,"campfire_upgraded":4,"win_rate":0,"timestamp":1570381350,"path_taken":["M","?","M","?","?","?","$","M","T","R","E","?","M","M","R","BOSS","M","$","M","?","M","R","?","R","T","$","E","?","M","?","R","BOSS","M","$","M","?","M","R","E","R","T","M","M","R","M","?","R","BOSS"],"build_version":"2019-07-17","purchased_purges":2,"victory":true,"max_hp_per_floor":[70,70,70,70,70,70,70,70,70,70,70,70,70,70,70,70,70,70,70,70,70,70,70,70,70,70,70,70,70,70,70,70,70,70,70,70,70,70,70,70,70,70,70,70,70,70,70,70,70,70],"card_choices":[{"not_picked":["Crippling Poison","Bane"],"picked":"Dodge and Roll","floor":0.0},{"not_picked":["Underhanded Strike","Heel Hook"],"picked":"Poisoned Stab","floor":1.0},{"not_picked":["Poisoned Stab","Outmaneuver"],"picked":"Infinite Blades","floor":3.0},{"not_picked":["Deadly Poison","Slice"],"picked":"Flechettes","floor":6.0},{"not_picked":["Flying Knee","Sucker Punch"],"picked":"Noxious Fumes","floor":8.0},{"not_picked":["Underhanded Strike","Deadly Poison","Accuracy"],"picked":"SKIP","floor":11.0},{"not_picked":["Dodge and Roll","Noxious Fumes","Dagger Spray"],"picked":"SKIP","floor":13.0},{"not_picked":["Eviscerate","Malaise"],"picked":"Prepared","floor":14.0},{"not_picked":["Unload","Venomology"],"picked":"Burst","floor":16.0},{"not_picked":["Quick Slash","Expertise"],"picked":"Calculated Gamble","floor":17.0},{"not_picked":["Expertise","Masterful Stab"],"picked":"Backflip","floor":17.0},{"not_picked":["All Out Attack","Expertise"],"picked":"Blade Dance","floor":17.0},{"not_picked":["All Out Attack","Catalyst"],"picked":"Blur","floor":17.0},{"not_picked":["Slice+1","Prepared"],"picked":"Footwork","floor":18.0},{"not_picked":["Dodge and Roll","Riddle With Holes"],"picked":"Leg Sweep+1","floor":20.0},{"not_picked":["Dodge and Roll+1","Predator","Flying Knee"],"picked":"SKIP","floor":22.0},{"not_picked":["Sucker Punch","Quick Slash"],"picked":"Cloak And Dagger","floor":28.0},{"not_picked":["Dagger Spray","Deadly Poison+1"],"picked":"Escape Plan","floor":29},{"not_picked":["Quick Slash+1","Dash"],"picked":"PiercingWail","floor":30},{"not_picked":["Burst","Glass Knife"],"picked":"Storm of Steel","floor":33},{"not_picked":["PiercingWail","Blade Dance"],"picked":"Footwork+1","floor":35},{"not_picked":["Reflex+1","Distraction","Slice"],"picked":"SKIP","floor":37},{"not_picked":["Skewer+1","Dagger Throw"],"picked":"Blur+1","floor":39},{"not_picked":["Concentrate+1","Masterful Stab+1","Die Die Die"],"picked":"SKIP","floor":41},{"not_picked":["Reflex+1","All Out Attack+1","Predator+1"],"picked":"SKIP","floor":44},{"not_picked":["Eviscerate","Dagger Spray"],"picked":"Noxious Fumes","floor":45},{"not_picked":["Dagger Spray+1","Cloak And Dagger+1","Blur"],"picked":"SKIP","floor":47}],"player_experience":344779,"relics_obtained":[{"floor":9.0,"key":"Bag of Marbles"},{"floor":11.0,"key":"Blue Candle"},{"floor":26.0,"key":"Nunchaku"},{"floor":28.0,"key":"Boot"},{"floor":31,"key":"Pantograph"},{"floor":41,"key":"Gremlin Horn"},{"floor":43,"key":"The Courier"}],"event_choices":[{"damage_healed":0.0,"max_hp_gain":0.0,"max_hp_loss":0.0,"gold_gain":0.0,"event_name":"Scrap Ooze","player_choice":"Success","floor":2.0,"gold_loss":0.0,"damage_taken":18.0,"relics_obtained":["Art of War"]},{"cards_removed":["Strike_G"],"damage_healed":0.0,"max_hp_gain":0.0,"max_hp_loss":0.0,"gold_gain":0.0,"event_name":"Living Wall","player_choice":"Forget","floor":4.0,"gold_loss":0.0,"damage_taken":0.0},{"damage_healed":0.0,"max_hp_gain":0.0,"max_hp_loss":0.0,"gold_gain":0.0,"event_name":"Upgrade Shrine","player_choice":"Upgraded","floor":5.0,"gold_loss":0.0,"damage_taken":0.0,"cards_upgraded":["Dodge and Roll"]},{"damage_healed":0.0,"max_hp_gain":0.0,"max_hp_loss":0.0,"gold_gain":0.0,"event_name":"Ghosts","player_choice":"Ignored","floor":21.0,"gold_loss":0.0,"damage_taken":0.0},{"damage_healed":0.0,"max_hp_gain":0.0,"max_hp_loss":0.0,"gold_gain":0.0,"event_name":"Lab","player_choice":"Got Potions","floor":24.0,"gold_loss":0.0,"damage_taken":0.0},{"cards_removed":["Backflip"],"damage_healed":0,"gold_gain":0,"player_choice":"Removed Skill","damage_taken":0,"max_hp_gain":0,"max_hp_loss":0,"event_name":"Falling","floor":38,"gold_loss":0},{"damage_healed":0,"gold_gain":0,"player_choice":"Ignored","damage_taken":0,"max_hp_gain":0,"max_hp_loss":0,"event_name":"Mysterious Sphere","floor":48,"gold_loss":0}],"is_beta":false,"boss_relics":[{"not_picked":["Ectoplasm","Snecko Eye"],"picked":"Orrery"},{"not_picked":["HoveringKite","Eternal Feather"],"picked":"Ring of the Serpent"}],"items_purged_floors":[7,19],"is_endless":false,"potions_floor_spawned":[6,8,11,16,18,29,30,39,44,45,47],"ascension_level":0}