{"gold_per_floor":[114,114,132,14,14,48,48,81,107,107,107,107,145,176,176,266,266,186,186,186,186,186,186,186,186,186,186,49,49,49,49,49,49,49,49,49,49,49,49,49,49,49],"floor_reached":42,"playtime":2454,"items_purged":["Strike_B","Strike_B"],"score":999,"play_id":"2cdfb44d-31e1-499e-926f-0f34d53eb214","local_time":"20190705011612","is_ascension_mode":true,"campfire_choices":[{"floor":7.0,"key":"REST"},{"floor":10.0,"key":"REST"},{"floor":12.0,"key":"REST"},{"data":"Sweeping Beam","floor":15.0,"key":"SMITH"},{"floor":23.0,"key":"REST"},{"floor":27.0,"key":"REST"},{"floor":32.0,"key":"REST"},{"floor":40.0,"key":"REST"}],"neow_cost":"NONE","seed_source_timestamp":383506783948068,"circlet_count":0,"master_deck":["AscendersBane","Strike_B","Defend_B","Defend_B","Defend_B+1","Defend_B","Zap","Dualcast","Sweeping Beam+1","Cold Snap","Melter","Capacitor","Steam","Electrodynamics","Beam Cell","Biased Cognition","White Noise","Compile Driver","Coolheaded","Hologram+1","FTL","Steam","White Noise","Fission","Core Surge","Thinking Ahead","Hologram+1","BootSequence"],"special_seed":0,"relics":["Cracked Core","Bloody Idol","Pen Nib","Kunai","Art of War","Lantern","Odd Mushroom","Ectoplasm","MawBank","Symbiotic Virus","Bag of Preparation","Nuclear Battery","Du-Vu Doll","War Paint"],"potions_floor_usage":[],"damage_taken":[{"damage":19.0,"enemies":"Small Slimes","floor":1.0,"turns":5.0},{"damage":2.0,"enemies":"Jaw Worm","floor":3.0,"turns":3.0},{"damage":23.0,"enemies":"Lagavulin","floor":6.0,"turns":7.0},{"damage":22.0,"enemies":"3 Sentries","floor":8.0,"turns":7.0},{"damage":5.0,"enemies":"Lagavulin","floor":13.0,"turns":6.0},{"damage":6.0,"enemies":"The Mushroom Lair","floor":14.0,"turns":4.0},{"damage":0.0,"enemies":"Slime Boss","floor":16.0,"turns":6.0},{"damage":22.0,"enemies":"2 Thieves","floor":18.0,"turns":3.0},{"damage":0.0,"enemies":"Spheric Guardian","floor":20.0,"turns":1.0},{"damage":21.0,"enemies":"Gremlin Leader","floor":25.0,"turns":7.0},{"damage":29.0,"enemies":"Book of Stabbing","floor":29.0,"turns":3.0},{"damage":19.0,"enemies":"Shelled Parasite and Fungi","floor":31.0,"turns":6.0},{"damage":28.0,"enemies":"Champ","floor":33.0,"turns":14.0},{"damage":13.0,"enemies":"3 Darklings","floor":35.0,"turns":4.0},{"damage":0.0,"enemies":"Mind Bloom Boss Battle","floor":36.0,"turns":3.0},{"damage":0.0,"enemies":"3 Shapes","floor":38.0,"turns":2.0},{"damage":25.0,"enemies":"Writhing Mass","floor":39.0,"turns":7.0},{"damage":21.0,"enemies":"Reptomancer","floor":41.0,"turns":5.0},{"damage":19,"enemies":"Spire Growth","floor":42,"turns":2}],"seed_played":"1427146583125836575","potions_obtained":[{"floor":1.0,"key":"Block Potion"},{"floor":8.0,"key":"Weak Potion"},{"floor":13.0,"key":"Weak Potion"},{"floor":18.0,"key":"Poison Potion"},{"floor":31.0,"key":"SpeedPotion"},{"floor":35.0,"key":"LiquidBronze"},{"floor":41.0,"key":"Block Potion"}],"is_trial":false,"path_per_floor":["M","?","M","$","$","E","R","E","T","R","?","R","E","?","R","B",null,"M","?","M","?","?","R","?","E","T","R","$","E","$","M","R","B",null,"M","?","?","M","M","R","E","M"],"character_chosen":"DEFECT","items_purchased":["Melter","FTL"],"campfire_rested":7,"item_purchase_floors":[4,28],"current_hp_per_floor":[52,52,50,50,50,27,48,26,26,47,40,61,56,50,50,50,66,44,44,44,44,44,65,65,44,44,65,65,36,36,17,38,10,56,43,43,43,43,18,39,18,0],"gold":49,"neow_bonus":"TEN_PERCENT_HP_BONUS","is_prod":false,"is_daily":false,"chose_seed":false,"campfire_upgraded":1,"win_rate":0,"timestamp":1562303772,"path_taken":["M","?","M","?","$","E","R","E","T","R","?","R","E","?","R","BOSS","M","?","M","?","?","R","?","E","T","R","$","E","?","M","R","BOSS","M","?","?","M","M","R","E","M"],"build_version":"2019-07-01","purchased_purges":2,"victory":false,"max_hp_per_floor":[78,71,71,71,71,71,71,71,71,71,71,71,71,71,71,71,71,71,71,71,71,71,71,71,71,71,71,71,71,71,71,71,71,71,71,71,71,71,71,71,71,71],"card_choices":[{"not_picked":["Sunder","Stack"],"picked":"Sweeping Beam","floor":1.0},{"not_picked":["Scrape","Rip and Tear"],"picked":"Cold Snap","floor":3.0},{"not_picked":["Conserve Battery","Double Energy"],"picked":"Capacitor","floor":6.0},{"not_picked":["Leap","Barrage"],"picked":"Steam","floor":8.0},{"not_picked":["Cold Snap","Stack"],"picked":"Electrodynamics","floor":13.0},{"not_picked":["Go for the Eyes","Rebound"],"picked":"Beam Cell","floor":14.0},{"not_picked":["Buffer","Machine Learning"],"picked":"Biased Cognition","floor":16.0},{"not_picked":["Barrage","Rebound"],"picked":"White Noise","floor":18.0},{"not_picked":["Rebound","Fusion"],"picked":"Compile Driver","floor":20.0},{"not_picked":["Beam Cell","Force Field"],"picked":"Hologram","floor":25.0},{"not_picked":["Capacitor+1","Darkness"],"picked":"Steam","floor":29.0},{"not_picked":["Redo","Coolheaded"],"picked":"White Noise","floor":31.0},{"not_picked":["Electrodynamics","Biased Cognition"],"picked":"Fission","floor":33.0},{"not_picked":["Tempest","Rebound","Redo"],"picked":"SKIP","floor":35.0},{"not_picked":["Go for the Eyes","Coolheaded"],"picked":"Core Surge","floor":36.0},{"not_picked":["Impatience","Trip"],"picked":"Thinking Ahead","floor":37.0},{"not_picked":["Double Energy","Barrage","Self Repair"],"picked":"SKIP","floor":38.0},{"not_picked":["Barrage+1","Double Energy"],"picked":"Hologram+1","floor":39.0},{"not_picked":["Rebound","Reprogram"],"picked":"BootSequence","floor":41.0}],"player_experience":1106397,"relics_obtained":[{"floor":6.0,"key":"Pen Nib"},{"floor":8.0,"key":"Kunai"},{"floor":9.0,"key":"Art of War"},{"floor":13.0,"key":"Lantern"},{"floor":14.0,"key":"Odd Mushroom"},{"floor":25.0,"key":"MawBank"},{"floor":26.0,"key":"Symbiotic Virus"},{"floor":29.0,"key":"Bag of Preparation"},{"floor":36.0,"key":"Du-Vu Doll"},{"floor":41.0,"key":"War Paint"}],"event_choices":[{"damage_healed":0.0,"max_hp_gain":0.0,"max_hp_loss":7.0,"gold_gain":0.0,"event_name":"Golden Idol","player_choice":"Lose Max HP","floor":2.0,"gold_loss":0.0,"damage_taken":0.0,"relics_obtained":["Golden Idol"]},{"cards_removed":["Strike_B"],"damage_healed":0.0,"max_hp_gain":0.0,"max_hp_loss":0.0,"gold_gain":0.0,"event_name":"Golden Wing","player_choice":"Card Removal","floor":11.0,"gold_loss":0.0,"damage_taken":7.0},{"damage_healed":0.0,"max_hp_gain":0.0,"max_hp_loss":0.0,"gold_gain":0.0,"event_name":"Mushrooms","player_choice":"Fought Mushrooms","floor":14.0,"gold_loss":0.0,"damage_taken":0.0},{"damage_healed":0.0,"max_hp_gain":0.0,"max_hp_loss":0.0,"gold_gain":0.0,"event_name":"The Mausoleum","player_choice":"Ignored","floor":19.0,"gold_loss":0.0,"damage_taken":0.0},{"damage_healed":0.0,"max_hp_gain":0.0,"max_hp_loss":0.0,"gold_gain":0.0,"event_name":"Forgotten Altar","player_choice":"Gave Idol","floor":21.0,"relics_lost":["Golden Idol"],"gold_loss":0.0,"damage_taken":0.0,"relics_obtained":["Bloody Idol"]},{"damage_healed":0.0,"max_hp_gain":0.0,"max_hp_loss":0.0,"gold_gain":0.0,"event_name":"Vampires","player_choice":"Ignored","floor":22.0,"gold_loss":0.0,"damage_taken":0.0},{"damage_healed":0.0,"max_hp_gain":0.0,"max_hp_loss":0.0,"gold_gain":0.0,"event_name":"The Library","player_choice":"Read","floor":24.0,"gold_loss":0.0,"damage_taken":0.0,"cards_obtained":["Coolheaded"]},{"damage_healed":0.0,"max_hp_gain":0.0,"max_hp_loss":0.0,"gold_gain":0.0,"event_name":"MindBloom","player_choice":"Fight","floor":36.0,"gold_loss":0.0,"damage_taken":0.0},{"damage_healed":0.0,"max_hp_gain":0.0,"max_hp_loss":0.0,"gold_gain":0.0,"event_name":"SensoryStone","player_choice":"Memory 1","floor":37.0,"gold_loss":0.0,"damage_taken":0.0}],"is_beta":false,"boss_relics":[{"not_picked":["Lizard Tail","Calling Bell"],"picked":"Ectoplasm"},{"not_picked":["White Beast Statue","Tiny House"],"picked":"Nuclear Battery"}],"items_purged_floors":[4,28],"is_endless":false,"potions_floor_spawned":[1,8,13,18,31,35,41],"killed_by":"Spire Growth","ascension_level":18}