{"gold_per_floor":[115,133,133,133,147,174,188,188,188,188,217,217,251,251],"floor_reached":14,"playtime":817,"items_purged":[],"score":189,"play_id":"e2e63133-dc2d-4825-955b-be63b22500d0","local_time":"20191010173414","is_ascension_mode":true,"campfire_choices":[{"data":"Poisoned Stab","floor":12.0,"key":"SMITH"}],"neow_cost":"NONE","seed_source_timestamp":91368765184100,"circlet_count":0,"master_deck":["AscendersBane","Strike_G","Strike_G","Strike_G+1","Strike_G","Strike_G","Defend_G","Defend_G","Defend_G","Defend_G","Defend_G","Survivor","Neutralize+1","Poisoned Stab+1","Flying Knee+1","Deflect","Slice","Parasite","Quick Slash","Deadly Poison"],"special_seed":0,"relics":["Ring of the Snake","Happy Flower","Ornamental Fan","Gremlin Horn","Mango","Whetstone"],"potions_floor_usage":[13,14],"damage_taken":[{"damage":4.0,"enemies":"Jaw Worm","floor":1.0,"turns":7.0},{"damage":8.0,"enemies":"2 Louse","floor":2.0,"turns":3.0},{"damage":3.0,"enemies":"Small Slimes","floor":5.0,"turns":4.0},{"damage":23.0,"enemies":"Lagavulin","floor":6.0,"turns":8.0},{"damage":0.0,"enemies":"2 Fungi Beasts","floor":7.0,"turns":4.0},{"damage":13.0,"enemies":"3 Sentries","floor":11.0,"turns":10.0},{"damage":33,"enemies":"Gremlin Nob","floor":13,"turns":5},{"damage":9,"enemies":"Exordium Wildlife","floor":14,"turns":1}],"seed_played":"2212659132742281076","potions_obtained":[{"floor":1.0,"key":"LiquidBronze"},{"floor":2.0,"key":"SteroidPotion"},{"floor":7.0,"key":"AttackPotion"},{"floor":13,"key":"Poison Potion"}],"is_trial":false,"path_per_floor":["M","M","?","?","M","E","M","?","T","?","E","R","E","M"],"character_chosen":"THE_SILENT","items_purchased":[],"campfire_rested":0,"item_purchase_floors":[],"current_hp_per_floor":[55,47,21,43,40,17,17,33,33,33,34,34,1,0],"gold":251,"neow_bonus":"UPGRADE_CARD","is_prod":false,"is_daily":false,"chose_seed":false,"campfire_upgraded":1,"win_rate":0,"timestamp":1570721654,"path_taken":["M","M","?","?","M","E","M","?","T","?","E","R","E","?"],"build_version":"2019-10-09","purchased_purges":0,"victory":false,"max_hp_per_floor":[66,66,66,66,66,66,66,66,66,66,80,80,80,80],"card_choices":[{"not_picked":["Distraction","Choke"],"picked":"Poisoned Stab","floor":1.0},{"not_picked":["Eviscerate","Setup"],"picked":"Flying Knee","floor":2.0},{"not_picked":["Blade Dance","Predator","Flechettes"],"picked":"SKIP","floor":5.0},{"not_picked":["Outmaneuver","Sucker Punch"],"picked":"Deflect","floor":6.0},{"not_picked":["Acrobatics","Infinite Blades"],"picked":"Slice","floor":7.0},{"not_picked":["Cloak And Dagger","Phantasmal Killer"],"picked":"Quick Slash","floor":11.0},{"not_picked":["Predator","Bane"],"picked":"Deadly Poison","floor":13}],"player_experience":996340,"relics_obtained":[{"floor":6.0,"key":"Ornamental Fan"},{"floor":9.0,"key":"Gremlin Horn"},{"floor":11.0,"key":"Mango"},{"floor":13,"key":"Whetstone"}],"event_choices":[{"damage_healed":0.0,"max_hp_gain":0.0,"max_hp_loss":0.0,"gold_gain":0.0,"event_name":"Scrap Ooze","player_choice":"Success","floor":3.0,"gold_loss":0.0,"damage_taken":26.0,"relics_obtained":["Happy Flower"]},{"damage_healed":22.0,"max_hp_gain":0.0,"max_hp_loss":0.0,"gold_gain":0.0,"event_name":"Big Fish","player_choice":"Banana","floor":4.0,"gold_loss":0.0,"damage_taken":0.0},{"damage_healed":16.0,"max_hp_gain":0.0,"max_hp_loss":0.0,"gold_gain":0.0,"event_name":"Mushrooms","player_choice":"Healed and dodged fight","floor":8.0,"gold_loss":0.0,"damage_taken":0.0,"cards_obtained":["Parasite"]},{"damage_healed":0.0,"max_hp_gain":0.0,"max_hp_loss":0.0,"gold_gain":0.0,"event_name":"Shining Light","player_choice":"Ignored","floor":10.0,"gold_loss":0.0,"damage_taken":0.0}],"is_beta":true,"boss_relics":[],"items_purged_floors":[],"is_endless":false,"potions_floor_spawned":[1,2,7,13],"killed_by":"Exordium Wildlife","ascension_level":15}