{"gold_per_floor":[16,16,29,44,144,144,157,192,219,219,248,248,262,278,278,378,378,394,309,309,326,13,13,44,44,44,71,71,3,3,19,19,123,123,137,137,153,202,219,219,69,82,82,100,114,126,126,176,176,176,176,176,94,127,127],"floor_reached":55,"playtime":3436,"items_purged":["Bash","Strike_R"],"score":777,"play_id":"a295dd12-51c8-4db5-8849-1c9a56241efd","local_time":"20181127224658","is_ascension_mode":false,"campfire_choices":[{"data":"Uppercut","floor":6.0,"key":"SMITH"},{"data":"Cleave","floor":10.0,"key":"SMITH"},{"data":"Shrug It Off","floor":12.0,"key":"SMITH"},{"data":"Whirlwind","floor":15.0,"key":"SMITH"},{"floor":23.0,"key":"RECALL"},{"data":"Immolate","floor":28.0,"key":"SMITH"},{"data":"Shockwave","floor":30.0,"key":"SMITH"},{"data":"Hemokinesis","floor":32.0,"key":"SMITH"},{"data":"Impervious","floor":40.0,"key":"SMITH"},{"data":"Heavy Blade","floor":47.0,"key":"SMITH"},{"data":"Defend_R","floor":49.0,"key":"SMITH"},{"data":"Defend_R","floor":52.0,"key":"SMITH"}],"neow_cost":"NO_GOLD","seed_source_timestamp":3612445285244075,"circlet_count":0,"master_deck":["Strike_R","Strike_R+1","Strike_R+1","Strike_R+1","Defend_R","Defend_R+1","Defend_R+1","Defend_R+1","Cleave+1","Uppercut+1","Thunderclap","Impervious+1","Shrug It Off+1","Whirlwind+1","Immolate+1","Shockwave+1","Shrug It Off+1","Headbutt","Rupture+1","Hemokinesis+1","Anger","Reaper","Sword Boomerang+1","Ghostly Armor+1","Twin Strike","Iron Wave+1","Heavy Blade+1","Flame Barrier"],"special_seed":0,"relics":["Burning Blood","Whetstone","Bag of Marbles","PreservedInsect","Mark of Pain","Bird Faced Urn","Shuriken","Red Skull","Red Mask","Coffee Dripper","Pen Nib","Anchor","Juzu Bracelet","Bag of Preparation"],"potions_floor_usage":[55,55,55],"damage_taken":[{"damage":3.0,"enemies":"2 Louse","floor":1.0,"turns":3.0},{"damage":5.0,"enemies":"Small Slimes","floor":3.0,"turns":3.0},{"damage":1.0,"enemies":"Cultist","floor":4.0,"turns":3.0},{"damage":6.0,"enemies":"Exordium Thugs","floor":7.0,"turns":4.0},{"damage":20.0,"enemies":"Gremlin Nob","floor":8.0,"turns":4.0},{"damage":21.0,"enemies":"Lagavulin","floor":11.0,"turns":5.0},{"damage":0.0,"enemies":"2 Fungi Beasts","floor":13.0,"turns":2.0},{"damage":0.0,"enemies":"Red Slaver","floor":14.0,"turns":3.0},{"damage":56.0,"enemies":"Hexaghost","floor":16.0,"turns":9.0},{"damage":8.0,"enemies":"Shell Parasite","floor":18.0,"turns":4.0},{"damage":11.0,"enemies":"2 Thieves","floor":21.0,"turns":3.0},{"damage":0.0,"enemies":"Slavers","floor":24.0,"turns":1.0},{"damage":0.0,"enemies":"Masked Bandits","floor":27.0,"turns":1.0},{"damage":6.0,"enemies":"Cultist and Chosen","floor":31.0,"turns":4.0},{"damage":23.0,"enemies":"Automaton","floor":33.0,"turns":8.0},{"damage":7.0,"enemies":"3 Darklings","floor":35.0,"turns":2.0},{"damage":3.0,"enemies":"Orb Walker","floor":37.0,"turns":3.0},{"damage":13.0,"enemies":"Maw","floor":39.0,"turns":6.0},{"damage":7.0,"enemies":"3 Darklings","floor":42.0,"turns":3.0},{"damage":4.0,"enemies":"Spire Growth","floor":44.0,"turns":4.0},{"damage":15.0,"enemies":"Transient","floor":45.0,"turns":5.0},{"damage":7.0,"enemies":"4 Shapes","floor":46.0,"turns":4.0},{"damage":66.0,"enemies":"Donu and Deca","floor":50.0,"turns":8.0},{"damage":27.0,"enemies":"Shield and Spear","floor":54.0,"turns":6.0},{"damage":109,"enemies":"The Heart","floor":55,"turns":8}],"seed_played":"2739733002677923980","potions_obtained":[{"floor":3.0,"key":"Ancient Potion"},{"floor":4.0,"key":"Block Potion"},{"floor":7.0,"key":"Ancient Potion"},{"floor":11.0,"key":"Explosive Potion"},{"floor":27.0,"key":"PowerPotion"},{"floor":42.0,"key":"SteroidPotion"}],"is_trial":false,"path_per_floor":["M","?","M","M","?","R","M","E","T","R","E","R","M","M","R","B",null,"M","?","?","M","$","R","E","?","T","?","R","$","R","M","R","B",null,"M","?","M","T","M","R","$","M","T","M","M","M","R","T","R","B",null,"R","$","E","B"],"character_chosen":"IRONCLAD","items_purchased":["Shuriken","Hemokinesis","Twin Strike","Flame Barrier"],"campfire_rested":0,"item_purchase_floors":[22,29,41,53],"current_hp_per_floor":[96,77,78,83,83,83,83,69,69,69,54,54,60,66,66,16,96,94,94,94,89,89,89,95,76,76,82,82,82,82,84,84,69,101,101,101,101,101,94,94,94,95,95,99,92,100,100,100,100,41,101,101,101,82,0],"gold":127,"neow_bonus":"TWENTY_PERCENT_HP_BONUS","is_prod":false,"is_daily":false,"chose_seed":false,"campfire_upgraded":11,"win_rate":0,"timestamp":1543376818,"path_taken":["M","?","M","M","?","R","?","E","T","R","E","R","M","M","R","BOSS","M","?","?","?","?","R","E","?","T","?","R","?","R","M","R","BOSS","M","?","?","?","?","R","$","M","T","M","M","M","R","?","R","BOSS","R","$","E","BOSS"],"build_version":"2018-11-15","purchased_purges":2,"victory":false,"max_hp_per_floor":[96,96,96,96,96,96,96,96,96,96,96,96,96,96,96,96,96,96,96,96,96,96,96,96,101,101,101,101,101,101,101,101,101,101,101,101,101,101,101,101,101,101,101,101,101,101,101,101,101,101,101,101,101,101,101],"card_choices":[{"not_picked":["Thunderclap","Second Wind"],"picked":"Cleave","floor":1.0},{"not_picked":["Warcry","Armaments"],"picked":"Uppercut","floor":3.0},{"not_picked":["Body Slam","Clothesline","Clash"],"picked":"SKIP","floor":4.0},{"not_picked":["Whirlwind","Power Through"],"picked":"Thunderclap","floor":7.0},{"not_picked":["Searing Blow","Clothesline","Impervious"],"picked":"SKIP","floor":8.0},{"not_picked":["Searing Blow","Clothesline"],"picked":"Impervious","floor":8.0},{"not_picked":["Dual Wield","Second Wind"],"picked":"Shrug It Off","floor":11.0},{"not_picked":["Sword Boomerang","Disarm"],"picked":"Whirlwind","floor":13.0},{"not_picked":["Havoc","Heavy Blade","Pommel Strike"],"picked":"SKIP","floor":14.0},{"not_picked":["Double Tap","Fiend Fire"],"picked":"Immolate","floor":16.0},{"not_picked":["Clothesline","Thunderclap"],"picked":"Shockwave","floor":18.0},{"not_picked":["Carnage","Armaments"],"picked":"Headbutt","floor":21.0},{"not_picked":["Disarm","Shrug It Off+1"],"picked":"Rupture+1","floor":24.0},{"not_picked":["True Grit","Combust"],"picked":"Anger","floor":31.0},{"not_picked":["Bludgeon","Barricade"],"picked":"Reaper","floor":33.0},{"not_picked":["Corruption","Armaments+1"],"picked":"Sword Boomerang+1","floor":35.0},{"not_picked":["Wild Strike+1","Anger"],"picked":"Ghostly Armor+1","floor":37.0},{"not_picked":["Perfected Strike","Sentinel","Havoc"],"picked":"SKIP","floor":39.0},{"not_picked":["Pummel","Burning Pact+1"],"picked":"Iron Wave+1","floor":42.0},{"not_picked":["Armaments+1","Cleave+1"],"picked":"Heavy Blade","floor":44.0},{"not_picked":["Wild Strike+1","Clothesline+1","Body Slam"],"picked":"SKIP","floor":45.0},{"not_picked":["Power Through+1","Wild Strike+1","Armaments+1"],"picked":"SKIP","floor":46.0},{"not_picked":["Armaments","Feed","Clash"],"picked":"SKIP","floor":54.0}],"player_experience":584246,"relics_obtained":[{"floor":8.0,"key":"Whetstone"},{"floor":9.0,"key":"Bag of Marbles"},{"floor":11.0,"key":"PreservedInsect"},{"floor":24.0,"key":"Red Skull"},{"floor":27.0,"key":"Red Mask"},{"floor":38.0,"key":"Pen Nib"},{"floor":43.0,"key":"Anchor"},{"floor":48.0,"key":"Juzu Bracelet"},{"floor":54.0,"key":"Bag of Preparation"}],"event_choices":[{"damage_healed":0.0,"max_hp_gain":0.0,"max_hp_loss":0.0,"gold_gain":0.0,"event_name":"Shining Light","player_choice":"Entered Light","floor":2.0,"gold_loss":0.0,"damage_taken":19.0,"cards_upgraded":["Defend_R","Strike_R"]},{"damage_healed":0.0,"max_hp_gain":0.0,"max_hp_loss":0.0,"gold_gain":100.0,"event_name":"Wheel of Change","player_choice":"Gold","floor":5.0,"gold_loss":0.0,"damage_taken":0.0},{"damage_healed":0.0,"max_hp_gain":0.0,"max_hp_loss":0.0,"gold_gain":0.0,"event_name":"Addict","player_choice":"Obtained Relic","floor":19.0,"gold_loss":85.0,"damage_taken":0.0,"relics_obtained":["Bird Faced Urn"]},{"damage_healed":0.0,"max_hp_gain":0.0,"max_hp_loss":0.0,"gold_gain":0.0,"event_name":"Duplicator","player_choice":"Copied","floor":20.0,"gold_loss":0.0,"damage_taken":0.0,"cards_obtained":["Shrug It Off"]},{"damage_healed":0.0,"max_hp_gain":5.0,"max_hp_loss":0.0,"gold_gain":0.0,"event_name":"Forgotten Altar","player_choice":"Shed Blood","floor":25.0,"gold_loss":0.0,"damage_taken":24.0},{"damage_healed":0.0,"max_hp_gain":0.0,"max_hp_loss":0.0,"gold_gain":0.0,"event_name":"Masked Bandits","player_choice":"Fought Bandits","floor":27.0,"gold_loss":0.0,"damage_taken":0.0},{"damage_healed":0.0,"max_hp_gain":0.0,"max_hp_loss":0.0,"gold_gain":0.0,"event_name":"NoteForYourself","player_choice":"Ignored","floor":36.0,"gold_loss":0.0,"damage_taken":0.0}],"is_beta":false,"boss_relics":[{"not_picked":["Empty Cage","Black Blood"],"picked":"Mark of Pain"},{"not_picked":["Runic Pyramid","Tiny House"],"picked":"Coffee Dripper"}],"items_purged_floors":[22,41],"is_endless":false,"potions_floor_spawned":[3,4,7,11,13,21,27,42,44,46,54],"killed_by":"The Heart","ascension_level":0}