{"gold_per_floor":[112,130,21,96,113,113,146,170,170,170,180,206,219,219,219,316,316,328,328,318,7,24,24,49,49,73,73,73,73],"floor_reached":29,"playtime":2066,"items_purged":["Strike_G","Strike_G"],"score":289,"play_id":"decac072-172e-436b-a7dc-7aff84838feb","local_time":"20191014214448","is_ascension_mode":true,"campfire_choices":[{"data":"Neutralize","floor":6,"key":"SMITH"},{"data":"Skewer","floor":10,"key":"SMITH"},{"floor":15,"key":"REST"},{"data":"Chrysalis","floor":23,"key":"SMITH"},{"floor":25,"key":"REST"},{"floor":28,"key":"REST"}],"neow_cost":"NONE","seed_source_timestamp":421305147567600,"circlet_count":0,"master_deck":["Strike_G","Strike_G","Strike_G","Defend_G","Defend_G","Defend_G","Defend_G","Defend_G","Survivor","Neutralize+1","Impatience","Dodge and Roll","Skewer+1","Escape Plan","Malaise","Leg Sweep","Flechettes","Calculated Gamble","Dodge and Roll","Corpse Explosion","Cloak And Dagger+1","Noxious Fumes+1","Dagger Throw+1","Chrysalis+1","Footwork","Catalyst","Envenom"],"relics":["Ring of the Snake","Snake Skull","Art of War","Pantograph","Prayer Wheel","Sozu","Mango","StoneCalendar","PreservedInsect"],"potions_floor_usage":[7,7,12],"damage_taken":[{"damage":0,"enemies":"Cultist","floor":1,"turns":4},{"damage":3,"enemies":"2 Louse","floor":2,"turns":3},{"damage":3,"enemies":"Jaw Worm","floor":5,"turns":4},{"damage":22,"enemies":"3 Sentries","floor":7,"turns":18},{"damage":0,"enemies":"Blue Slaver","floor":11,"turns":5},{"damage":10,"enemies":"Gremlin Nob","floor":12,"turns":4},{"damage":2,"enemies":"Red Slaver","floor":13,"turns":4},{"damage":42,"enemies":"The Guardian","floor":16,"turns":20},{"damage":23,"enemies":"Chosen","floor":18,"turns":8},{"damage":8,"enemies":"2 Thieves","floor":20,"turns":4},{"damage":17,"enemies":"Centurion and Healer","floor":22,"turns":6},{"damage":34,"enemies":"Book of Stabbing","floor":24,"turns":4},{"damage":18,"enemies":"Colosseum Slavers","floor":27,"turns":4},{"damage":20,"enemies":"Slavers","floor":29,"turns":3}],"seed_played":"6617141696509622576","potions_obtained":[{"floor":2,"key":"AttackPotion"},{"floor":5,"key":"Dexterity Potion"},{"floor":7,"key":"Strength Potion"},{"floor":11,"key":"Poison Potion"}],"is_trial":false,"path_per_floor":["M","M","$","?","M","R","E","T","T","R","M","E","M","?","R","B",null,"M","T","M","$","M","R","E","R","T","?","R","E"],"character_chosen":"THE_SILENT","items_purchased":["Skewer","Chrysalis","Footwork"],"campfire_rested":3,"item_purchase_floors":[3,21,21],"current_hp_per_floor":[70,67,67,60,57,57,35,35,35,35,35,25,23,23,44,27,70,47,61,53,53,36,36,2,27,27,9,34,14],"gold":73,"neow_bonus":"RANDOM_COLORLESS","is_prod":false,"is_daily":false,"chose_seed":false,"campfire_upgraded":3,"win_rate":0,"timestamp":1571103888,"path_taken":["M","?","$","?","?","R","E","?","T","R","M","E","M","?","R","BOSS","M","?","M","$","M","R","E","R","T","?","R","E"],"build_version":"2019-07-17","purchased_purges":2,"victory":false,"max_hp_per_floor":[70,70,70,70,70,70,70,70,70,70,70,70,70,70,70,70,70,70,84,84,84,84,84,84,84,84,84,84,84],"card_choices":[{"not_picked":["Expertise","Dash"],"picked":"Dodge and Roll","floor":1},{"not_picked":["Bane","Deadly Poison","Dodge and Roll"],"picked":"SKIP","floor":2},{"not_picked":["Bouncing Flask","Acrobatics"],"picked":"Escape Plan","floor":5},{"not_picked":["Bane","Reflex"],"picked":"Malaise","floor":7},{"not_picked":["All Out Attack","Outmaneuver"],"picked":"Leg Sweep","floor":11},{"not_picked":["Blade Dance","PiercingWail"],"picked":"Flechettes","floor":12},{"not_picked":["Flying Knee","Accuracy"],"picked":"Calculated Gamble","floor":13},{"not_picked":["Setup","All Out Attack","Dodge and Roll"],"picked":"SKIP","floor":13},{"not_picked":["Storm of Steel","Venomology"],"picked":"Corpse Explosion","floor":16},{"not_picked":["Deadly Poison+1","Finisher"],"picked":"Cloak And Dagger+1","floor":18},{"not_picked":["Choke","Reflex+1","Bane+1"],"picked":"SKIP","floor":18},{"not_picked":["Dodge and Roll","Choke"],"picked":"Noxious Fumes+1","floor":20},{"not_picked":["Escape Plan","Deadly Poison"],"picked":"Dagger Throw+1","floor":20},{"not_picked":["Reflex","Expertise"],"picked":"Catalyst","floor":22},{"not_picked":["Dagger Throw+1","Deadly Poison","Poisoned Stab+1"],"picked":"SKIP","floor":22},{"not_picked":["Leg Sweep","Bane"],"picked":"Envenom","floor":24}],"player_experience":380048,"relics_obtained":[{"floor":7,"key":"Snake Skull"},{"floor":8,"key":"Art of War"},{"floor":9,"key":"Pantograph"},{"floor":12,"key":"Prayer Wheel"},{"floor":19,"key":"Mango"},{"floor":24,"key":"StoneCalendar"},{"floor":26,"key":"PreservedInsect"}],"event_choices":[{"damage_healed":0,"gold_gain":75,"player_choice":"Touch","damage_taken":7,"max_hp_gain":0,"max_hp_loss":0,"event_name":"FaceTrader","floor":4,"gold_loss":0},{"damage_healed":0,"gold_gain":0,"player_choice":"1 cards matched","damage_taken":0,"max_hp_gain":0,"max_hp_loss":0,"event_name":"Match and Keep!","floor":14,"gold_loss":0,"cards_obtained":["Dodge and Roll"]},{"damage_healed":0,"gold_gain":0,"player_choice":"Fight","damage_taken":0,"max_hp_gain":0,"max_hp_loss":0,"event_name":"Colosseum","floor":27,"gold_loss":0},{"damage_healed":0,"gold_gain":0,"player_choice":"Fled From Nobs","damage_taken":0,"max_hp_gain":0,"max_hp_loss":0,"event_name":"Colosseum","floor":27,"gold_loss":0}],"is_beta":false,"boss_relics":[{"not_picked":["Busted Crown","Empty Cage"],"picked":"Sozu"}],"items_purged_floors":[3,21],"is_endless":false,"potions_floor_spawned":[2,5,7,11,18,27],"killed_by":"Slavers","ascension_level":3}