{"gold_per_floor":[113,113,131,151,9,36,55,55,55,55,66,95,105,125,125,226,226,238,253,253,153,169,169,189,214,214,230,230,230,230,246,246,342,342,359,202,202,215,17,17,44,44,44,44,60,78,95,111,111,111,111,111,60,86,86],"floor_reached":56,"playtime":4018,"items_purged":["Strike_G","Strike_G","Strike_G"],"score":1138,"play_id":"ecbbd088-cd09-43cb-be24-1687a17132cb","local_time":"20190917220137","is_ascension_mode":false,"campfire_choices":[{"data":"Noxious Fumes","floor":15,"key":"SMITH"},{"data":"Neutralize","floor":23,"key":"SMITH"},{"data":"Footwork","floor":28,"key":"SMITH"},{"data":"Bouncing Flask","floor":30,"key":"SMITH"},{"data":"Blur","floor":32,"key":"SMITH"},{"data":"Malaise","floor":40,"key":"SMITH"},{"floor":42,"key":"REST"},{"floor":44,"key":"RECALL"},{"floor":49,"key":"REST"},{"data":"Noxious Fumes","floor":52,"key":"SMITH"}],"neow_cost":"NONE","seed_source_timestamp":326965039335406,"circlet_count":0,"master_deck":["Defend_G","Defend_G","Defend_G","Defend_G","Defend_G","Survivor","Neutralize+1","Dagger Throw","Underhanded Strike","Dash+1","Dash+1","Noxious Fumes+1","Backflip","Bouncing Flask+1","Deflect","Deflect","Cloak And Dagger","After Image","Backflip","Dodge and Roll+1","Footwork+1","Blur+1","Writhe","Prepared+1","Malaise+1","Master of Strategy","Noxious Fumes+1","Footwork","Well Laid Plans+1","Caltrops+1","Terror+1"],"relics":["Ring of the Serpent","Pen Nib","Blue Candle","Ninja Scroll","Art of War","Lantern","Bag of Marbles","Black Star","Vajra","Ginger","Whetstone","Bottled Tornado","Strawberry","Bottled Lightning"],"potions_floor_usage":[25,25,33,33,47,48,55,55,55],"damage_taken":[{"damage":0,"enemies":"Small Slimes","floor":1,"turns":4},{"damage":0,"enemies":"Cultist","floor":3,"turns":3},{"damage":0,"enemies":"Jaw Worm","floor":4,"turns":2},{"damage":13,"enemies":"Lagavulin","floor":6,"turns":7},{"damage":0,"enemies":"Looter","floor":7,"turns":3},{"damage":0,"enemies":"Gremlin Gang","floor":11,"turns":5},{"damage":9,"enemies":"3 Sentries","floor":12,"turns":7},{"damage":0,"enemies":"Blue Slaver","floor":13,"turns":3},{"damage":0,"enemies":"3 Louse","floor":14,"turns":3},{"damage":1,"enemies":"The Guardian","floor":16,"turns":9},{"damage":1,"enemies":"Spheric Guardian","floor":18,"turns":7},{"damage":0,"enemies":"Chosen","floor":19,"turns":5},{"damage":7,"enemies":"Sentry and Sphere","floor":22,"turns":5},{"damage":17,"enemies":"3 Cultists","floor":24,"turns":8},{"damage":6,"enemies":"Book of Stabbing","floor":25,"turns":6},{"damage":4,"enemies":"Cultist and Chosen","floor":27,"turns":6},{"damage":8,"enemies":"Snecko","floor":31,"turns":4},{"damage":31,"enemies":"Champ","floor":33,"turns":15},{"damage":0,"enemies":"3 Shapes","floor":35,"turns":7},{"damage":10,"enemies":"3 Darklings","floor":38,"turns":14},{"damage":58,"enemies":"Giant Head","floor":41,"turns":13},{"damage":3,"enemies":"Writhing Mass","floor":45,"turns":7},{"damage":0,"enemies":"Sphere and 2 Shapes","floor":46,"turns":4},{"damage":0,"enemies":"Jaw Worm Horde","floor":47,"turns":6},{"damage":3,"enemies":"Transient","floor":48,"turns":5},{"damage":15,"enemies":"Awakened One","floor":50,"turns":19},{"damage":22,"enemies":"Shield and Spear","floor":54,"turns":8},{"damage":83,"enemies":"The Heart","floor":55,"turns":12}],"seed_played":"-1564226238098270667","potions_obtained":[{"floor":1,"key":"Dexterity Potion"},{"floor":7,"key":"PowerPotion"},{"floor":11,"key":"EssenceOfSteel"},{"floor":16,"key":"Dexterity Potion"},{"floor":27,"key":"Energy Potion"},{"floor":31,"key":"SpeedPotion"},{"floor":33,"key":"FearPotion"},{"floor":46,"key":"SpeedPotion"},{"floor":48,"key":"Regen Potion"},{"floor":54,"key":"Regen Potion"}],"is_trial":false,"path_per_floor":["M","?","M","M","$","E","M","?","T","?","M","E","M","M","R","B",null,"M","M","?","$","M","R","M","E","T","M","R","?","R","M","R","B",null,"M","$","?","M","$","R","E","R","T","R","M","M","M","M","R","B",null,"R","$","E","B",null],"character_chosen":"THE_SILENT","items_purchased":["Noxious Fumes","Vajra","Noxious Fumes","Energy Potion"],"campfire_rested":2,"item_purchase_floors":[5,36,39,53],"current_hp_per_floor":[77,77,77,77,77,64,64,52,52,52,52,43,43,43,43,42,77,76,76,76,76,69,69,52,46,46,42,42,42,42,34,34,3,77,77,77,77,67,67,67,9,32,32,32,29,29,29,26,49,34,77,77,77,62,34],"gold":86,"neow_bonus":"TEN_PERCENT_HP_BONUS","is_prod":false,"is_daily":false,"chose_seed":false,"campfire_upgraded":7,"win_rate":0,"timestamp":1568772097,"path_taken":["M","?","?","M","$","E","M","?","T","?","M","E","M","?","R","BOSS","M","M","?","$","?","R","M","E","T","M","R","?","R","M","R","BOSS","M","$","?","M","?","R","E","R","T","R","?","M","M","M","R","BOSS","R","$","E","BOSS"],"build_version":"2019-07-17","purchased_purges":3,"victory":true,"max_hp_per_floor":[77,77,77,77,77,77,77,77,77,77,77,77,77,77,77,77,77,77,77,77,77,77,77,77,77,77,77,77,77,77,77,77,77,77,77,77,77,77,77,77,77,77,77,77,77,77,77,77,77,77,77,77,77,84,84],"card_choices":[{"not_picked":["Distraction","Sucker Punch"],"picked":"Dagger Throw","floor":1},{"not_picked":["Eviscerate","Dodge and Roll"],"picked":"Dash","floor":3},{"not_picked":["Bane","Poisoned Stab"],"picked":"Dash","floor":4},{"not_picked":["Storm of Steel","Bane"],"picked":"Backflip","floor":6},{"not_picked":["Backflip","Dagger Spray"],"picked":"Bouncing Flask","floor":7},{"not_picked":["Acrobatics","Sucker Punch"],"picked":"Deflect","floor":11},{"not_picked":["All Out Attack","Poisoned Stab"],"picked":"Deflect","floor":12},{"not_picked":["Terror","Dagger Throw"],"picked":"Cloak And Dagger","floor":13},{"not_picked":["Night Terror","Flying Knee","Acrobatics"],"picked":"SKIP","floor":14},{"not_picked":["Envenom","Venomology"],"picked":"After Image","floor":16},{"not_picked":["Accuracy","Slice","Predator"],"picked":"SKIP","floor":18},{"not_picked":["Accuracy","Slice","Predator"],"picked":"SKIP","floor":18},{"not_picked":["Quick Slash+1","Skewer"],"picked":"Backflip","floor":19},{"not_picked":["Acrobatics","Dagger Throw"],"picked":"Dodge and Roll+1","floor":22},{"not_picked":["Leg Sweep+1","Prepared+1"],"picked":"Footwork","floor":24},{"not_picked":["Dagger Spray","Cloak And Dagger","Prepared"],"picked":"SKIP","floor":25},{"not_picked":["Flechettes+1","PiercingWail+1"],"picked":"Blur","floor":27},{"not_picked":["Endless Agony+1","Dagger Spray"],"picked":"Prepared+1","floor":31},{"not_picked":["Die Die Die","A Thousand Cuts"],"picked":"Malaise","floor":33},{"not_picked":["Backstab","Cloak And Dagger","Bane+1"],"picked":"SKIP","floor":35},{"not_picked":["Bandage Up","Metamorphosis"],"picked":"Master of Strategy","floor":37},{"not_picked":["Backflip+1","Outmaneuver","Endless Agony+1"],"picked":"SKIP","floor":38},{"not_picked":["PiercingWail","Tactician+1"],"picked":"Footwork","floor":41},{"not_picked":["Poisoned Stab+1","Dagger Throw+1","Setup+1"],"picked":"SKIP","floor":45},{"not_picked":["Escape Plan","Sucker Punch+1"],"picked":"Well Laid Plans+1","floor":46},{"not_picked":["Dagger Spray","Poisoned Stab+1"],"picked":"Caltrops+1","floor":47},{"not_picked":["Concentrate+1","Outmaneuver"],"picked":"Terror+1","floor":48},{"not_picked":["Deadly Poison","Predator+1","Setup"],"picked":"SKIP","floor":54}],"player_experience":1284802,"relics_obtained":[{"floor":6,"key":"Pen Nib"},{"floor":9,"key":"Ninja Scroll"},{"floor":12,"key":"Art of War"},{"floor":25,"key":"Lantern"},{"floor":41,"key":"Ginger"},{"floor":41,"key":"Whetstone"},{"floor":43,"key":"Bottled Tornado"},{"floor":54,"key":"Strawberry"},{"floor":54,"key":"Bottled Lightning"}],"event_choices":[{"damage_healed":0,"gold_gain":0,"cards_transformed":["Strike_G"],"player_choice":"Transformed","damage_taken":0,"max_hp_gain":0,"max_hp_loss":0,"event_name":"Transmorgrifier","floor":2,"gold_loss":0,"cards_obtained":["Underhanded Strike"]},{"damage_healed":0,"gold_gain":0,"player_choice":"Success","damage_taken":12,"relics_obtained":["Blue Candle"],"max_hp_gain":0,"max_hp_loss":0,"event_name":"Scrap Ooze","floor":8,"gold_loss":0},{"cards_removed":["Strike_G"],"damage_healed":0,"gold_gain":0,"player_choice":"Card Removal","damage_taken":0,"max_hp_gain":0,"max_hp_loss":0,"event_name":"Wheel of Change","floor":10,"gold_loss":0},{"damage_healed":0,"gold_gain":0,"player_choice":"Ignored","damage_taken":0,"max_hp_gain":0,"max_hp_loss":0,"event_name":"N\u0027loth","floor":20,"gold_loss":0},{"damage_healed":0,"gold_gain":0,"player_choice":"Opened","damage_taken":0,"relics_obtained":["Bag of Marbles"],"max_hp_gain":0,"max_hp_loss":0,"event_name":"The Mausoleum","floor":29,"gold_loss":0,"cards_obtained":["Writhe"]},{"damage_healed":0,"gold_gain":0,"player_choice":"Memory 1","damage_taken":0,"max_hp_gain":0,"max_hp_loss":0,"event_name":"SensoryStone","floor":37,"gold_loss":0}],"is_beta":false,"boss_relics":[{"not_picked":["Busted Crown","Eternal Feather"],"picked":"Ring of the Serpent"},{"not_picked":["Coffee Dripper","Empty Cage"],"picked":"Black Star"}],"items_purged_floors":[5,21,39],"is_endless":false,"potions_floor_spawned":[1,7,11,16,22,27,31,33,46,48,54],"ascension_level":0}