{"gold_per_floor":[111,127,147,167,15,15,49,49,96,96,96,108,126,161,161,262,262,279,194,224,240,258,11,36,36,63,78,109,120,480,499,499,597,597,612,278,295,310,329,329,363,375,375,375,409,409,99,99,99,99,99,99,1,29,29],"floor_reached":56,"playtime":4616,"items_purged":["Strike_R"],"score":1334,"play_id":"3cb386ba-fb85-4282-bec3-2d0ed4fe6fbe","local_time":"20190902200456","is_ascension_mode":false,"campfire_choices":[{"data":"Feed","floor":6.0,"key":"SMITH"},{"data":"Bash","floor":8.0,"key":"SMITH"},{"floor":15.0,"key":"REST"},{"data":"True Grit","floor":32.0,"key":"SMITH"},{"data":"Power Through","floor":40.0,"key":"SMITH"},{"floor":49.0,"key":"RECALL"},{"data":"Corruption","floor":52.0,"key":"SMITH"}],"neow_cost":"CURSE","seed_source_timestamp":642940387232749,"circlet_count":0,"master_deck":["Strike_R","Strike_R+1","Strike_R+1","Strike_R","Defend_R+1","Defend_R","Defend_R","Defend_R","Bash+1","Feed+1","Hemokinesis","Spot Weakness","Power Through+1","Bludgeon","Flame Barrier","Flame Barrier","Immolate","Thunderclap+1","True Grit+1","Havoc+1","Spot Weakness","Parasite","Dropkick","Warcry","Shockwave","Limit Break","Second Wind+1","Intimidate+1","Battle Trance+1","Shrug It Off","Bloodletting+1","Corruption+1","Disarm"],"special_seed":0,"relics":["Burning Blood","Bag of Marbles","Ornamental Fan","Regal Pillow","Potion Belt","Cursed Key","Dead Branch","Red Mask","Kunai","Lantern","Omamori","Centennial Puzzle","Lizard Tail","Medical Kit","Bottled Flame","Whetstone","Oddly Smooth Stone","Strawberry"],"potions_floor_usage":[55,55],"damage_taken":[{"damage":5.0,"enemies":"Cultist","floor":1.0,"turns":4.0},{"damage":19.0,"enemies":"Jaw Worm","floor":2.0,"turns":6.0},{"damage":8.0,"enemies":"Small Slimes","floor":3.0,"turns":3.0},{"damage":23.0,"enemies":"Blue Slaver","floor":4.0,"turns":7.0},{"damage":23.0,"enemies":"Lagavulin","floor":7.0,"turns":8.0},{"damage":14.0,"enemies":"Exordium Wildlife","floor":12.0,"turns":4.0},{"damage":8.0,"enemies":"2 Fungi Beasts","floor":13.0,"turns":6.0},{"damage":31.0,"enemies":"3 Sentries","floor":14.0,"turns":7.0},{"damage":58.0,"enemies":"The Guardian","floor":16.0,"turns":15.0},{"damage":1.0,"enemies":"Chosen","floor":18.0,"turns":4.0},{"damage":15.0,"enemies":"Masked Bandits","floor":20.0,"turns":3.0},{"damage":0.0,"enemies":"3 Byrds","floor":21.0,"turns":3.0},{"damage":7.0,"enemies":"Snecko","floor":22.0,"turns":5.0},{"damage":10.0,"enemies":"Gremlin Leader","floor":24.0,"turns":8.0},{"damage":6.0,"enemies":"Centurion and Healer","floor":27.0,"turns":2.0},{"damage":11.0,"enemies":"Book of Stabbing","floor":28.0,"turns":5.0},{"damage":11.0,"enemies":"Snake Plant","floor":29.0,"turns":4.0},{"damage":0.0,"enemies":"Shelled Parasite and Fungi","floor":31.0,"turns":2.0},{"damage":48.0,"enemies":"Automaton","floor":33.0,"turns":8.0},{"damage":5.0,"enemies":"3 Darklings","floor":35.0,"turns":5.0},{"damage":16.0,"enemies":"Orb Walker","floor":37.0,"turns":5.0},{"damage":20.0,"enemies":"4 Shapes","floor":38.0,"turns":12.0},{"damage":33.0,"enemies":"Writhing Mass","floor":39.0,"turns":7.0},{"damage":3.0,"enemies":"Nemesis","floor":41.0,"turns":5.0},{"damage":15.0,"enemies":"Transient","floor":42.0,"turns":3.0},{"damage":29.0,"enemies":"Reptomancer","floor":45.0,"turns":7.0},{"damage":12.0,"enemies":"Time Eater","floor":50.0,"turns":8.0},{"damage":14.0,"enemies":"Shield and Spear","floor":54.0,"turns":4.0},{"damage":88,"enemies":"The Heart","floor":55,"turns":8}],"seed_played":"2170516456001084178","potions_obtained":[{"floor":1.0,"key":"SpeedPotion"},{"floor":4.0,"key":"EssenceOfSteel"},{"floor":7.0,"key":"BloodPotion"},{"floor":13.0,"key":"AttackPotion"},{"floor":18.0,"key":"SpeedPotion"},{"floor":22.0,"key":"Poison Potion"},{"floor":24.0,"key":"GamblersBrew"},{"floor":27.0,"key":"AttackPotion"},{"floor":31.0,"key":"Swift Potion"},{"floor":35.0,"key":"SpeedPotion"},{"floor":38.0,"key":"Strength Potion"},{"floor":39.0,"key":"PowerPotion"},{"floor":41.0,"key":"AttackPotion"}],"is_trial":false,"path_per_floor":["M","M","M","M","$","R","E","R","T","?","?","M","M","E","R","B",null,"M","?","?","M","M","$","E","$","T","M","E","M","?","M","R","B",null,"M","$","M","M","M","R","E","M","T","?","E","?","$","?","R","B",null,"R","$","E","B",null],"character_chosen":"IRONCLAD","items_purchased":["Bag of Marbles","Kunai","Medical Kit","Evolve","Corruption","Oddly Smooth Stone","Disarm","FearPotion","Poison Potion"],"campfire_rested":1,"item_purchase_floors":[5,23,36,36,47,47,47,53,53],"current_hp_per_floor":[83,73,74,60,60,60,43,43,43,25,18,37,39,18,64,16,108,108,108,103,113,116,116,112,112,112,116,111,106,46,52,52,14,128,132,132,126,116,89,89,92,83,83,83,64,64,64,64,64,62,148,148,148,151,69],"gold":29,"neow_bonus":"THREE_RARE_CARDS","is_prod":false,"is_daily":false,"chose_seed":false,"campfire_upgraded":5,"win_rate":0,"timestamp":1567469096,"path_taken":["M","?","M","M","$","R","E","R","T","?","?","M","M","E","R","BOSS","M","?","?","M","M","$","E","?","T","M","E","M","?","?","R","BOSS","M","$","M","M","M","R","E","M","T","?","E","?","$","?","R","BOSS","R","$","E","BOSS"],"build_version":"2019-07-17","purchased_purges":1,"victory":true,"max_hp_per_floor":[83,86,89,92,92,92,92,92,92,92,92,96,100,104,104,108,108,108,108,112,116,120,120,120,120,120,124,124,124,124,124,124,128,128,132,132,136,140,140,140,140,140,140,140,144,144,144,144,144,148,148,148,148,159,159],"card_choices":[{"not_picked":["Exhume","Limit Break"],"picked":"Feed","floor":0.0},{"not_picked":["Pummel","Warcry"],"picked":"Hemokinesis","floor":1.0},{"not_picked":["Perfected Strike","Sentinel","Warcry"],"picked":"SKIP","floor":2.0},{"not_picked":["Armaments","Searing Blow"],"picked":"Spot Weakness","floor":3.0},{"not_picked":["Burning Pact","Iron Wave"],"picked":"Power Through","floor":4.0},{"not_picked":["Cleave","Rupture"],"picked":"Bludgeon","floor":7.0},{"not_picked":["Anger","Inflame"],"picked":"Flame Barrier","floor":12.0},{"not_picked":["Second Wind","Entrench"],"picked":"Flame Barrier","floor":13.0},{"not_picked":["Feel No Pain","Corruption","Body Slam"],"picked":"SKIP","floor":14.0},{"not_picked":["Berserk","Dark Embrace"],"picked":"Immolate","floor":16.0},{"not_picked":["Intimidate","Carnage"],"picked":"Thunderclap","floor":18.0},{"not_picked":["Thunderclap","Perfected Strike"],"picked":"True Grit","floor":20.0},{"not_picked":["Wild Strike+1","Pommel Strike+1"],"picked":"Havoc+1","floor":21.0},{"not_picked":["Combust","Inflame","Headbutt"],"picked":"SKIP","floor":22.0},{"not_picked":["Combust","Inflame","Headbutt"],"picked":"SKIP","floor":22.0},{"not_picked":["Demon Form","Intimidate"],"picked":"Spot Weakness","floor":24.0},{"not_picked":["Body Slam","Headbutt"],"picked":"Dropkick","floor":27.0},{"not_picked":["Sword Boomerang","Immolate"],"picked":"Warcry","floor":28.0},{"not_picked":["Armaments","True Grit"],"picked":"Shockwave","floor":29.0},{"not_picked":["Sentinel","Infernal Blade","Anger+1"],"picked":"SKIP","floor":31.0},{"not_picked":["Dark Embrace","Bludgeon"],"picked":"Limit Break","floor":33.0},{"not_picked":["Havoc","Headbutt"],"picked":"Second Wind+1","floor":35.0},{"not_picked":["Headbutt+1","Seeing Red","Bloodletting"],"picked":"SKIP","floor":37.0},{"not_picked":["Bludgeon","Armaments+1"],"picked":"Intimidate+1","floor":38.0},{"not_picked":["Rampage","Twin Strike+1"],"picked":"Battle Trance+1","floor":39.0},{"not_picked":["Warcry","Perfected Strike"],"picked":"Shrug It Off","floor":41.0},{"not_picked":["Shockwave","Armaments"],"picked":"Bloodletting+1","floor":42.0},{"not_picked":["Thunderclap","Clash","Second Wind+1"],"picked":"SKIP","floor":45.0},{"not_picked":["Headbutt+1","Havoc","Shrug It Off"],"picked":"SKIP","floor":54.0}],"player_experience":1258987,"relics_obtained":[{"floor":7.0,"key":"Ornamental Fan"},{"floor":9.0,"key":"Regal Pillow"},{"floor":14.0,"key":"Potion Belt"},{"floor":20.0,"key":"Red Mask"},{"floor":24.0,"key":"Lantern"},{"floor":26.0,"key":"Omamori"},{"floor":28.0,"key":"Centennial Puzzle"},{"floor":41.0,"key":"Bottled Flame"},{"floor":45.0,"key":"Whetstone"},{"floor":54.0,"key":"Strawberry"}],"event_choices":[{"damage_healed":0.0,"max_hp_gain":0.0,"max_hp_loss":0.0,"gold_gain":0.0,"event_name":"Shining Light","player_choice":"Entered Light","floor":10.0,"gold_loss":0.0,"damage_taken":18.0,"cards_upgraded":["Defend_R","Strike_R"]},{"cards_removed":["Normality"],"damage_healed":0.0,"max_hp_gain":0.0,"max_hp_loss":0.0,"gold_gain":0.0,"event_name":"Golden Wing","player_choice":"Card Removal","floor":11.0,"gold_loss":0.0,"damage_taken":7.0},{"damage_healed":0.0,"max_hp_gain":0.0,"max_hp_loss":0.0,"gold_gain":0.0,"event_name":"Addict","player_choice":"Obtained Relic","floor":19.0,"gold_loss":85.0,"damage_taken":0.0,"relics_obtained":["Dead Branch"]},{"damage_healed":0.0,"max_hp_gain":0.0,"max_hp_loss":0.0,"gold_gain":0.0,"event_name":"Masked Bandits","player_choice":"Fought Bandits","floor":20.0,"gold_loss":0.0,"damage_taken":0.0},{"damage_healed":0.0,"max_hp_gain":0.0,"max_hp_loss":0.0,"gold_gain":360.0,"event_name":"Knowing Skull","player_choice":"GOLD GOLD GOLD GOLD ","floor":30.0,"potions_obtained":[],"gold_loss":0.0,"damage_taken":60.0,"cards_obtained":[]},{"damage_healed":0.0,"max_hp_gain":0.0,"max_hp_loss":0.0,"gold_gain":0.0,"event_name":"SensoryStone","player_choice":"Memory 1","floor":44.0,"gold_loss":0.0,"damage_taken":0.0},{"cards_removed":["Evolve"],"damage_healed":0.0,"max_hp_gain":0.0,"max_hp_loss":0.0,"gold_gain":0.0,"event_name":"Falling","player_choice":"Removed Power","floor":46.0,"gold_loss":0.0,"damage_taken":0.0},{"damage_healed":0.0,"max_hp_gain":0.0,"max_hp_loss":0.0,"gold_gain":0.0,"event_name":"The Moai Head","player_choice":"Ignored","floor":48.0,"gold_loss":0.0,"damage_taken":0.0}],"is_beta":false,"boss_relics":[{"not_picked":["Tiny House","Mark of Pain"],"picked":"Cursed Key"},{"not_picked":["Empty Cage","White Beast Statue"],"picked":"Lizard Tail"}],"items_purged_floors":[36],"is_endless":false,"potions_floor_spawned":[1,4,7,13,18,22,24,27,31,35,38,39,41,54],"ascension_level":0}