{"gold_per_floor":[112,37,47,59,59,97,97,121,145,177,189,201,236,286,298,433,445,481,408,444,456,481,531,3,3,53,53,53,89,108,33,33,154,154,174,174,194,221,96,135,135,173,173,192,231,249,103,134,134,134,134,134,134,172,172],"floor_reached":55,"playtime":3641,"items_purged":["Doubt","Strike_R","Thunderclap"],"score":906,"play_id":"a563673f-11b5-4cb6-b498-cbfc452de9db","local_time":"20190606001054","is_ascension_mode":false,"campfire_choices":[{"data":"Body Slam","floor":7,"key":"SMITH"},{"data":"Bash","floor":11,"key":"SMITH"},{"data":"Rampage","floor":15,"key":"SMITH"},{"data":"Demon Form","floor":25,"key":"SMITH"},{"data":"Power Through","floor":28,"key":"SMITH"},{"data":"Metallicize","floor":32,"key":"SMITH"},{"data":"Metallicize","floor":41,"key":"SMITH"},{"floor":49,"key":"RECALL"},{"data":"Limit Break","floor":52,"key":"SMITH"}],"neow_cost":"CURSE","seed_source_timestamp":1371907585978518,"circlet_count":0,"master_deck":["Bash+1","Power Through+1","Rampage+1","Body Slam+1","Shrug It Off+1","Disarm","Sword Boomerang","Brutality","Demon Form+1","Twin Strike+1","Cleave+1","Whirlwind","Headbutt","Metallicize","Metallicize+1","Reaper","Dropkick","Heavy Blade","Headbutt","Impervious","Whirlwind","Blind+1","Metallicize+1","Limit Break+1","Body Slam+1"],"relics":["Burning Blood","Thread and Needle","Golden Idol","Dream Catcher","Strawberry","MawBank","Self Forming Clay","Sozu","Bag of Marbles","Lantern","Ice Cream","Anchor","Whetstone","Pandora\u0027s Box","War Paint","Mango","Art of War","Letter Opener","Red Skull","Ancient Tea Set","Kunai"],"potions_floor_usage":[6,50,50,50],"damage_taken":[{"damage":2,"enemies":"Jaw Worm","floor":1,"turns":5},{"damage":3,"enemies":"Small Slimes","floor":3,"turns":5},{"damage":0,"enemies":"Cultist","floor":4,"turns":3},{"damage":5,"enemies":"3 Sentries","floor":6,"turns":7},{"damage":8,"enemies":"Blue Slaver","floor":10,"turns":3},{"damage":2,"enemies":"3 Louse","floor":13,"turns":6},{"damage":14,"enemies":"Gremlin Nob","floor":14,"turns":5},{"damage":41,"enemies":"Slime Boss","floor":16,"turns":11},{"damage":6,"enemies":"2 Thieves","floor":18,"turns":5},{"damage":13,"enemies":"Shell Parasite","floor":20,"turns":4},{"damage":7,"enemies":"Snecko","floor":22,"turns":5},{"damage":29,"enemies":"Book of Stabbing","floor":23,"turns":7},{"damage":17,"enemies":"Gremlin Leader","floor":29,"turns":5},{"damage":11,"enemies":"3 Cultists","floor":30,"turns":3},{"damage":31,"enemies":"Automaton","floor":33,"turns":8},{"damage":2,"enemies":"3 Darklings","floor":35,"turns":3},{"damage":3,"enemies":"Orb Walker","floor":37,"turns":3},{"damage":5,"enemies":"Giant Head","floor":40,"turns":8},{"damage":11,"enemies":"Reptomancer","floor":42,"turns":9},{"damage":3,"enemies":"Transient","floor":44,"turns":5},{"damage":6,"enemies":"Giant Head","floor":45,"turns":7},{"damage":7,"enemies":"Writhing Mass","floor":46,"turns":6},{"damage":14,"enemies":"Reptomancer","floor":48,"turns":8},{"damage":23,"enemies":"Donu and Deca","floor":50,"turns":7},{"damage":55,"enemies":"Shield and Spear","floor":54,"turns":8},{"damage":128,"enemies":"The Heart","floor":55,"turns":8}],"seed_played":"-2263397362488873178","potions_obtained":[{"floor":1,"key":"Explosive Potion"},{"floor":4,"key":"SteroidPotion"},{"floor":6,"key":"Dexterity Potion"},{"floor":16,"key":"Dexterity Potion"}],"is_trial":false,"path_per_floor":["M","$","M","M","?","E","R","T","T","M","R","?","M","E","R","B",null,"M","?","M","?","M","E","$","R","T","$","R","E","M","?","R","B",null,"M","?","M","T","$","E","R","E","T","M","E","M","$","E","R","B",null,"R","$","E","B"],"character_chosen":"IRONCLAD","items_purchased":["Ice Cream","Headbutt","Metallicize","Red Skull"],"campfire_rested":0,"item_purchase_floors":[24,24,24,47],"current_hp_per_floor":[80,80,80,80,60,61,61,68,68,66,66,66,70,62,62,27,87,87,87,80,80,79,56,56,56,56,56,56,45,40,40,40,15,87,87,87,87,87,87,101,101,101,101,101,101,101,101,101,101,101,101,101,101,96,0],"gold":172,"neow_bonus":"ONE_RARE_RELIC","is_prod":false,"is_daily":false,"chose_seed":false,"campfire_upgraded":8,"win_rate":0,"timestamp":1559794254,"path_taken":["M","$","M","M","?","E","R","?","T","?","R","?","M","E","R","BOSS","M","?","M","?","M","E","$","R","T","?","R","E","M","?","R","BOSS","M","?","M","?","$","E","R","E","T","M","E","M","?","E","R","BOSS","R","$","E","BOSS"],"build_version":"2019-01-23","purchased_purges":3,"victory":false,"max_hp_per_floor":[80,80,80,80,80,80,80,87,87,87,87,87,87,87,87,87,87,87,87,87,87,87,87,87,87,87,87,87,87,87,87,87,87,87,87,87,87,87,87,101,101,101,101,101,101,101,101,101,101,101,101,101,101,101,101],"card_choices":[{"not_picked":["Warcry","Second Wind"],"picked":"Power Through","floor":1},{"not_picked":["Dual Wield","Sword Boomerang"],"picked":"Rampage","floor":3},{"not_picked":["Thunderclap","Anger"],"picked":"Body Slam","floor":4},{"not_picked":["Body Slam","Clash"],"picked":"Shrug It Off","floor":6},{"not_picked":["Rampage","Carnage"],"picked":"Disarm","floor":10},{"not_picked":["Armaments","Clothesline"],"picked":"Sword Boomerang","floor":13},{"not_picked":["Havoc","Shrug It Off"],"picked":"Brutality","floor":14},{"not_picked":["Berserk","Fiend Fire"],"picked":"Demon Form","floor":16},{"not_picked":["Iron Wave","Fire Breathing"],"picked":"Twin Strike","floor":18},{"not_picked":["Thunderclap","Second Wind"],"picked":"Cleave","floor":20},{"not_picked":["Sentinel+1","Entrench"],"picked":"Whirlwind","floor":22},{"not_picked":["Anger+1","Spot Weakness","Infernal Blade"],"picked":"SKIP","floor":23},{"not_picked":["Thunderclap+1","Blood for Blood","Warcry"],"picked":"SKIP","floor":29},{"not_picked":["Twin Strike+1","Ghostly Armor"],"picked":"Metallicize","floor":30},{"not_picked":["Impervious","Juggernaut"],"picked":"Reaper","floor":33},{"not_picked":["Twin Strike+1","Sword Boomerang+1","Armaments+1"],"picked":"SKIP","floor":35},{"not_picked":["Sadistic Nature","Dramatic Entrance"],"picked":"Blind","floor":36},{"not_picked":["Twin Strike","Shrug It Off","Body Slam"],"picked":"SKIP","floor":37},{"not_picked":["Seeing Red+1","Heavy Blade+1"],"picked":"Metallicize","floor":40},{"not_picked":["Perfected Strike+1","Shrug It Off","Cleave+1"],"picked":"SKIP","floor":42},{"not_picked":["Heavy Blade+1","Clothesline+1"],"picked":"Limit Break","floor":44},{"not_picked":["Iron Wave","Metallicize+1","Spot Weakness"],"picked":"SKIP","floor":45},{"not_picked":["Clash+1","Pommel Strike","Clothesline+1"],"picked":"SKIP","floor":46},{"not_picked":["Rupture","Pommel Strike+1"],"picked":"Body Slam+1","floor":48},{"not_picked":["Infernal Blade","Sword Boomerang+1","Dropkick+1"],"picked":"SKIP","floor":54}],"player_experience":990388,"relics_obtained":[{"floor":6,"key":"Dream Catcher"},{"floor":8,"key":"Strawberry"},{"floor":9,"key":"MawBank"},{"floor":14,"key":"Self Forming Clay"},{"floor":23,"key":"Lantern"},{"floor":26,"key":"Anchor"},{"floor":29,"key":"Whetstone"},{"floor":38,"key":"War Paint"},{"floor":40,"key":"Mango"},{"floor":42,"key":"Art of War"},{"floor":45,"key":"Letter Opener"},{"floor":48,"key":"Ancient Tea Set"},{"floor":54,"key":"Kunai"}],"event_choices":[{"damage_healed":0,"gold_gain":0,"player_choice":"Take Damage","damage_taken":20,"relics_obtained":["Golden Idol"],"max_hp_gain":0,"max_hp_loss":0,"event_name":"Golden Idol","floor":5,"gold_loss":0},{"cards_removed":["Strike_R"],"damage_healed":0,"gold_gain":0,"player_choice":"Forget","damage_taken":0,"max_hp_gain":0,"max_hp_loss":0,"event_name":"Living Wall","floor":12,"gold_loss":0},{"damage_healed":0,"gold_gain":0,"player_choice":"Obtained Relic","damage_taken":0,"relics_obtained":["Bag of Marbles"],"max_hp_gain":0,"max_hp_loss":0,"event_name":"Addict","floor":19,"gold_loss":85},{"damage_healed":0,"gold_gain":0,"player_choice":"Ignored","damage_taken":0,"max_hp_gain":0,"max_hp_loss":0,"event_name":"Vampires","floor":21,"gold_loss":0},{"cards_removed":["Strike_R"],"damage_healed":0,"gold_gain":0,"player_choice":"Gave Gold","damage_taken":0,"max_hp_gain":0,"max_hp_loss":0,"event_name":"Beggar","floor":31,"gold_loss":75},{"damage_healed":0,"gold_gain":0,"player_choice":"Memory 1","damage_taken":0,"max_hp_gain":0,"max_hp_loss":0,"event_name":"SensoryStone","floor":36,"gold_loss":0}],"is_beta":false,"boss_relics":[{"not_picked":["Calling Bell","Cursed Key"],"picked":"Sozu"},{"not_picked":["Empty Cage","White Beast Statue"],"picked":"Pandora\u0027s Box"}],"items_purged_floors":[2,24,39],"is_endless":false,"potions_floor_spawned":[1,4,6,16,18,23,29,33,37,40,42,45,46,54],"killed_by":"The Heart","ascension_level":0}