{"gold_per_floor":[109,124,23,34,34,64,64,64,64,93,93,112,112,130,130,204,204,204,204,204,204,104,104,104,104,104,104,104,104,26,26,26,26,26,26,0,0,0,0,0,0,0,0,0,0,0,0,0,0,0],"floor_reached":51,"playtime":2702,"items_purged":["Strike_R","Strike_R","Strike_R"],"score":1327,"play_id":"5b0635af-4809-49e0-bd6d-ff5728dddee1","local_time":"20190627201622","is_ascension_mode":true,"campfire_choices":[{"floor":8.0,"key":"REST"},{"floor":11.0,"key":"REST"},{"data":"Disarm","floor":13.0,"key":"SMITH"},{"data":"Flex","floor":15.0,"key":"SMITH"},{"floor":28,"key":"REST"},{"floor":32,"key":"REST"},{"floor":41,"key":"REST"},{"floor":46,"key":"REST"},{"floor":49,"key":"REST"}],"neow_cost":"NONE","seed_source_timestamp":644496317697196,"circlet_count":0,"master_deck":["AscendersBane","Defend_R","Defend_R","Defend_R","Defend_R","Bash+1","Flex+1","Shrug It Off","Shrug It Off","Rampage+1","Cleave+1","Disarm+1","Immolate+1","Heavy Blade+1","Brutality","Uppercut+1","Spot Weakness","Headbutt+1","Pommel Strike+1","True Grit","Immolate+1","Evolve","Rage+1","Inflame","Battle Trance+1"],"special_seed":0,"relics":["Burning Blood","Molten Egg 2","Juzu Bracelet","Dodecahedron","Thread and Needle","Ectoplasm","Smiling Mask","Enchiridion","Omamori","Shuriken","Velvet Choker","Red Mask","Whetstone","Toxic Egg 2"],"potions_floor_usage":[21,23,25,31,35,44,50,50],"damage_taken":[{"damage":11.0,"enemies":"Jaw Worm","floor":1.0,"turns":4.0},{"damage":4.0,"enemies":"Small Slimes","floor":2.0,"turns":4.0},{"damage":0.0,"enemies":"2 Louse","floor":4.0,"turns":4.0},{"damage":31.0,"enemies":"Lagavulin","floor":6.0,"turns":6.0},{"damage":29.0,"enemies":"3 Sentries","floor":10.0,"turns":6.0},{"damage":0.0,"enemies":"Blue Slaver","floor":12.0,"turns":4.0},{"damage":0.0,"enemies":"Looter","floor":14.0,"turns":3.0},{"damage":22.0,"enemies":"The Guardian","floor":16.0,"turns":13.0},{"damage":2.0,"enemies":"3 Byrds","floor":18.0,"turns":4.0},{"damage":5,"enemies":"Spheric Guardian","floor":21,"turns":4},{"damage":27,"enemies":"Slavers","floor":23,"turns":3},{"damage":31,"enemies":"Gremlin Leader","floor":25,"turns":5},{"damage":4,"enemies":"Centurion and Healer","floor":27,"turns":5},{"damage":3,"enemies":"Snake Plant","floor":29,"turns":3},{"damage":24,"enemies":"Sentry and Sphere","floor":31,"turns":6},{"damage":47,"enemies":"Collector","floor":33,"turns":7},{"damage":13,"enemies":"3 Darklings","floor":35,"turns":2},{"damage":4,"enemies":"3 Shapes","floor":38,"turns":3},{"damage":20,"enemies":"3 Darklings","floor":39,"turns":3},{"damage":43,"enemies":"Nemesis","floor":40,"turns":7},{"damage":8,"enemies":"Writhing Mass","floor":42,"turns":5},{"damage":10,"enemies":"Spire Growth","floor":44,"turns":3},{"damage":1,"enemies":"3 Darklings","floor":45,"turns":3},{"damage":20,"enemies":"Transient","floor":47,"turns":6},{"damage":36,"enemies":"Donu and Deca","floor":50,"turns":9}],"seed_played":"-4790580191470417415","potions_obtained":[{"floor":4.0,"key":"PowerPotion"},{"floor":6.0,"key":"Block Potion"},{"floor":16.0,"key":"Regen Potion"},{"floor":21,"key":"SteroidPotion"},{"floor":23,"key":"Dexterity Potion"},{"floor":29,"key":"SkillPotion"},{"floor":31,"key":"BloodPotion"},{"floor":40,"key":"SteroidPotion"},{"floor":44,"key":"Energy Potion"},{"floor":47,"key":"EssenceOfSteel"}],"is_trial":false,"path_per_floor":["M","M","$","M","?","E","?","R","T","E","R","M","R","M","R","B",null,"M","?","?","M","$","E","?","E","T","M","R","M","$","M","R","B",null,"M","?","?","M","M","E","R","M","T","M","M","R","M","?","R","B",null],"character_chosen":"IRONCLAD","items_purchased":["Shrug It Off","True Grit"],"campfire_rested":7,"item_purchase_floors":[3,30],"current_hp_per_floor":[63,65,65,71,53,28,28,50,50,27,49,55,55,61,61,45,68,72,72,72,73,73,52,31,20,20,22,44,47,47,29,51,10,59,59,59,59,61,47,10,32,30,30,26,31,53,39,39,60,30],"gold":0,"neow_bonus":"REMOVE_CARD","is_prod":false,"is_daily":false,"chose_seed":false,"campfire_upgraded":2,"win_rate":0,"timestamp":1561680982,"path_taken":["M","M","$","M","?","E","?","R","T","E","R","M","R","M","R","BOSS","M","?","?","M","$","E","?","E","T","M","R","M","?","M","R","BOSS","M","?","?","M","M","E","R","M","T","M","M","R","M","?","R","BOSS"],"build_version":"2019-01-23","purchased_purges":3,"victory":true,"max_hp_per_floor":[75,75,75,75,75,75,75,75,75,75,75,75,75,75,75,75,75,75,75,75,75,75,75,75,75,75,75,75,75,75,75,75,75,75,75,75,75,75,75,75,75,75,75,75,75,75,75,71,71,71],"card_choices":[{"not_picked":["Reckless Charge","Heavy Blade"],"picked":"Flex","floor":1.0},{"not_picked":["Clothesline","Corruption"],"picked":"Shrug It Off","floor":2.0},{"not_picked":["Shockwave","Shrug It Off"],"picked":"Rampage","floor":4.0},{"not_picked":["Clothesline+1","Clash+1"],"picked":"Cleave+1","floor":6.0},{"not_picked":["Sword Boomerang+1","Shockwave"],"picked":"Disarm","floor":10.0},{"not_picked":["Headbutt+1","Searing Blow+1"],"picked":"Immolate+1","floor":12.0},{"not_picked":["Power Through","Combust"],"picked":"Heavy Blade+1","floor":14.0},{"not_picked":["Limit Break","Exhume"],"picked":"Brutality","floor":16.0},{"not_picked":["Body Slam+1","Heavy Blade+1"],"picked":"Uppercut+1","floor":18.0},{"not_picked":["Dual Wield","Armaments"],"picked":"Headbutt+1","floor":21},{"not_picked":["Heavy Blade+1","Headbutt+1","Exhume"],"picked":"SKIP","floor":23},{"not_picked":["Clothesline+1","Headbutt+1","Armaments"],"picked":"SKIP","floor":25},{"not_picked":["Dual Wield","Clothesline+1"],"picked":"Pommel Strike+1","floor":27},{"not_picked":["Headbutt+1","Body Slam+1","Pummel+1"],"picked":"SKIP","floor":29},{"not_picked":["Thunderclap+1","Burning Pact","Twin Strike+1"],"picked":"SKIP","floor":31},{"not_picked":["Thunderclap+1","Burning Pact","Twin Strike+1"],"picked":"SKIP","floor":31},{"not_picked":["Double Tap","Feed+1"],"picked":"Immolate+1","floor":33},{"not_picked":["Feel No Pain","Disarm","Pummel+1"],"picked":"SKIP","floor":35},{"not_picked":["Twin Strike+1","Cleave+1","Bloodletting"],"picked":"SKIP","floor":38},{"not_picked":["Whirlwind+1","Blood for Blood+1"],"picked":"Evolve","floor":39},{"not_picked":["Body Slam+1","Heavy Blade+1"],"picked":"Rage+1","floor":40},{"not_picked":["Wild Strike+1","Intimidate"],"picked":"Inflame","floor":42},{"not_picked":["Armaments+1","Hemokinesis+1"],"picked":"Battle Trance+1","floor":44},{"not_picked":["Battle Trance+1","Sword Boomerang+1","Thunderclap+1"],"picked":"SKIP","floor":45},{"not_picked":["Inflame","Bloodletting+1","Feel No Pain+1"],"picked":"SKIP","floor":47}],"player_experience":1068019,"relics_obtained":[{"floor":6.0,"key":"Juzu Bracelet"},{"floor":9.0,"key":"Dodecahedron"},{"floor":10.0,"key":"Thread and Needle"},{"floor":23,"key":"Smiling Mask"},{"floor":24,"key":"Enchiridion"},{"floor":25,"key":"Omamori"},{"floor":26,"key":"Shuriken"},{"floor":40,"key":"Whetstone"},{"floor":43,"key":"Toxic Egg 2"}],"event_choices":[{"damage_healed":0.0,"max_hp_gain":0.0,"max_hp_loss":0.0,"gold_gain":0.0,"event_name":"Scrap Ooze","player_choice":"Success","floor":5.0,"gold_loss":0.0,"damage_taken":18.0,"relics_obtained":["Molten Egg 2"]},{"cards_removed":["Strike_R"],"damage_healed":0.0,"max_hp_gain":0.0,"max_hp_loss":0.0,"gold_gain":0.0,"event_name":"Living Wall","player_choice":"Forget","floor":7.0,"gold_loss":0.0,"damage_taken":0.0},{"damage_healed":0.0,"max_hp_gain":0.0,"max_hp_loss":0.0,"gold_gain":50.0,"event_name":"Nest","player_choice":"Stole From Cult","floor":19.0,"gold_loss":0.0,"damage_taken":0.0},{"damage_healed":0.0,"max_hp_gain":0.0,"max_hp_loss":0.0,"gold_gain":0.0,"event_name":"The Library","player_choice":"Read","floor":20.0,"gold_loss":0.0,"damage_taken":0.0,"cards_obtained":["Spot Weakness"]},{"damage_healed":0,"gold_gain":0,"player_choice":"Obtained Book","damage_taken":21,"max_hp_gain":0,"max_hp_loss":0,"event_name":"Cursed Tome","floor":24,"gold_loss":0},{"damage_healed":0,"gold_gain":0,"player_choice":"Paid","damage_taken":0,"relics_obtained":["Red Mask"],"max_hp_gain":0,"max_hp_loss":0,"event_name":"Tomb of Lord Red Mask","floor":36,"gold_loss":26},{"damage_healed":0,"gold_gain":0,"player_choice":"Ignored","damage_taken":0,"max_hp_gain":0,"max_hp_loss":0,"event_name":"Mysterious Sphere","floor":37,"gold_loss":0},{"damage_healed":0,"gold_gain":0,"player_choice":"Max HP","damage_taken":0,"max_hp_gain":0,"max_hp_loss":4,"event_name":"Winding Halls","floor":48,"gold_loss":0}],"is_beta":false,"boss_relics":[{"not_picked":["Lizard Tail","Orrery"],"picked":"Ectoplasm"},{"not_picked":["White Beast Statue","Calling Bell"],"picked":"Velvet Choker"}],"items_purged_floors":[3,22,30],"is_endless":false,"potions_floor_spawned":[4,6,16,21,23,29,31,33,40,44,47],"ascension_level":17}