{"gold_per_floor":[113,38,38,38,54,85,96,124,124,124,124,136,136,151,151,252,252,262,277,303,314,314,348,348,348,348,348,377,396,430,450,450,549,549,561,561,574,587,587,587,612,632,658,671,671,671,671,691,691,691,691,691,207,242,242],"floor_reached":56,"playtime":4189,"items_purged":["Dual Wield"],"score":1247,"play_id":"cc8f36eb-e586-408d-a5d1-944b37331b3f","local_time":"20190807211445","is_ascension_mode":false,"campfire_choices":[{"data":"Inflame","floor":10.0,"key":"SMITH"},{"data":"Battle Trance","floor":13.0,"key":"SMITH"},{"data":"Hemokinesis","floor":15.0,"key":"SMITH"},{"data":"Limit Break","floor":24.0,"key":"SMITH"},{"data":"True Grit","floor":27.0,"key":"SMITH"},{"data":"Shrug It Off","floor":32.0,"key":"SMITH"},{"data":"Power Through","floor":40.0,"key":"SMITH"},{"floor":45.0,"key":"RECALL"},{"data":"Barricade","floor":47.0,"key":"SMITH"},{"data":"Shrug It Off","floor":49.0,"key":"SMITH"},{"data":"Brutality","floor":52,"key":"SMITH"}],"neow_cost":"NONE","seed_source_timestamp":0,"circlet_count":0,"master_deck":["Bash+1","Power Through+1","Headbutt","Battle Trance+1","Feed","Seeing Red","Hemokinesis+1","Inflame+1","Seeing Red","Shrug It Off","Dropkick","Limit Break+1","True Grit+1","Flame Barrier+1","Rampage+1","Reaper","True Grit+1","Shrug It Off+1","Spot Weakness","Brutality+1","Corruption","Rampage","Carnage","Combust","Shrug It Off+1","Rupture","Burning Pact+1","Barricade+1","Blind","Thinking Ahead"],"special_seed":0,"relics":["Burning Blood","Smiling Mask","Sundial","Kunai","Philosopher\u0027s Stone","PreservedInsect","Nilry\u0027s Codex","Lantern","Gambling Chip","Omamori","Pandora\u0027s Box","Bag of Marbles","Anchor","Red Skull","Vajra"],"potions_floor_usage":[55,55,55],"damage_taken":[{"damage":2.0,"enemies":"2 Louse","floor":1.0,"turns":4.0},{"damage":0.0,"enemies":"Cultist","floor":5.0,"turns":2.0},{"damage":12.0,"enemies":"Lagavulin","floor":6.0,"turns":8.0},{"damage":1.0,"enemies":"Jaw Worm","floor":7.0,"turns":3.0},{"damage":18.0,"enemies":"Gremlin Nob","floor":8.0,"turns":4.0},{"damage":6.0,"enemies":"Red Slaver","floor":12.0,"turns":3.0},{"damage":3.0,"enemies":"Large Slime","floor":14.0,"turns":5.0},{"damage":27.0,"enemies":"Slime Boss","floor":16.0,"turns":8.0},{"damage":29.0,"enemies":"Shell Parasite","floor":18.0,"turns":5.0},{"damage":0.0,"enemies":"Chosen","floor":19.0,"turns":4.0},{"damage":11.0,"enemies":"Snake Plant","floor":21.0,"turns":4.0},{"damage":11.0,"enemies":"Slavers","floor":23.0,"turns":4.0},{"damage":10.0,"enemies":"Gremlin Leader","floor":28.0,"turns":5.0},{"damage":9.0,"enemies":"Cultist and Chosen","floor":29.0,"turns":6.0},{"damage":21.0,"enemies":"Book of Stabbing","floor":30.0,"turns":4.0},{"damage":10.0,"enemies":"Chosen and Byrds","floor":31.0,"turns":5.0},{"damage":27.0,"enemies":"Champ","floor":33.0,"turns":7.0},{"damage":52.0,"enemies":"3 Darklings","floor":35.0,"turns":5.0},{"damage":3.0,"enemies":"3 Shapes","floor":37.0,"turns":4.0},{"damage":14.0,"enemies":"3 Darklings","floor":38.0,"turns":4.0},{"damage":38.0,"enemies":"Reptomancer","floor":41.0,"turns":6.0},{"damage":5.0,"enemies":"Maw","floor":42.0,"turns":8.0},{"damage":21.0,"enemies":"Sphere and 2 Shapes","floor":44.0,"turns":11.0},{"damage":21.0,"enemies":"Writhing Mass","floor":48.0,"turns":9.0},{"damage":51.0,"enemies":"Donu and Deca","floor":50.0,"turns":7.0},{"damage":74,"enemies":"Shield and Spear","floor":54,"turns":7},{"damage":118,"enemies":"The Heart","floor":55,"turns":10}],"seed_played":"6805784990489047075","potions_obtained":[{"floor":5.0,"key":"Block Potion"},{"floor":6.0,"key":"EssenceOfSteel"},{"floor":7.0,"key":"Explosive Potion"},{"floor":21.0,"key":"SpeedPotion"},{"floor":23.0,"key":"Block Potion"},{"floor":29.0,"key":"FearPotion"},{"floor":33.0,"key":"SpeedPotion"},{"floor":35.0,"key":"SkillPotion"},{"floor":44.0,"key":"SpeedPotion"}],"is_trial":false,"path_per_floor":["M","$","?","?","M","E","M","E","T","R","?","M","R","M","R","B",null,"M","M","T","M","?","E","R","?","T","R","E","M","E","M","R","B",null,"M","?","M","M","?","R","E","M","T","M","R","?","R","M","R","B",null,"R","$","E","B",null],"character_chosen":"IRONCLAD","items_purchased":["Battle Trance","Blind","Red Skull","Thinking Ahead"],"campfire_rested":0,"item_purchase_floors":[2,53,53,53],"current_hp_per_floor":[80,80,73,57,63,60,68,59,59,59,59,62,62,68,68,50,98,78,87,87,82,66,64,64,64,64,64,98,105,103,114,114,119,119,86,86,125,125,125,125,106,110,110,118,118,118,118,130,130,132,133,133,133,107,44],"gold":242,"neow_bonus":"THREE_CARDS","is_prod":false,"is_daily":false,"chose_seed":false,"campfire_upgraded":10,"win_rate":0,"timestamp":1565226885,"path_taken":["M","$","?","?","M","E","M","E","T","R","?","M","R","M","R","BOSS","M","?","?","M","?","E","R","?","T","R","E","M","E","?","R","BOSS","M","?","?","M","?","R","E","M","T","M","R","?","R","M","R","BOSS","R","$","E","BOSS"],"build_version":"2019-07-17","purchased_purges":1,"victory":true,"max_hp_per_floor":[80,80,80,80,80,83,86,89,89,89,89,92,92,95,95,98,98,101,104,104,104,104,107,107,107,107,107,110,113,116,119,119,119,119,122,122,125,125,125,125,128,131,131,134,134,127,127,130,130,133,133,133,133,133,136],"card_choices":[{"not_picked":["Wild Strike","Evolve"],"picked":"Power Through","floor":0.0},{"not_picked":["Flex","Feel No Pain"],"picked":"Headbutt","floor":1.0},{"not_picked":["Headbutt","Thunderclap"],"picked":"Feed","floor":5.0},{"not_picked":["Body Slam","Rupture"],"picked":"Seeing Red","floor":6.0},{"not_picked":["Clothesline","Twin Strike"],"picked":"Hemokinesis","floor":7.0},{"not_picked":["Feel No Pain","Combust"],"picked":"Inflame","floor":8.0},{"not_picked":["Blood for Blood","Clothesline"],"picked":"Shrug It Off","floor":12.0},{"not_picked":["Body Slam","Power Through"],"picked":"Dropkick","floor":14.0},{"not_picked":["Demon Form","Barricade"],"picked":"Limit Break","floor":16.0},{"not_picked":["Anger","Clothesline"],"picked":"True Grit","floor":18.0},{"not_picked":["Headbutt+1","Clothesline"],"picked":"Flame Barrier+1","floor":19.0},{"not_picked":["Havoc","Flex"],"picked":"Rampage+1","floor":21.0},{"not_picked":["Body Slam","Cleave"],"picked":"Reaper","floor":23.0},{"not_picked":["Twin Strike","Headbutt"],"picked":"True Grit+1","floor":28.0},{"not_picked":["Seeing Red+1","Flex","Clash"],"picked":"SKIP","floor":29.0},{"not_picked":["Perfected Strike+1","Body Slam"],"picked":"Shrug It Off","floor":30.0},{"not_picked":["Flex","Iron Wave"],"picked":"Spot Weakness","floor":31.0},{"not_picked":["Berserk","Limit Break"],"picked":"Brutality","floor":33.0},{"not_picked":["Clash","Twin Strike+1","Burning Pact+1"],"picked":"SKIP","floor":35.0},{"not_picked":["Clash","Twin Strike+1"],"picked":"Burning Pact+1","floor":35.0},{"not_picked":["Cleave+1","Body Slam","Spot Weakness+1"],"picked":"SKIP","floor":37.0},{"not_picked":["Havoc+1","Flame Barrier"],"picked":"Barricade","floor":38.0},{"not_picked":["Immolate","Bludgeon","Inflame+1"],"picked":"SKIP","floor":41.0},{"not_picked":["Heavy Blade+1","Rampage+1","Headbutt"],"picked":"SKIP","floor":42.0},{"not_picked":["Warcry+1","Flame Barrier","Shrug It Off"],"picked":"SKIP","floor":44.0},{"not_picked":["Warcry+1","Flame Barrier","Shrug It Off"],"picked":"SKIP","floor":44.0},{"not_picked":["Pommel Strike+1","Iron Wave+1","Flex"],"picked":"SKIP","floor":48.0},{"not_picked":["Clash+1","Headbutt+1","Cleave"],"picked":"SKIP","floor":54}],"player_experience":1219760,"relics_obtained":[{"floor":6.0,"key":"Smiling Mask"},{"floor":8.0,"key":"Sundial"},{"floor":9.0,"key":"Kunai"},{"floor":20.0,"key":"PreservedInsect"},{"floor":22.0,"key":"Nilry\u0027s Codex"},{"floor":23.0,"key":"Lantern"},{"floor":28.0,"key":"Gambling Chip"},{"floor":30.0,"key":"Omamori"},{"floor":41.0,"key":"Bag of Marbles"},{"floor":43.0,"key":"Anchor"},{"floor":54,"key":"Vajra"}],"event_choices":[{"cards_removed":["Strike_R"],"damage_healed":0.0,"max_hp_gain":0.0,"max_hp_loss":0.0,"gold_gain":0.0,"event_name":"Golden Wing","player_choice":"Card Removal","floor":3.0,"gold_loss":0.0,"damage_taken":7.0},{"damage_healed":0.0,"max_hp_gain":0.0,"max_hp_loss":0.0,"gold_gain":0.0,"event_name":"Shining Light","player_choice":"Entered Light","floor":4.0,"gold_loss":0.0,"damage_taken":16.0,"cards_upgraded":["Strike_R","Bash"]},{"damage_healed":0.0,"max_hp_gain":0.0,"max_hp_loss":0.0,"gold_gain":0.0,"cards_transformed":["Strike_R"],"event_name":"Transmorgrifier","player_choice":"Transformed","floor":11.0,"gold_loss":0.0,"damage_taken":0.0,"cards_obtained":["Seeing Red"]},{"damage_healed":0.0,"max_hp_gain":0.0,"max_hp_loss":0.0,"gold_gain":0.0,"event_name":"Cursed Tome","player_choice":"Obtained Book","floor":22.0,"gold_loss":0.0,"damage_taken":16.0},{"damage_healed":0.0,"max_hp_gain":0.0,"max_hp_loss":0.0,"gold_gain":0.0,"event_name":"Ghosts","player_choice":"Ignored","floor":25.0,"gold_loss":0.0,"damage_taken":0.0},{"damage_healed":0.0,"max_hp_gain":0.0,"max_hp_loss":0.0,"gold_gain":0.0,"event_name":"The Woman in Blue","player_choice":"Bought 0 Potions","floor":36.0,"gold_loss":0.0,"damage_taken":0.0},{"damage_healed":0.0,"max_hp_gain":0.0,"max_hp_loss":0.0,"gold_gain":0.0,"event_name":"SensoryStone","player_choice":"Memory 1","floor":39.0,"gold_loss":0.0,"damage_taken":0.0},{"damage_healed":0.0,"max_hp_gain":0.0,"max_hp_loss":7.0,"gold_gain":0.0,"event_name":"Winding Halls","player_choice":"Max HP","floor":46.0,"gold_loss":0.0,"damage_taken":0.0}],"is_beta":false,"boss_relics":[{"not_picked":["Black Blood","Runic Cube"],"picked":"Philosopher\u0027s Stone"},{"not_picked":["Orrery","Tiny House"],"picked":"Pandora\u0027s Box"}],"items_purged_floors":[53],"is_endless":false,"potions_floor_spawned":[5,6,7,21,23,28,29,33,35,41,44,48],"ascension_level":0}