{"gold_per_floor":[109,109,59,69,88,113,113,138,138,157,187,187,199,217,217,313,313,329,348,348,364,374,409,409,434,484,484,169,269,341,367,367,471,471,487,500,500,600,619,646,646,646,646,518,544,125,178,0,0,0],"floor_reached":51,"playtime":3265,"items_purged":["Strike_R","Strike_R"],"score":971,"play_id":"1128f9f8-4e65-48e9-a8fa-cf7574175e65","local_time":"20190906011243","is_ascension_mode":false,"campfire_choices":[{"data":"Bash","floor":7,"key":"SMITH"},{"data":"Inflame","floor":12,"key":"SMITH"},{"data":"Juggernaut","floor":15,"key":"SMITH"},{"floor":24,"key":"REST"},{"floor":32,"key":"REST"},{"floor":41,"key":"REST"},{"floor":49,"key":"REST"}],"neow_cost":"","seed_source_timestamp":540118621158498,"circlet_count":0,"master_deck":["Defend_R+1","Defend_R","Defend_R","Defend_R","Bash+1","Inflame+1","Iron Wave","Juggernaut+1","Sword Boomerang","Reaper","Whirlwind","Armaments+1","Shrug It Off","Barricade","Body Slam","Battle Trance+1","Battle Trance+1","Iron Wave+1","Disarm","Corruption+1","Impervious","Rage+1","Impervious+1","True Grit+1","Shrug It Off+1","Good Instincts","Flash of Steel","Flash of Steel","Double Tap","Clothesline+1"],"relics":["Burning Blood","Matryoshka","Question Card","StoneCalendar","Oddly Smooth Stone","Bottled Flame","Odd Mushroom","Fusion Hammer","Enchiridion","Shuriken","Ornamental Fan","Ancient Tea Set","Juzu Bracelet","Pear","Pantograph","FossilizedHelix","Gremlin Horn","Kunai","Vajra","Astrolabe","Pen Nib","Strawberry","Mummified Hand","Potion Belt","War Paint","Torii","Red Mask"],"potions_floor_usage":[19,25,50,50],"damage_taken":[{"damage":3,"enemies":"Jaw Worm","floor":1,"turns":4},{"damage":1,"enemies":"2 Louse","floor":4,"turns":3},{"damage":2,"enemies":"Small Slimes","floor":5,"turns":4},{"damage":21,"enemies":"Lagavulin","floor":6,"turns":8},{"damage":26,"enemies":"3 Sentries","floor":8,"turns":8},{"damage":16,"enemies":"2 Fungi Beasts","floor":10,"turns":4},{"damage":13,"enemies":"The Mushroom Lair","floor":11,"turns":3},{"damage":3,"enemies":"Exordium Wildlife","floor":13,"turns":4},{"damage":2,"enemies":"Blue Slaver","floor":14,"turns":5},{"damage":44,"enemies":"The Guardian","floor":16,"turns":10},{"damage":12,"enemies":"Shell Parasite","floor":18,"turns":6},{"damage":28,"enemies":"2 Thieves","floor":19,"turns":4},{"damage":10,"enemies":"Snake Plant","floor":21,"turns":4},{"damage":18,"enemies":"3 Cultists","floor":22,"turns":5},{"damage":8,"enemies":"Book of Stabbing","floor":23,"turns":6},{"damage":30,"enemies":"Slavers","floor":25,"turns":5},{"damage":9,"enemies":"Colosseum Slavers","floor":29,"turns":4},{"damage":41,"enemies":"Colosseum Nobs","floor":29,"turns":5},{"damage":7,"enemies":"Gremlin Leader","floor":31,"turns":5},{"damage":0,"enemies":"Champ","floor":33,"turns":8},{"damage":0,"enemies":"3 Darklings","floor":35,"turns":4},{"damage":0,"enemies":"3 Shapes","floor":36,"turns":5},{"damage":0,"enemies":"Maw","floor":39,"turns":7},{"damage":43,"enemies":"Nemesis","floor":40,"turns":7},{"damage":26,"enemies":"Giant Head","floor":45,"turns":7},{"damage":13,"enemies":"2 Orb Walkers","floor":47,"turns":4},{"damage":0,"enemies":"Awakened One","floor":50,"turns":10}],"seed_played":"2939500263647895206","potions_obtained":[{"floor":8,"key":"Energy Potion"},{"floor":11,"key":"EssenceOfSteel"},{"floor":13,"key":"Strength Potion"},{"floor":14,"key":"Block Potion"},{"floor":21,"key":"Dexterity Potion"},{"floor":25,"key":"Ancient Potion"}],"is_trial":false,"path_per_floor":["M","?","?","M","M","E","R","E","T","M","?","R","M","M","R","B",null,"M","M","?","M","M","E","R","E","T","T","$","?","T","E","R","B",null,"M","M","?","?","M","E","R","?","T","?","E","$","?","?","R","B",null],"character_chosen":"IRONCLAD","items_purchased":["Pantograph","War Paint","Double Tap"],"campfire_rested":4,"item_purchase_floors":[28,46,46],"current_hp_per_floor":[80,80,80,80,80,65,65,45,45,48,41,41,58,66,66,28,80,74,62,46,42,42,43,67,55,55,65,65,44,44,43,70,90,90,90,90,80,80,90,63,90,90,97,97,77,77,89,89,97,97],"gold":0,"neow_bonus":"","is_prod":false,"is_daily":false,"chose_seed":false,"campfire_upgraded":3,"win_rate":0.0,"timestamp":1567725163,"path_taken":["M","?","?","M","M","E","R","E","T","M","?","R","M","M","R","BOSS","M","M","?","M","M","E","R","E","T","?","$","?","?","E","R","BOSS","M","M","?","?","M","E","R","?","T","?","E","?","?","?","R","BOSS"],"build_version":"2019-08-26","purchased_purges":2,"victory":true,"max_hp_per_floor":[80,80,80,80,80,80,80,80,80,80,80,80,80,80,80,80,80,80,80,80,80,80,80,80,80,80,90,90,90,90,90,90,90,90,90,90,90,90,90,90,90,90,97,97,97,97,97,97,97,97],"card_choices":[{"not_picked":["Anger","Thunderclap"],"picked":"Inflame","floor":1},{"not_picked":["Perfected Strike","Rage"],"picked":"Iron Wave","floor":4},{"not_picked":["Carnage","True Grit"],"picked":"Juggernaut","floor":5},{"not_picked":["Corruption","Cleave"],"picked":"Sword Boomerang","floor":6},{"not_picked":["Seeing Red","Armaments","Dual Wield"],"picked":"Reaper","floor":8},{"not_picked":["Reckless Charge","Flex","Cleave"],"picked":"Whirlwind","floor":10},{"not_picked":["Second Wind","Reckless Charge","Iron Wave"],"picked":"Armaments","floor":11},{"not_picked":["Headbutt","Flex","Rage"],"picked":"Shrug It Off","floor":13},{"not_picked":["Whirlwind","Reckless Charge","Rupture","Feel No Pain"],"picked":"SKIP","floor":14},{"not_picked":["Bludgeon","Reaper","Brutality"],"picked":"Barricade","floor":16},{"not_picked":["Headbutt+1","Sword Boomerang+1","True Grit"],"picked":"Body Slam","floor":18},{"not_picked":["Flex","Warcry","Feed"],"picked":"Battle Trance+1","floor":19},{"not_picked":["Anger","Body Slam","Intimidate"],"picked":"Battle Trance","floor":21},{"not_picked":["Clash","Second Wind","Perfected Strike+1"],"picked":"Iron Wave+1","floor":22},{"not_picked":["Headbutt","Armaments","Brutality"],"picked":"Disarm","floor":23},{"not_picked":["Body Slam","Carnage","Cleave","Perfected Strike"],"picked":"SKIP","floor":25},{"not_picked":["Body Slam+1","Pommel Strike","Rupture"],"picked":"Corruption+1","floor":29},{"not_picked":["Hemokinesis+1","Corruption","Power Through","True Grit"],"picked":"SKIP","floor":31},{"not_picked":["Brutality","Berserk","Bludgeon"],"picked":"Impervious","floor":33},{"not_picked":["Dropkick","Sword Boomerang+1","Pommel Strike","Anger+1"],"picked":"SKIP","floor":35},{"not_picked":["Entrench+1","Fire Breathing","Body Slam"],"picked":"Shrug It Off+1","floor":36},{"not_picked":["Transmutation","Magnetism","Forethought"],"picked":"Good Instincts","floor":37},{"not_picked":["Dramatic Entrance","Discovery","Purity"],"picked":"Flash of Steel","floor":37},{"not_picked":["Magnetism","Enlightenment","Good Instincts"],"picked":"Flash of Steel","floor":37},{"not_picked":["Sword Boomerang","Pommel Strike","Anger+1","Dropkick"],"picked":"SKIP","floor":39},{"not_picked":["Sword Boomerang+1","Flex+1","Perfected Strike+1","Body Slam"],"picked":"SKIP","floor":40},{"not_picked":["Warcry","Infernal Blade+1","Dropkick+1","Whirlwind"],"picked":"SKIP","floor":45},{"not_picked":["Armaments","Combust+1","Thunderclap+1"],"picked":"Clothesline+1","floor":47}],"player_experience":0,"relics_obtained":[{"floor":6,"key":"Question Card"},{"floor":8,"key":"StoneCalendar"},{"floor":9,"key":"Oddly Smooth Stone"},{"floor":9,"key":"Bottled Flame"},{"floor":11,"key":"Odd Mushroom"},{"floor":20,"key":"Enchiridion"},{"floor":23,"key":"Shuriken"},{"floor":25,"key":"Ornamental Fan"},{"floor":26,"key":"Ancient Tea Set"},{"floor":26,"key":"Juzu Bracelet"},{"floor":27,"key":"Pear"},{"floor":29,"key":"FossilizedHelix"},{"floor":29,"key":"Gremlin Horn"},{"floor":30,"key":"Kunai"},{"floor":31,"key":"Vajra"},{"floor":40,"key":"Pen Nib"},{"floor":43,"key":"Strawberry"},{"floor":45,"key":"Potion Belt"},{"floor":47,"key":"Torii"}],"event_choices":[{"damage_healed":0,"gold_gain":0,"player_choice":"Box","damage_taken":0,"relics_obtained":["Matryoshka"],"max_hp_gain":0,"max_hp_loss":0,"event_name":"Big Fish","floor":2,"gold_loss":0,"cards_obtained":["Regret"]},{"cards_removed":["Regret"],"damage_healed":0,"gold_gain":0,"player_choice":"Card Removal","damage_taken":0,"max_hp_gain":0,"max_hp_loss":0,"event_name":"The Cleric","floor":3,"gold_loss":50},{"damage_healed":0,"gold_gain":0,"player_choice":"Fought Mushrooms","damage_taken":0,"max_hp_gain":0,"max_hp_loss":0,"event_name":"Mushrooms","floor":11,"gold_loss":0},{"damage_healed":0,"gold_gain":0,"player_choice":"Obtained Book","damage_taken":16,"max_hp_gain":0,"max_hp_loss":0,"event_name":"Cursed Tome","floor":20,"gold_loss":0},{"damage_healed":0,"gold_gain":0,"player_choice":"Fight","damage_taken":0,"max_hp_gain":0,"max_hp_loss":0,"event_name":"Colosseum","floor":29,"gold_loss":0},{"damage_healed":0,"gold_gain":0,"player_choice":"Fought Nobs","damage_taken":0,"max_hp_gain":0,"max_hp_loss":0,"event_name":"Colosseum","floor":29,"gold_loss":0},{"damage_healed":0,"gold_gain":0,"player_choice":"Memory 3","damage_taken":10,"max_hp_gain":0,"max_hp_loss":0,"event_name":"SensoryStone","floor":37,"gold_loss":0},{"damage_healed":0,"gold_gain":100,"player_choice":"Pray","damage_taken":0,"max_hp_gain":0,"max_hp_loss":0,"event_name":"Golden Shrine","floor":38,"gold_loss":0},{"damage_healed":0,"gold_gain":0,"player_choice":"Upgraded","damage_taken":0,"max_hp_gain":0,"max_hp_loss":0,"event_name":"Upgrade Shrine","floor":42,"gold_loss":0,"cards_upgraded":["Armaments"]},{"damage_healed":0,"gold_gain":0,"player_choice":"Paid Gold","damage_taken":0,"relics_obtained":["Mummified Hand"],"max_hp_gain":0,"max_hp_loss":0,"event_name":"WeMeetAgain","floor":44,"gold_loss":128},{"damage_healed":0,"gold_gain":0,"player_choice":"Fight","damage_taken":0,"max_hp_gain":0,"max_hp_loss":0,"event_name":"Mysterious Sphere","floor":47,"gold_loss":0},{"damage_healed":0,"gold_gain":0,"player_choice":"Paid","damage_taken":0,"relics_obtained":["Red Mask"],"max_hp_gain":0,"max_hp_loss":0,"event_name":"Tomb of Lord Red Mask","floor":48,"gold_loss":178}],"is_beta":true,"boss_relics":[{"not_picked":["Busted Crown","Black Blood"],"picked":"Fusion Hammer"},{"not_picked":["Runic Pyramid","White Beast Statue"],"picked":"Astrolabe"}],"items_purged_floors":[28,46],"is_endless":false,"potions_floor_spawned":[8,11,13,14,16,21,22,25,31,33,35,36],"ascension_level":0}