{"gold_per_floor":[110,35,53,65,81,116,116,116,116,116,127,127,160,45,45,146,146,159,32,45,59,78,78,78],"floor_reached":24,"playtime":1434,"items_purged":["Strike_B"],"score":218,"play_id":"2d5021d1-7c21-41ad-b148-247819f31170","local_time":"20191014005804","is_ascension_mode":true,"campfire_choices":[{"data":"Zap","floor":7,"key":"SMITH"},{"data":"Dualcast","floor":10,"key":"SMITH"},{"floor":15,"key":"REST"},{"data":"Loop","floor":23,"key":"SMITH"}],"neow_cost":"TEN_PERCENT_HP_LOSS","seed_source_timestamp":292260357667100,"circlet_count":0,"master_deck":["Strike_B","Strike_B","Defend_B","Defend_B","Defend_B","Defend_B","Zap+1","Dualcast+1","Genetic Algorithm","Storm","Heatsinks","Capacitor","Compile Driver","Turbo","Darkness","Loop+1","Thunder Strike","Leap+1","Glacier","Ball Lightning","Barrage","BootSequence"],"relics":["Cracked Core","Bird Faced Urn","Orichalcum","Pear","Strawberry","Letter Opener","Philosopher\u0027s Stone"],"potions_floor_usage":[13,21,24,24],"damage_taken":[{"damage":5,"enemies":"Small Slimes","floor":1,"turns":4},{"damage":6,"enemies":"2 Louse","floor":3,"turns":3},{"damage":4,"enemies":"Cultist","floor":4,"turns":4},{"damage":5,"enemies":"Looter","floor":5,"turns":4},{"damage":37,"enemies":"Gremlin Nob","floor":6,"turns":5},{"damage":4,"enemies":"Blue Slaver","floor":11,"turns":3},{"damage":26,"enemies":"Lagavulin","floor":13,"turns":7},{"damage":43,"enemies":"Hexaghost","floor":16,"turns":10},{"damage":38,"enemies":"Shell Parasite","floor":18,"turns":7},{"damage":10,"enemies":"Spheric Guardian","floor":20,"turns":4},{"damage":15,"enemies":"3 Cultists","floor":21,"turns":6},{"damage":12,"enemies":"Centurion and Healer","floor":22,"turns":6},{"damage":55,"enemies":"Gremlin Leader","floor":24,"turns":4}],"seed_played":"8027458649610323668","potions_obtained":[{"floor":1,"key":"SmokeBomb"},{"floor":3,"key":"Strength Potion"},{"floor":16,"key":"FocusPotion"},{"floor":20,"key":"SpeedPotion"},{"floor":22,"key":"SpeedPotion"}],"is_trial":false,"path_per_floor":["M","$","M","M","M","E","R","?","T","R","M","?","E","$","R","B",null,"M","$","M","M","M","R","E"],"character_chosen":"DEFECT","items_purchased":["Storm","Loop","Glacier","AttackPotion"],"campfire_rested":1,"item_purchase_floors":[2,14,19,19],"current_hp_per_floor":[63,63,57,57,58,27,27,37,44,44,46,39,19,19,44,9,85,53,53,51,44,40,40,0],"gold":78,"neow_bonus":"ONE_RARE_RELIC","is_prod":false,"is_daily":false,"chose_seed":false,"campfire_upgraded":3,"win_rate":0,"timestamp":1571029084,"path_taken":["M","$","M","M","M","E","R","?","T","R","M","?","E","$","R","BOSS","M","$","M","M","M","R","E"],"build_version":"2019-07-17","purchased_purges":1,"victory":false,"max_hp_per_floor":[68,68,68,68,68,68,68,78,85,85,85,85,85,85,85,85,85,85,85,85,85,85,85,85],"card_choices":[{"not_picked":["Lockon","Turbo"],"picked":"Genetic Algorithm","floor":1},{"not_picked":["Redo","Coolheaded"],"picked":"Heatsinks","floor":3},{"not_picked":["Turbo","FTL"],"picked":"Capacitor","floor":4},{"not_picked":["BootSequence","Reinforced Body"],"picked":"Compile Driver","floor":5},{"not_picked":["Hologram","Chill"],"picked":"Turbo","floor":6},{"not_picked":["White Noise","Rebound"],"picked":"Darkness","floor":11},{"not_picked":["Go for the Eyes","Turbo","Meteor Strike"],"picked":"SKIP","floor":13},{"not_picked":["Rainbow","Seek"],"picked":"Thunder Strike","floor":16},{"not_picked":["Ball Lightning","Scrape"],"picked":"Leap+1","floor":18},{"not_picked":["Stack","Heatsinks"],"picked":"Ball Lightning","floor":20},{"not_picked":["Sweeping Beam","Steam+1"],"picked":"Barrage","floor":21},{"not_picked":["Genetic Algorithm","Gash+1"],"picked":"BootSequence","floor":22}],"player_experience":77067,"relics_obtained":[{"floor":6,"key":"Orichalcum"},{"floor":9,"key":"Strawberry"},{"floor":13,"key":"Letter Opener"}],"event_choices":[{"damage_healed":0,"gold_gain":0,"player_choice":"Searched \u00271\u0027 times","damage_taken":0,"relics_obtained":["Pear"],"max_hp_gain":0,"max_hp_loss":0,"event_name":"Dead Adventurer","floor":8,"gold_loss":0},{"cards_removed":["Strike_B"],"damage_healed":0,"gold_gain":0,"player_choice":"Card Removal","damage_taken":7,"max_hp_gain":0,"max_hp_loss":0,"event_name":"Golden Wing","floor":12,"gold_loss":0}],"is_beta":false,"boss_relics":[{"not_picked":["White Beast Statue","Lizard Tail"],"picked":"Philosopher\u0027s Stone"}],"items_purged_floors":[14],"is_endless":false,"potions_floor_spawned":[1,3,16,20,22],"killed_by":"Gremlin Leader","ascension_level":1}