{"gold_per_floor":[11,30,46,64,14,14,40,40,40,65,65,65,85,85,85,189,189,129,129,129,54,54,54,54,54,54,54,54,0,0,0,0,0,0,0,0,0,0,0,0,0,0,0,0,0,0,0,0,0,0],"floor_reached":51,"playtime":3789,"items_purged":["Regret"],"score":768,"play_id":"72a47739-5cb5-4c3d-96db-fe6ed542ad96","local_time":"20191005041559","is_ascension_mode":false,"campfire_choices":[{"data":"Seeing Red","floor":6,"key":"SMITH"},{"floor":12,"key":"REST"},{"floor":15,"key":"REST"},{"data":"Demon Form","floor":23,"key":"SMITH"},{"data":"Heavy Blade","floor":27,"key":"SMITH"},{"data":"Flame Barrier","floor":32,"key":"SMITH"},{"floor":40,"key":"DIG"},{"data":"Shrug It Off","floor":46,"key":"SMITH"},{"data":"Demon Form","floor":49,"key":"SMITH"}],"neow_cost":"NO_GOLD","seed_source_timestamp":44737056644700,"circlet_count":0,"master_deck":["Strike_R","Strike_R","Strike_R","Strike_R","Defend_R","Defend_R","Defend_R","Bash","Demon Form+1","Anger+1","Seeing Red+1","Spot Weakness","Shrug It Off+1","Shrug It Off","Iron Wave","Flame Barrier+1","Reaper","Ghostly Armor+1","Pommel Strike+1","Inflame","Heavy Blade+1","Spot Weakness","Demon Form+1","Reaper","Metallicize+1","Heavy Blade+1","Heavy Blade+1","Pummel","Dual Wield","Fire Breathing+1","Pummel"],"relics":["Burning Blood","Dream Catcher","Dodecahedron","Ancient Tea Set","Red Skull","PreservedInsect","Ectoplasm","Shovel","Juzu Bracelet","Darkstone Periapt","Oddly Smooth Stone","Runic Pyramid","Charon\u0027s Ashes","Ice Cream","Red Mask","Anchor","Old Coin","Whetstone","Prayer Wheel","Bottled Flame"],"potions_floor_usage":[7,14,16,22,24,30,33,33,38,45,50],"damage_taken":[{"damage":11,"enemies":"Jaw Worm","floor":1,"turns":4},{"damage":0,"enemies":"Small Slimes","floor":2,"turns":3},{"damage":0,"enemies":"Cultist","floor":3,"turns":4},{"damage":16,"enemies":"Red Slaver","floor":4,"turns":3},{"damage":32,"enemies":"Gremlin Nob","floor":7,"turns":5},{"damage":16,"enemies":"Blue Slaver","floor":13,"turns":3},{"damage":36,"enemies":"The Guardian","floor":16,"turns":9},{"damage":18,"enemies":"2 Thieves","floor":18,"turns":4},{"damage":14,"enemies":"Chosen","floor":19,"turns":6},{"damage":8,"enemies":"Snecko","floor":22,"turns":7},{"damage":32,"enemies":"Slavers","floor":24,"turns":5},{"damage":19,"enemies":"Chosen and Byrds","floor":25,"turns":6},{"damage":12,"enemies":"Snake Plant","floor":28,"turns":5},{"damage":0,"enemies":"Book of Stabbing","floor":30,"turns":4},{"damage":50,"enemies":"Champ","floor":33,"turns":9},{"damage":49,"enemies":"3 Darklings","floor":35,"turns":7},{"damage":51,"enemies":"3 Shapes","floor":36,"turns":5},{"damage":0,"enemies":"Mind Bloom Boss Battle","floor":37,"turns":6},{"damage":85,"enemies":"2 Orb Walkers","floor":38,"turns":6},{"damage":50,"enemies":"Nemesis","floor":41,"turns":7},{"damage":37,"enemies":"Maw","floor":42,"turns":7},{"damage":26,"enemies":"Sphere and 2 Shapes","floor":44,"turns":6},{"damage":11,"enemies":"Giant Head","floor":45,"turns":6},{"damage":35,"enemies":"Time Eater","floor":50,"turns":6}],"seed_played":"-3594089857512688906","potions_obtained":[{"floor":3,"key":"Dexterity Potion"},{"floor":4,"key":"SpeedPotion"},{"floor":14,"key":"Fruit Juice"},{"floor":14,"key":"SneckoOil"},{"floor":14,"key":"Explosive Potion"},{"floor":16,"key":"SkillPotion"},{"floor":22,"key":"Block Potion"},{"floor":25,"key":"Block Potion"},{"floor":28,"key":"LiquidBronze"},{"floor":35,"key":"SkillPotion"},{"floor":38,"key":"AttackPotion"},{"floor":41,"key":"Block Potion"},{"floor":44,"key":"SteroidPotion"}],"is_trial":false,"path_per_floor":["M","M","M","M","?","R","E","?","T","T","?","R","M","?","R","B",null,"M","M","T","$","M","R","E","M","T","R","M","?","E","$","R","B",null,"M","M","?","?","?","R","E","M","T","M","E","R","T","?","R","B",null],"character_chosen":"IRONCLAD","items_purchased":[],"campfire_rested":2,"item_purchase_floors":[],"current_hp_per_floor":[75,80,80,70,70,70,44,44,44,44,41,65,55,60,85,55,85,85,78,78,78,76,76,59,73,73,73,85,85,85,85,85,85,85,85,85,85,43,43,43,54,65,65,55,74,74,74,74,74,85],"gold":0,"neow_bonus":"THREE_RARE_CARDS","is_prod":false,"is_daily":false,"chose_seed":false,"campfire_upgraded":6,"win_rate":0.0,"timestamp":1570263359,"path_taken":["M","M","M","M","?","R","E","?","T","?","?","R","?","?","R","BOSS","M","?","?","$","M","R","E","M","T","R","M","?","E","?","R","BOSS","M","M","?","?","?","R","E","M","T","M","E","R","?","?","R","BOSS"],"build_version":"2019-07-17","purchased_purges":1,"victory":true,"max_hp_per_floor":[80,80,80,80,80,80,80,80,80,80,80,80,80,85,85,85,85,85,85,85,85,85,85,85,85,85,85,85,85,85,85,85,85,85,85,85,85,85,85,85,85,85,85,85,85,85,85,85,85,85],"card_choices":[{"not_picked":["Berserk","Juggernaut"],"picked":"Demon Form","floor":0},{"not_picked":["Wild Strike","Feel No Pain"],"picked":"Anger","floor":1},{"not_picked":["Clash","Shrug It Off"],"picked":"Seeing Red","floor":2},{"not_picked":["Pommel Strike","Thunderclap"],"picked":"Spot Weakness","floor":3},{"not_picked":["Dual Wield","Offering"],"picked":"Shrug It Off","floor":4},{"not_picked":["Rampage","Twin Strike"],"picked":"Shrug It Off","floor":7},{"not_picked":["Clothesline","Spot Weakness"],"picked":"Iron Wave","floor":12},{"not_picked":["Wild Strike","Hemokinesis","Seeing Red"],"picked":"SKIP","floor":13},{"not_picked":["Carnage","Clash"],"picked":"Flame Barrier","floor":15},{"not_picked":["Bludgeon","Limit Break"],"picked":"Reaper","floor":16},{"not_picked":["Clothesline+1","Flex"],"picked":"Ghostly Armor+1","floor":18},{"not_picked":["Bloodletting","Body Slam"],"picked":"Pommel Strike","floor":19},{"not_picked":["Clothesline+1","Wild Strike","Searing Blow"],"picked":"SKIP","floor":22},{"not_picked":["True Grit","Armaments"],"picked":"Inflame","floor":24},{"not_picked":["Flex+1","Pommel Strike"],"picked":"Heavy Blade","floor":25},{"not_picked":["Battle Trance","Shrug It Off+1"],"picked":"Spot Weakness","floor":28},{"not_picked":["Bloodletting+1","Reckless Charge"],"picked":"Demon Form","floor":30},{"not_picked":["Limit Break","Dark Embrace"],"picked":"Reaper","floor":33},{"not_picked":["Uppercut+1","Warcry"],"picked":"Metallicize+1","floor":35},{"not_picked":["Thunderclap+1","Whirlwind+1"],"picked":"Heavy Blade+1","floor":36},{"not_picked":["Battle Trance+1","Warcry"],"picked":"Heavy Blade+1","floor":37},{"not_picked":["Clash","Battle Trance"],"picked":"Pummel","floor":38},{"not_picked":["Body Slam","Clash+1","Corruption+1"],"picked":"SKIP","floor":41},{"not_picked":["Pommel Strike","Rampage+1"],"picked":"Dual Wield","floor":42},{"not_picked":["Combust+1","Power Through"],"picked":"Fire Breathing+1","floor":44},{"not_picked":["Perfected Strike","Intimidate+1"],"picked":"Pummel","floor":45}],"player_experience":26327,"relics_obtained":[{"floor":7,"key":"Dream Catcher"},{"floor":9,"key":"Ancient Tea Set"},{"floor":10,"key":"Red Skull"},{"floor":20,"key":"Shovel"},{"floor":24,"key":"Juzu Bracelet"},{"floor":26,"key":"Darkstone Periapt"},{"floor":30,"key":"Oddly Smooth Stone"},{"floor":37,"key":"Charon\u0027s Ashes"},{"floor":38,"key":"Ice Cream"},{"floor":40,"key":"Anchor"},{"floor":41,"key":"Old Coin"},{"floor":43,"key":"Whetstone"},{"floor":45,"key":"Prayer Wheel"},{"floor":47,"key":"Bottled Flame"}],"event_choices":[{"cards_removed":["Defend_R"],"damage_healed":0,"gold_gain":0,"player_choice":"Card Removal","damage_taken":0,"max_hp_gain":0,"max_hp_loss":0,"event_name":"The Cleric","floor":5,"gold_loss":50},{"damage_healed":0,"gold_gain":0,"player_choice":"Box","damage_taken":0,"relics_obtained":["Dodecahedron"],"max_hp_gain":0,"max_hp_loss":0,"event_name":"Big Fish","floor":8,"gold_loss":0,"cards_obtained":["Regret"]},{"damage_healed":0,"gold_gain":0,"player_choice":"Success","damage_taken":3,"relics_obtained":["PreservedInsect"],"max_hp_gain":0,"max_hp_loss":0,"event_name":"Scrap Ooze","floor":11,"gold_loss":0},{"damage_healed":0,"gold_gain":0,"player_choice":"Got Potions","damage_taken":0,"max_hp_gain":0,"max_hp_loss":0,"event_name":"Lab","floor":14,"gold_loss":0},{"damage_healed":0,"gold_gain":0,"player_choice":"Paid Fearfully","damage_taken":0,"max_hp_gain":0,"max_hp_loss":0,"event_name":"Masked Bandits","floor":29,"gold_loss":54},{"damage_healed":0,"gold_gain":0,"player_choice":"Fight","damage_taken":0,"max_hp_gain":0,"max_hp_loss":0,"event_name":"MindBloom","floor":37,"gold_loss":0},{"damage_healed":0,"gold_gain":0,"player_choice":"Fight","damage_taken":0,"max_hp_gain":0,"max_hp_loss":0,"event_name":"Mysterious Sphere","floor":38,"gold_loss":0},{"damage_healed":0,"gold_gain":0,"player_choice":"Paid","damage_taken":0,"relics_obtained":["Red Mask"],"max_hp_gain":0,"max_hp_loss":0,"event_name":"Tomb of Lord Red Mask","floor":39,"gold_loss":0},{"cards_removed":["Strike_R"],"damage_healed":0,"gold_gain":0,"player_choice":"Removed Attack","damage_taken":0,"max_hp_gain":0,"max_hp_loss":0,"event_name":"Falling","floor":48,"gold_loss":0}],"is_beta":false,"boss_relics":[{"not_picked":["Runic Dome","Snecko Eye"],"picked":"Ectoplasm"},{"not_picked":["Philosopher\u0027s Stone","Eternal Feather"],"picked":"Runic Pyramid"}],"items_purged_floors":[21],"is_endless":false,"potions_floor_spawned":[3,4,16,22,25,28,35,38,41,44],"ascension_level":0}