{"gold_per_floor":[116,116,130,147,164,229,229,262,286,286,300,17,17,29,29,107,107,121,140,155,155],"floor_reached":21,"playtime":1274,"items_purged":[],"score":357,"play_id":"662bfee6-24ca-4f7b-9dad-51a2ede862a4","local_time":"20190628201616","is_ascension_mode":true,"campfire_choices":[{"floor":7,"key":"REST"},{"floor":10,"key":"REST"},{"data":"A Thousand Cuts","floor":13,"key":"SMITH"},{"floor":15,"key":"REST"}],"neow_cost":"NONE","seed_source_timestamp":732374288329722,"circlet_count":0,"master_deck":["AscendersBane","Defend_G","Defend_G","Defend_G","Defend_G","Defend_G","Strike_G","Strike_G","Strike_G","Strike_G","Strike_G","Survivor","Neutralize","A Thousand Cuts+1","Flechettes","Pain","Dagger Throw","Deflect","Backflip","Deadly Poison","Blade Dance","Deflect","Leg Sweep","Quick Slash","After Image","Choke+1","Cloak And Dagger"],"relics":["Ring of the Snake","WarpedTongs","Tiny Chest","Oddly Smooth Stone","Dream Catcher","Kunai","Snecko Eye"],"potions_floor_usage":[8],"damage_taken":[{"damage":12,"enemies":"Jaw Worm","floor":1,"turns":7},{"damage":5,"enemies":"Cultist","floor":3,"turns":4},{"damage":4,"enemies":"2 Louse","floor":4,"turns":4},{"damage":2,"enemies":"Red Slaver","floor":5,"turns":5},{"damage":22,"enemies":"Lagavulin","floor":6,"turns":10},{"damage":19,"enemies":"3 Sentries","floor":8,"turns":7},{"damage":3,"enemies":"3 Louse","floor":11,"turns":6},{"damage":2,"enemies":"Exordium Wildlife","floor":14,"turns":3},{"damage":21,"enemies":"The Guardian","floor":16,"turns":12},{"damage":24,"enemies":"Chosen","floor":18,"turns":6},{"damage":4,"enemies":"2 Thieves","floor":19,"turns":4},{"damage":21,"enemies":"3 Cultists","floor":20,"turns":7},{"damage":12,"enemies":"Snake Plant","floor":21,"turns":3}],"seed_played":"-2649349470583811554","potions_obtained":[{"floor":1,"key":"Block Potion"},{"floor":5,"key":"SpeedPotion"},{"floor":8,"key":"Dexterity Potion"}],"is_trial":false,"path_per_floor":["M","?","M","M","M","E","R","E","T","R","M","$","R","M","R","B",null,"M","M","M","M"],"character_chosen":"THE_SILENT","items_purchased":["Kunai"],"campfire_rested":3,"item_purchase_floors":[12],"current_hp_per_floor":[47,47,42,38,36,14,33,14,14,33,30,30,30,28,47,26,56,32,28,7,0],"gold":155,"neow_bonus":"ONE_RANDOM_RARE_CARD","is_prod":false,"is_daily":false,"chose_seed":false,"campfire_upgraded":1,"win_rate":0,"timestamp":1561767376,"path_taken":["M","?","M","M","?","E","R","E","T","R","M","$","R","M","R","BOSS","M","M","M","M"],"build_version":"2019-01-23","purchased_purges":0,"victory":false,"max_hp_per_floor":[66,66,66,66,66,66,66,66,66,66,66,66,66,66,66,66,66,66,66,66,66],"card_choices":[{"not_picked":["Bane","Underhanded Strike"],"picked":"Flechettes","floor":1},{"not_picked":["Prepared","Dodge and Roll"],"picked":"Dagger Throw","floor":3},{"not_picked":["Calculated Gamble","Dodge and Roll"],"picked":"Deflect","floor":4},{"not_picked":["Dodge and Roll","Flying Knee"],"picked":"Backflip","floor":5},{"not_picked":["Tactician","PiercingWail"],"picked":"Deadly Poison","floor":6},{"not_picked":["Venomology","Slice"],"picked":"Blade Dance","floor":8},{"not_picked":["Slice","Deadly Poison"],"picked":"Deflect","floor":10},{"not_picked":["Reflex","Blade Dance"],"picked":"Leg Sweep","floor":11},{"not_picked":["Quick Slash","Slice","Reflex"],"picked":"SKIP","floor":14},{"not_picked":["Prepared","Night Terror"],"picked":"Quick Slash","floor":15},{"not_picked":["Night Terror","A Thousand Cuts"],"picked":"After Image","floor":16},{"not_picked":["Distraction","Heel Hook"],"picked":"Choke+1","floor":18},{"not_picked":["Sucker Punch","Bane","Deflect"],"picked":"SKIP","floor":19},{"not_picked":["Poisoned Stab","Blur"],"picked":"Cloak And Dagger","floor":20}],"player_experience":1070721,"relics_obtained":[{"floor":6,"key":"Tiny Chest"},{"floor":8,"key":"Oddly Smooth Stone"},{"floor":9,"key":"Dream Catcher"}],"event_choices":[{"damage_healed":0,"gold_gain":0,"player_choice":"Rummage","damage_taken":0,"relics_obtained":["WarpedTongs"],"max_hp_gain":0,"max_hp_loss":0,"event_name":"Accursed Blacksmith","floor":2,"gold_loss":0,"cards_obtained":["Pain"]}],"is_beta":false,"boss_relics":[{"not_picked":["Tiny House","Velvet Choker"],"picked":"Snecko Eye"}],"items_purged_floors":[],"is_endless":false,"potions_floor_spawned":[1,5,8,16,18],"killed_by":"Snake Plant","ascension_level":17}