{"gold_per_floor":[119,135,154,6,19,19,19,35,105,121,121,139,139,149,149,244,244,260,273,273,291,291,324,324,324,376,376,395,409,309,321,321,416,416,430,445,545,562,437,437,456,456,482,496,496,509,529,547,547,547],"floor_reached":50,"playtime":3073,"items_purged":["Strike_R","Strike_R","Strike_R"],"score":489,"play_id":"8c3fcd70-ce8f-4040-a29a-ea5b17621215","local_time":"20190617185454","is_ascension_mode":false,"campfire_choices":[{"data":"Armaments","floor":6.0,"key":"SMITH"},{"data":"Flex","floor":11.0,"key":"SMITH"},{"data":"Battle Trance","floor":13.0,"key":"SMITH"},{"data":"Shockwave","floor":15.0,"key":"SMITH"},{"floor":25.0,"key":"REST"},{"data":"Immolate","floor":27.0,"key":"SMITH"},{"floor":32.0,"key":"REST"},{"data":"Metallicize","floor":40.0,"key":"SMITH"},{"floor":42,"key":"REST"},{"floor":45,"key":"REST"},{"floor":49,"key":"REST"}],"neow_cost":"PERCENT_DAMAGE","seed_source_timestamp":2390103033366473,"circlet_count":0,"master_deck":["Strike_R","Strike_R","Defend_R","Defend_R","Defend_R","Defend_R","Bash","Battle Trance+1","Armaments+1","Shockwave+1","Metallicize+1","True Grit","Dropkick","Flex+1","Headbutt","Immolate+1","True Grit+1","Rampage+1","Inflame","Immolate","Flex+1","Parasite","Sword Boomerang+1","Battle Trance"],"special_seed":0,"relics":["Black Blood"],"potions_floor_usage":[41,41,44,46],"damage_taken":[{"damage":3.0,"enemies":"2 Louse","floor":1.0,"turns":3.0},{"damage":0.0,"enemies":"Small Slimes","floor":2.0,"turns":3.0},{"damage":3.0,"enemies":"Jaw Worm","floor":3.0,"turns":4.0},{"damage":2.0,"enemies":"Blue Slaver","floor":5.0,"turns":8.0},{"damage":12.0,"enemies":"3 Louse","floor":8.0,"turns":4.0},{"damage":5.0,"enemies":"Gremlin Gang","floor":10.0,"turns":7.0},{"damage":1.0,"enemies":"Red Slaver","floor":12.0,"turns":5.0},{"damage":0.0,"enemies":"Blue Slaver","floor":14.0,"turns":5.0},{"damage":33.0,"enemies":"Hexaghost","floor":16.0,"turns":8.0},{"damage":5.0,"enemies":"3 Byrds","floor":18.0,"turns":5.0},{"damage":23.0,"enemies":"Spheric Guardian","floor":19.0,"turns":11.0},{"damage":13.0,"enemies":"Snecko","floor":21.0,"turns":6.0},{"damage":56.0,"enemies":"Gremlin Leader","floor":23.0,"turns":9.0},{"damage":27.0,"enemies":"Snake Plant","floor":28.0,"turns":6.0},{"damage":2.0,"enemies":"Centurion and Healer","floor":29.0,"turns":10.0},{"damage":0.0,"enemies":"3 Cultists","floor":31.0,"turns":2.0},{"damage":41.0,"enemies":"Collector","floor":33.0,"turns":9.0},{"damage":40.0,"enemies":"3 Darklings","floor":35.0,"turns":6.0},{"damage":3.0,"enemies":"3 Shapes","floor":36.0,"turns":3.0},{"damage":39.0,"enemies":"3 Darklings","floor":38.0,"turns":3.0},{"damage":30,"enemies":"Maw","floor":41,"turns":8},{"damage":34,"enemies":"Transient","floor":44,"turns":5},{"damage":21,"enemies":"Writhing Mass","floor":46,"turns":10},{"damage":14,"enemies":"4 Shapes","floor":47,"turns":7},{"damage":32,"enemies":"3 Darklings","floor":48,"turns":4},{"damage":58,"enemies":"Time Eater","floor":50,"turns":4}],"seed_played":"2650977376516359281","potions_obtained":[{"floor":1.0,"key":"Regen Potion"},{"floor":5.0,"key":"Weak Potion"},{"floor":8.0,"key":"SpeedPotion"},{"floor":19.0,"key":"SpeedPotion"},{"floor":21.0,"key":"SpeedPotion"},{"floor":23.0,"key":"EntropicBrew"},{"floor":33.0,"key":"EssenceOfSteel"},{"floor":35.0,"key":"PowerPotion"},{"floor":41,"key":"GamblersBrew"},{"floor":44,"key":"Energy Potion"},{"floor":46,"key":"Swift Potion"},{"floor":48,"key":"EssenceOfSteel"}],"is_trial":false,"path_per_floor":["M","M","M","$","M","R","?","M","T","M","R","M","R","M","R","B",null,"M","M","?","M","?","E","T","R","T","R","M","M","$","M","R","B",null,"M","M","?","M","$","R","M","R","T","M","R","M","M","M","R","B"],"character_chosen":"IRONCLAD","items_purchased":["Metallicize"],"campfire_rested":5,"item_purchase_floors":[4],"current_hp_per_floor":[75,81,84,84,88,88,88,82,82,83,83,88,88,94,94,67,96,96,79,79,72,53,18,18,48,48,48,27,31,31,37,67,32,101,71,78,78,49,49,49,29,59,59,35,65,54,50,28,58,0],"gold":547,"neow_bonus":"TWENTY_PERCENT_HP_BONUS","is_prod":false,"is_daily":false,"chose_seed":false,"campfire_upgraded":6,"win_rate":0,"timestamp":1560812094,"path_taken":["M","M","M","$","M","R","?","M","T","M","R","M","R","M","R","BOSS","M","M","?","M","?","E","?","R","T","R","?","M","$","M","R","BOSS","M","M","?","M","$","R","M","R","T","M","R","M","?","M","R","BOSS"],"build_version":"2019-01-23","purchased_purges":3,"victory":false,"max_hp_per_floor":[96,96,96,96,96,96,96,96,96,96,96,96,96,96,96,96,96,96,96,96,96,101,101,101,101,101,101,101,101,101,101,101,101,101,101,101,101,101,101,101,101,101,101,101,101,101,101,101,101,101],"card_choices":[{"not_picked":["Armaments","True Grit"],"picked":"Battle Trance","floor":1.0},{"not_picked":["Shockwave","Perfected Strike"],"picked":"Armaments","floor":2.0},{"not_picked":["Dual Wield","Bloodletting"],"picked":"Shockwave","floor":3.0},{"not_picked":["Clothesline","Flex"],"picked":"True Grit","floor":5.0},{"not_picked":["Sentinel","Uppercut"],"picked":"Dropkick","floor":8.0},{"not_picked":["Corruption","Pummel"],"picked":"Flex","floor":10.0},{"not_picked":["Body Slam","Sentinel","Clash"],"picked":"SKIP","floor":12.0},{"not_picked":["Fire Breathing","Shrug It Off"],"picked":"Headbutt","floor":14.0},{"not_picked":["Bludgeon","Double Tap"],"picked":"Immolate","floor":16.0},{"not_picked":["Shockwave+1","Intimidate+1"],"picked":"True Grit+1","floor":18.0},{"not_picked":["Clothesline+1","Second Wind","Perfected Strike"],"picked":"SKIP","floor":19.0},{"not_picked":["Perfected Strike","Clash"],"picked":"Rampage+1","floor":21.0},{"not_picked":["Bludgeon","Burning Pact","Sword Boomerang"],"picked":"SKIP","floor":23.0},{"not_picked":["Sentinel","Perfected Strike"],"picked":"Inflame","floor":29.0},{"not_picked":["True Grit","Clothesline+1","Burning Pact+1"],"picked":"SKIP","floor":31.0},{"not_picked":["Double Tap","Limit Break"],"picked":"Immolate","floor":33.0},{"not_picked":["Thunderclap","Anger+1","Body Slam+1"],"picked":"SKIP","floor":35.0},{"not_picked":["Heavy Blade+1","Flame Barrier+1","Shrug It Off"],"picked":"SKIP","floor":36.0},{"not_picked":["Headbutt","Heavy Blade","Iron Wave+1"],"picked":"SKIP","floor":38.0},{"not_picked":["Rampage","Dark Embrace"],"picked":"Flex+1","floor":41},{"not_picked":["Thunderclap+1","Evolve+1","Shrug It Off"],"picked":"SKIP","floor":44},{"not_picked":["Havoc","Thunderclap"],"picked":"Sword Boomerang+1","floor":46},{"not_picked":["Shrug It Off","Perfected Strike"],"picked":"Battle Trance","floor":47},{"not_picked":["Limit Break","Infernal Blade+1","Perfected Strike+1"],"picked":"SKIP","floor":48}],"player_experience":1024416,"relics_obtained":[],"event_choices":[{"damage_healed":0.0,"max_hp_gain":0.0,"max_hp_loss":0.0,"gold_gain":0.0,"event_name":"Scrap Ooze","player_choice":"Fled","floor":7.0,"gold_loss":0.0,"damage_taken":0.0},{"damage_healed":0.0,"max_hp_gain":0.0,"max_hp_loss":0.0,"gold_gain":0.0,"event_name":"Ghosts","player_choice":"Ignored","floor":20.0,"gold_loss":0.0,"damage_taken":0.0},{"damage_healed":0.0,"max_hp_gain":5.0,"max_hp_loss":0.0,"gold_gain":0.0,"event_name":"Forgotten Altar","player_choice":"Shed Blood","floor":22.0,"gold_loss":0.0,"damage_taken":24.0},{"damage_healed":0.0,"max_hp_gain":0.0,"max_hp_loss":0.0,"gold_gain":100.0,"event_name":"Golden Shrine","player_choice":"Pray","floor":37.0,"gold_loss":0.0,"damage_taken":0.0}],"is_beta":false,"boss_relics":[{"not_picked":["Cursed Key","Empty Cage","Eternal Feather"]},{"not_picked":["Mark of Pain","Busted Crown"],"picked":"Black Blood"}],"items_purged_floors":[4,30,39],"is_endless":false,"potions_floor_spawned":[1,5,8,19,21,23,33,35,41,44,46,48],"killed_by":"Time Eater","ascension_level":0}