{"gold_per_floor":[115,265,43,43,54,54,81,91,91,118,118,144,161,189,189,263,263,282,294,194,194,194,223,223,241,290,320,340,371,397,124,124,198,198,217,317,317,370,386,413,413,439,492,492,517,517,552,43,43,43,43,43,7,36,36],"floor_reached":56,"playtime":4910,"items_purged":["Doubt","Strike_G","Strike_G+1"],"score":2329,"play_id":"1e634c98-ce64-4a3f-b4ad-dae6b037199f","local_time":"20190731204736","is_ascension_mode":true,"campfire_choices":[{"data":"Bouncing Flask","floor":6.0,"key":"SMITH"},{"data":"Crippling Poison","floor":11.0,"key":"SMITH"},{"data":"Dodge and Roll","floor":15.0,"key":"SMITH"},{"floor":24.0,"key":"REST"},{"floor":32.0,"key":"REST"},{"floor":41.0,"key":"REST"},{"data":"Burst","floor":44.0,"key":"SMITH"},{"data":"Catalyst","floor":46.0,"key":"SMITH"},{"floor":49.0,"key":"RECALL"},{"data":"Concentrate","floor":52,"key":"SMITH"}],"neow_cost":"NONE","seed_source_timestamp":90320108475668,"circlet_count":0,"master_deck":["AscendersBane","Strike_G+1","Strike_G+1","Defend_G+1","Defend_G+1","Defend_G+1","Defend_G+1","Defend_G+1","Survivor","Neutralize","Dash","Bouncing Flask+1","Dodge and Roll+1","Catalyst+1","Crippling Poison+1","Backflip","Deflect","Crippling Poison","Deflect","Calculated Gamble+1","Backflip","Concentrate+1","Crippling Poison+1","Catalyst+1","Noxious Fumes","Calculated Gamble","Noxious Fumes","Burst+1","Crippling Poison+1","Leg Sweep","Leg Sweep+1","Escape Plan","Leg Sweep","Footwork","Night Terror","Well Laid Plans"],"special_seed":0,"relics":["Ring of the Snake","NeowsBlessing","Snake Skull","Gremlin Horn","Centennial Puzzle","Tough Bandages","War Paint","Strawberry","Eternal Feather","Blue Candle","Blood Vial","Dream Catcher","Red Mask","Orichalcum","Snecko Eye","Ice Cream","WingedGreaves","Kunai","Boot","Mercury Hourglass","Potion Belt","Membership Card","PreservedInsect","Pear"],"potions_floor_usage":[55,55,55],"damage_taken":[{"damage":0.0,"enemies":"Small Slimes","floor":1.0,"turns":1.0},{"damage":0.0,"enemies":"2 Louse","floor":5.0,"turns":1.0},{"damage":0.0,"enemies":"Gremlin Nob","floor":7.0,"turns":1.0},{"damage":1.0,"enemies":"Cultist","floor":8.0,"turns":3.0},{"damage":21.0,"enemies":"3 Sentries","floor":10.0,"turns":8.0},{"damage":10.0,"enemies":"Lagavulin","floor":12.0,"turns":6.0},{"damage":0.0,"enemies":"Red Slaver","floor":13.0,"turns":4.0},{"damage":0.0,"enemies":"Gremlin Nob","floor":14.0,"turns":2.0},{"damage":3.0,"enemies":"Slime Boss","floor":16.0,"turns":7.0},{"damage":4.0,"enemies":"Shell Parasite","floor":18.0,"turns":3.0},{"damage":19.0,"enemies":"2 Thieves","floor":19.0,"turns":5.0},{"damage":27.0,"enemies":"Slavers","floor":23.0,"turns":8.0},{"damage":2.0,"enemies":"Sentry and Sphere","floor":25.0,"turns":5.0},{"damage":7.0,"enemies":"Book of Stabbing","floor":27.0,"turns":6.0},{"damage":13.0,"enemies":"Snake Plant","floor":28.0,"turns":6.0},{"damage":16.0,"enemies":"Masked Bandits","floor":29.0,"turns":5.0},{"damage":2.0,"enemies":"Slavers","floor":30.0,"turns":5.0},{"damage":16.0,"enemies":"Automaton","floor":33.0,"turns":6.0},{"damage":0.0,"enemies":"Orb Walker","floor":35.0,"turns":3.0},{"damage":7.0,"enemies":"Mind Bloom Boss Battle","floor":36.0,"turns":6.0},{"damage":17.0,"enemies":"2 Orb Walkers","floor":38.0,"turns":4.0},{"damage":8.0,"enemies":"3 Shapes","floor":39.0,"turns":2.0},{"damage":34.0,"enemies":"Reptomancer","floor":40.0,"turns":4.0},{"damage":3.0,"enemies":"Nemesis","floor":42.0,"turns":7.0},{"damage":0.0,"enemies":"Giant Head","floor":45.0,"turns":2.0},{"damage":29.0,"enemies":"Reptomancer","floor":47.0,"turns":3.0},{"damage":45.0,"enemies":"Time Eater","floor":50.0,"turns":11.0},{"damage":0,"enemies":"Shield and Spear","floor":54,"turns":5},{"damage":31,"enemies":"The Heart","floor":55,"turns":11}],"seed_played":"-7329747569227611227","potions_obtained":[{"floor":5.0,"key":"Fire Potion"},{"floor":10.0,"key":"Fire Potion"},{"floor":28.0,"key":"Fire Potion"},{"floor":29.0,"key":"SteroidPotion"},{"floor":35.0,"key":"GamblersBrew"},{"floor":42.0,"key":"Dexterity Potion"},{"floor":45.0,"key":"Regen Potion"}],"is_trial":false,"path_per_floor":["M","?","$","?","M","R","E","M","T","E","R","E","M","E","R","B",null,"M","M","$","?","?","E","R","M","T","E","M","?","E","$","R","B",null,"M","?","?","?","M","E","R","E","T","R","E","R","E","$","R","B",null,"R","$","E","B",null],"character_chosen":"THE_SILENT","items_purchased":["Snake Skull","Noxious Fumes","Calculated Gamble","Membership Card","Footwork","Night Terror","PreservedInsect","Pear","Dexterity Potion","GamblersBrew"],"campfire_rested":3,"item_purchase_floors":[3,31,31,48,48,48,48,48,48,53],"current_hp_per_floor":[59,59,59,59,59,59,59,58,58,37,37,27,27,34,34,31,63,59,40,40,40,40,13,46,44,44,39,28,14,14,14,50,36,64,66,61,61,46,40,8,47,46,46,64,66,73,44,54,75,32,70,83,83,83,67],"gold":36,"neow_bonus":"THREE_ENEMY_KILL","is_prod":false,"is_daily":false,"chose_seed":false,"campfire_upgraded":6,"win_rate":0,"timestamp":1564598856,"path_taken":["M","?","$","?","M","R","E","M","T","E","R","E","M","E","R","BOSS","M","?","?","?","?","E","R","M","T","E","M","?","E","$","R","BOSS","M","?","?","?","?","E","R","E","T","R","E","R","E","$","R","BOSS","R","$","E","BOSS"],"build_version":"2019-07-17","purchased_purges":3,"victory":true,"max_hp_per_floor":[66,66,66,66,66,66,66,66,66,66,66,66,66,73,73,73,73,73,73,73,73,73,73,73,73,73,73,73,73,73,73,73,73,73,73,73,73,73,73,73,73,73,73,73,73,73,73,83,83,83,83,83,83,83,83],"card_choices":[{"not_picked":["Prepared","Calculated Gamble"],"picked":"Dash","floor":1.0},{"not_picked":["Poisoned Stab","Sucker Punch"],"picked":"Dodge and Roll","floor":5.0},{"not_picked":["Backstab","Dash"],"picked":"Catalyst","floor":7.0},{"not_picked":["Acrobatics","Setup"],"picked":"Crippling Poison","floor":8.0},{"not_picked":["Bane","Poisoned Stab"],"picked":"Backflip","floor":10.0},{"not_picked":["Distraction","Accuracy","Slice"],"picked":"SKIP","floor":12.0},{"not_picked":["Underhanded Strike","Caltrops"],"picked":"Deflect","floor":13.0},{"not_picked":["Reflex","Storm of Steel","Unload"],"picked":"SKIP","floor":14.0},{"not_picked":["Deflect","Acrobatics"],"picked":"Crippling Poison","floor":18.0},{"not_picked":["Deadly Poison+1","Predator"],"picked":"Deflect","floor":19.0},{"not_picked":["Flying Knee","Grand Finale"],"picked":"Calculated Gamble+1","floor":23.0},{"not_picked":["Flying Knee","All Out Attack"],"picked":"Backflip","floor":25.0},{"not_picked":["Blade Dance","Choke"],"picked":"Concentrate","floor":27.0},{"not_picked":["Dodge and Roll","Flying Knee+1"],"picked":"Crippling Poison+1","floor":28.0},{"not_picked":["Cloak And Dagger","Dodge and Roll"],"picked":"Catalyst","floor":30.0},{"not_picked":["Flying Knee","Outmaneuver"],"picked":"Noxious Fumes","floor":32.0},{"not_picked":["Doppelganger","Malaise"],"picked":"Burst","floor":33.0},{"not_picked":["Blade Dance","Outmaneuver","Underhanded Strike"],"picked":"SKIP","floor":35.0},{"not_picked":["Venomology","Deadly Poison+1"],"picked":"Crippling Poison+1","floor":36.0},{"not_picked":["Eviscerate+1","Blur+1"],"picked":"Leg Sweep","floor":39.0},{"not_picked":["Eviscerate","Dagger Spray","Dagger Throw+1"],"picked":"SKIP","floor":40.0},{"not_picked":["Prepared","Deflect"],"picked":"Leg Sweep+1","floor":41.0},{"not_picked":["Caltrops","Quick Slash+1"],"picked":"Escape Plan","floor":42.0},{"not_picked":["Skewer","Storm of Steel","Blade Dance"],"picked":"SKIP","floor":45.0},{"not_picked":["Prepared","Deadly Poison"],"picked":"Leg Sweep","floor":47.0},{"not_picked":["Outmaneuver+1","Cloak And Dagger"],"picked":"Well Laid Plans","floor":54}],"player_experience":697285,"relics_obtained":[{"floor":7.0,"key":"Gremlin Horn"},{"floor":9.0,"key":"Centennial Puzzle"},{"floor":10.0,"key":"Tough Bandages"},{"floor":12.0,"key":"War Paint"},{"floor":14.0,"key":"Strawberry"},{"floor":23.0,"key":"Blue Candle"},{"floor":26.0,"key":"Blood Vial"},{"floor":27.0,"key":"Dream Catcher"},{"floor":29.0,"key":"Red Mask"},{"floor":30.0,"key":"Orichalcum"},{"floor":36.0,"key":"Ice Cream"},{"floor":38.0,"key":"WingedGreaves"},{"floor":40.0,"key":"Kunai"},{"floor":42.0,"key":"Boot"},{"floor":45.0,"key":"Mercury Hourglass"},{"floor":47.0,"key":"Potion Belt"}],"event_choices":[{"damage_healed":0.0,"max_hp_gain":0.0,"max_hp_loss":0.0,"gold_gain":150.0,"event_name":"Liars Game","player_choice":"AGREE","floor":2.0,"gold_loss":0.0,"damage_taken":0.0,"cards_obtained":["Doubt"]},{"damage_healed":0.0,"max_hp_gain":0.0,"max_hp_loss":0.0,"gold_gain":0.0,"event_name":"Match and Keep!","player_choice":"1 cards matched","floor":4.0,"gold_loss":0.0,"damage_taken":0.0,"cards_obtained":["Bouncing Flask"]},{"damage_healed":0.0,"max_hp_gain":0.0,"max_hp_loss":0.0,"gold_gain":0.0,"event_name":"The Mausoleum","player_choice":"Ignored","floor":21.0,"gold_loss":0.0,"damage_taken":0.0},{"damage_healed":0.0,"max_hp_gain":0.0,"max_hp_loss":0.0,"gold_gain":0.0,"event_name":"Back to Basics","player_choice":"Simplicity","floor":22.0,"gold_loss":0.0,"damage_taken":0.0,"cards_upgraded":["Strike_G","Strike_G","Strike_G","Strike_G","Defend_G","Defend_G","Defend_G","Defend_G"]},{"damage_healed":0.0,"max_hp_gain":0.0,"max_hp_loss":0.0,"gold_gain":0.0,"event_name":"Masked Bandits","player_choice":"Fought Bandits","floor":29.0,"gold_loss":0.0,"damage_taken":0.0},{"damage_healed":0.0,"max_hp_gain":0.0,"max_hp_loss":0.0,"gold_gain":0.0,"event_name":"MindBloom","player_choice":"Fight","floor":36.0,"gold_loss":0.0,"damage_taken":0.0},{"cards_removed":["Strike_G"],"damage_healed":0.0,"max_hp_gain":0.0,"max_hp_loss":0.0,"gold_gain":0.0,"event_name":"Falling","player_choice":"Removed Attack","floor":37.0,"gold_loss":0.0,"damage_taken":0.0},{"damage_healed":0.0,"max_hp_gain":0.0,"max_hp_loss":0.0,"gold_gain":0.0,"event_name":"Mysterious Sphere","player_choice":"Fight","floor":38.0,"gold_loss":0.0,"damage_taken":0.0}],"is_beta":false,"boss_relics":[{"not_picked":["Orrery","Lizard Tail"],"picked":"Eternal Feather"},{"not_picked":["Busted Crown","HoveringKite"],"picked":"Snecko Eye"}],"items_purged_floors":[3,20,31],"is_endless":false,"potions_floor_spawned":[5,10,13,14,19,28,29,35,36,42,45,54],"ascension_level":15}