{"gold_per_floor":[119,119,44,44,55,82,82,96,96,96,122,132,146,172,172,172],"floor_reached":16,"playtime":861,"items_purged":["Strike_R"],"score":145,"play_id":"7be8790e-22de-42d9-9811-dd7aaaf6e1e0","local_time":"20190605211549","is_ascension_mode":false,"campfire_choices":[{"data":"True Grit","floor":7.0,"key":"SMITH"},{"data":"Clothesline","floor":10.0,"key":"SMITH"},{"data":"Body Slam","floor":15.0,"key":"SMITH"}],"neow_cost":"NONE","seed_source_timestamp":0,"circlet_count":0,"master_deck":["Strike_R","Strike_R","Strike_R","Defend_R","Defend_R","Defend_R","Defend_R","Bash","Clothesline+1","True Grit+1","Headbutt","Iron Wave","Body Slam+1","Body Slam"],"special_seed":0,"relics":["Burning Blood","NeowsBlessing","Ginger","WingedGreaves","Lantern","Question Card"],"potions_floor_usage":[16],"damage_taken":[{"damage":0.0,"enemies":"2 Louse","floor":1.0,"turns":1.0},{"damage":0.0,"enemies":"Cultist","floor":5.0,"turns":1.0},{"damage":0.0,"enemies":"Lagavulin","floor":6.0,"turns":1.0},{"damage":3.0,"enemies":"Small Slimes","floor":8.0,"turns":4.0},{"damage":36.0,"enemies":"3 Sentries","floor":11.0,"turns":10.0},{"damage":0.0,"enemies":"2 Fungi Beasts","floor":12.0,"turns":4.0},{"damage":13.0,"enemies":"Lots of Slimes","floor":13.0,"turns":4.0},{"damage":41.0,"enemies":"Lagavulin","floor":14.0,"turns":9.0},{"damage":8,"enemies":"The Guardian","floor":16,"turns":7}],"seed_played":"-2388737287494780656","potions_obtained":[{"floor":8.0,"key":"SpeedPotion"},{"floor":11.0,"key":"Explosive Potion"},{"floor":12.0,"key":"Fire Potion"}],"is_trial":false,"path_per_floor":["M","?","$","?","M","E","R","M","T","R","E","M","M","E","R","B"],"character_chosen":"IRONCLAD","items_purchased":[],"campfire_rested":0,"item_purchase_floors":[],"current_hp_per_floor":[80,73,73,73,79,80,80,80,80,80,50,56,49,14,14,6],"gold":172,"neow_bonus":"THREE_ENEMY_KILL","is_prod":false,"is_daily":false,"chose_seed":false,"campfire_upgraded":3,"win_rate":0,"timestamp":1559762149,"path_taken":["M","?","$","?","?","E","R","M","T","R","E","?","M","E","R","BOSS"],"build_version":"2019-01-23","purchased_purges":1,"victory":false,"max_hp_per_floor":[80,80,80,80,80,80,80,80,80,80,80,80,80,80,80,80],"card_choices":[{"not_picked":["Pommel Strike","Sword Boomerang"],"picked":"Clothesline","floor":1.0},{"not_picked":["Warcry","Rage","Burning Pact"],"picked":"SKIP","floor":5.0},{"not_picked":["Iron Wave","Shockwave"],"picked":"True Grit","floor":6.0},{"not_picked":["Ghostly Armor","Havoc"],"picked":"Headbutt","floor":8.0},{"not_picked":["Anger","Berserk"],"picked":"Iron Wave","floor":11.0},{"not_picked":["Perfected Strike","Searing Blow","Flame Barrier"],"picked":"SKIP","floor":12.0},{"not_picked":["Clothesline","Second Wind"],"picked":"Body Slam","floor":13.0},{"not_picked":["Battle Trance","Uppercut"],"picked":"Body Slam","floor":14.0}],"player_experience":461137,"relics_obtained":[{"floor":6.0,"key":"Ginger"},{"floor":9.0,"key":"WingedGreaves"},{"floor":11.0,"key":"Lantern"},{"floor":14.0,"key":"Question Card"}],"event_choices":[{"cards_removed":["Strike_R"],"damage_healed":0.0,"max_hp_gain":0.0,"max_hp_loss":0.0,"gold_gain":0.0,"event_name":"Golden Wing","player_choice":"Card Removal","floor":2.0,"gold_loss":0.0,"damage_taken":7.0},{"damage_healed":0.0,"max_hp_gain":0.0,"max_hp_loss":0.0,"gold_gain":0.0,"event_name":"Match and Keep!","player_choice":"0 cards matched","floor":4.0,"gold_loss":0.0,"damage_taken":0.0,"cards_obtained":[]}],"is_beta":false,"boss_relics":[],"items_purged_floors":[3],"is_endless":false,"potions_floor_spawned":[8,11,12],"killed_by":"The Guardian","ascension_level":0}