{"gold_per_floor":[119,119,135,61,61,95,111,111,111,137,137,192,31,50,50,121,121,131,56,19,19,39,67,67,86,86,86,86],"floor_reached":28,"playtime":1508,"items_purged":["Regret"],"score":538,"play_id":"b6a27991-105b-4085-964b-d2f5e5c30130","local_time":"20190613211319","is_ascension_mode":true,"campfire_choices":[{"data":"Dash","floor":8.0,"key":"SMITH"},{"floor":15.0,"key":"REST"},{"floor":24,"key":"REST"},{"floor":27,"key":"REST"}],"neow_cost":"NONE","seed_source_timestamp":104242645230734,"circlet_count":0,"master_deck":["AscendersBane","Defend_G","Defend_G","Defend_G","Defend_G","Defend_G","Strike_G+1","Strike_G","Strike_G","Survivor","Neutralize","Blade Dance","Dash+1","Die Die Die","Bouncing Flask+1","Poisoned Stab","Well Laid Plans","Caltrops","Die Die Die","Dodge and Roll+1","Noxious Fumes"],"special_seed":0,"relics":["Ring of the Snake","NeowsBlessing","Pantograph","Orichalcum","Anchor","Blood Vial","Snecko Eye","Pear","Turnip"],"potions_floor_usage":[23,28],"damage_taken":[{"damage":0.0,"enemies":"2 Louse","floor":1.0,"turns":1.0},{"damage":0.0,"enemies":"Cultist","floor":3.0,"turns":1.0},{"damage":0.0,"enemies":"Lagavulin","floor":6.0,"turns":1.0},{"damage":5.0,"enemies":"Jaw Worm","floor":7.0,"turns":5.0},{"damage":20.0,"enemies":"3 Sentries","floor":10.0,"turns":8.0},{"damage":1.0,"enemies":"3 Louse","floor":14.0,"turns":4.0},{"damage":43.0,"enemies":"The Guardian","floor":16.0,"turns":10.0},{"damage":16,"enemies":"2 Thieves","floor":18,"turns":3},{"damage":6,"enemies":"Shell Parasite","floor":22,"turns":5},{"damage":24,"enemies":"Slavers","floor":23,"turns":5},{"damage":30,"enemies":"Snake Plant","floor":25,"turns":4},{"damage":43,"enemies":"Gremlin Leader","floor":28,"turns":7}],"seed_played":"-6580715904434162781","potions_obtained":[{"floor":1.0,"key":"Block Potion"},{"floor":3.0,"key":"Fire Potion"}],"is_trial":false,"path_per_floor":["M","?","M","$","?","E","M","R","T","E","?","?","$","M","R","B",null,"M","?","$","?","M","E","R","M","T","R","E"],"character_chosen":"THE_SILENT","items_purchased":["Dash","Well Laid Plans","Noxious Fumes"],"campfire_rested":3,"item_purchase_floors":[4,13,20],"current_hp_per_floor":[59,59,59,59,59,59,54,54,54,34,14,14,14,15,34,18,54,40,40,40,40,36,24,46,18,18,40,0],"gold":86,"neow_bonus":"THREE_ENEMY_KILL","is_prod":false,"is_daily":false,"chose_seed":false,"campfire_upgraded":1,"win_rate":0,"timestamp":1560453199,"path_taken":["M","?","?","$","?","E","M","R","T","E","?","?","$","M","R","BOSS","M","?","$","?","M","E","R","M","T","R","E"],"build_version":"2019-01-23","purchased_purges":1,"victory":false,"max_hp_per_floor":[66,66,66,66,66,66,66,66,66,66,66,66,66,66,66,66,66,66,66,66,66,66,76,76,76,76,76,76],"card_choices":[{"not_picked":["Heel Hook","Outmaneuver","Concentrate"],"picked":"SKIP","floor":1.0},{"not_picked":["Underhanded Strike","Calculated Gamble"],"picked":"Blade Dance","floor":3.0},{"not_picked":["Infinite Blades","Dodge and Roll"],"picked":"Die Die Die","floor":6.0},{"not_picked":["Calculated Gamble","Predator"],"picked":"Bouncing Flask","floor":7.0},{"not_picked":["Infinite Blades","Acrobatics"],"picked":"Poisoned Stab","floor":10.0},{"not_picked":["Acrobatics","Deadly Poison"],"picked":"Caltrops","floor":14.0},{"not_picked":["Grand Finale","Unload"],"picked":"Die Die Die","floor":16.0},{"not_picked":["Cloak And Dagger","PiercingWail"],"picked":"Dodge and Roll+1","floor":18},{"not_picked":["Blade Dance","Poisoned Stab","Dodge and Roll"],"picked":"SKIP","floor":22},{"not_picked":["Setup","Slice","Outmaneuver"],"picked":"SKIP","floor":23},{"not_picked":["Outmaneuver","All Out Attack","Sucker Punch"],"picked":"SKIP","floor":25}],"player_experience":530620,"relics_obtained":[{"floor":6.0,"key":"Orichalcum"},{"floor":9.0,"key":"Anchor"},{"floor":10.0,"key":"Blood Vial"},{"floor":23,"key":"Pear"},{"floor":26,"key":"Turnip"}],"event_choices":[{"cards_removed":["Strike_G"],"damage_healed":0.0,"max_hp_gain":0.0,"max_hp_loss":0.0,"gold_gain":0.0,"event_name":"Bonfire Elementals","player_choice":"Offered Basic","floor":2.0,"gold_loss":0.0,"damage_taken":0.0},{"damage_healed":0.0,"max_hp_gain":0.0,"max_hp_loss":0.0,"gold_gain":0.0,"event_name":"Big Fish","player_choice":"Box","floor":5.0,"gold_loss":0.0,"damage_taken":0.0,"relics_obtained":["Pantograph"],"cards_obtained":["Regret"]},{"damage_healed":0.0,"max_hp_gain":0.0,"max_hp_loss":0.0,"gold_gain":0.0,"event_name":"Shining Light","player_choice":"Entered Light","floor":11.0,"gold_loss":0.0,"damage_taken":20.0,"cards_upgraded":["Strike_G","Bouncing Flask"]},{"damage_healed":0.0,"max_hp_gain":0.0,"max_hp_loss":0.0,"gold_gain":55.0,"event_name":"Golden Wing","player_choice":"Gained Gold","floor":12.0,"gold_loss":0.0,"damage_taken":0.0},{"cards_removed":["Strike_G"],"damage_healed":0,"gold_gain":0,"player_choice":"Gave Gold","damage_taken":0,"max_hp_gain":0,"max_hp_loss":0,"event_name":"Beggar","floor":19,"gold_loss":75},{"damage_healed":0,"gold_gain":0,"player_choice":"Ignored","damage_taken":0,"max_hp_gain":0,"max_hp_loss":0,"event_name":"Ghosts","floor":21,"gold_loss":0}],"is_beta":false,"boss_relics":[{"not_picked":["Runic Pyramid","Runic Dome"],"picked":"Snecko Eye"}],"items_purged_floors":[13],"is_endless":false,"potions_floor_spawned":[1,3,6,16,22],"killed_by":"Gremlin Leader","ascension_level":20}