{"gold_per_floor":[111,122,122,142,15,53,53,69,69,87,110,110,110,110,110,230,230,245,98,13,37,37],"floor_reached":22,"playtime":1580,"items_purged":["Strike_B","Strike_B"],"score":186,"play_id":"8b448518-82d6-4b29-bdbe-1255dd741a96","local_time":"20191005203928","is_ascension_mode":false,"campfire_choices":[{"data":"Redo","floor":7.0,"key":"SMITH"},{"floor":12.0,"key":"REST"},{"data":"Loop","floor":15.0,"key":"SMITH"}],"neow_cost":"NONE","seed_source_timestamp":0,"circlet_count":0,"master_deck":["Strike_B","Strike_B","Defend_B","Defend_B","Defend_B","Defend_B","Zap","Dualcast","Loop+1","Capacitor","Ball Lightning","Coolheaded","Redo+1","Conserve Battery","Redo","Conserve Battery","Fission","Lockon","Conserve Battery"],"special_seed":0,"relics":["Cracked Core","NeowsBlessing","Golden Idol","Boot","Vajra","Pear","Snecko Eye","Shovel"],"potions_floor_usage":[21],"damage_taken":[{"damage":0.0,"enemies":"Jaw Worm","floor":1.0,"turns":1.0},{"damage":0.0,"enemies":"Small Slimes","floor":2.0,"turns":1.0},{"damage":0.0,"enemies":"2 Louse","floor":4.0,"turns":1.0},{"damage":30.0,"enemies":"Gremlin Nob","floor":6.0,"turns":5.0},{"damage":17.0,"enemies":"Lots of Slimes","floor":8.0,"turns":4.0},{"damage":0.0,"enemies":"2 Fungi Beasts","floor":10.0,"turns":3.0},{"damage":19.0,"enemies":"Gremlin Gang","floor":11.0,"turns":4.0},{"damage":15.0,"enemies":"Hexaghost","floor":16.0,"turns":10.0},{"damage":15,"enemies":"Shell Parasite","floor":18,"turns":8},{"damage":33,"enemies":"2 Thieves","floor":21,"turns":4},{"damage":34,"enemies":"Centurion and Healer","floor":22,"turns":6}],"seed_played":"2786284951001470662","potions_obtained":[{"floor":1.0,"key":"PowerPotion"},{"floor":2.0,"key":"FearPotion"},{"floor":8.0,"key":"Ancient Potion"},{"floor":11.0,"key":"SpeedPotion"},{"floor":16.0,"key":"LiquidBronze"},{"floor":18,"key":"FearPotion"}],"is_trial":false,"path_per_floor":["M","M","?","M","$","E","R","M","T","M","M","R","?","?","R","B",null,"M","$","?","M","M"],"character_chosen":"DEFECT","items_purchased":["Coolheaded","Conserve Battery"],"campfire_rested":1,"item_purchase_floors":[5,19],"current_hp_per_floor":[75,75,69,69,69,39,39,22,22,22,3,23,33,33,33,18,79,64,64,64,31,0],"gold":37,"neow_bonus":"THREE_ENEMY_KILL","is_prod":false,"is_daily":false,"chose_seed":false,"campfire_upgraded":2,"win_rate":0.0,"timestamp":1570322368,"path_taken":["M","M","?","M","$","E","R","M","T","M","M","R","?","?","R","BOSS","M","$","?","M","M"],"build_version":"2019-07-17","purchased_purges":2,"victory":false,"max_hp_per_floor":[75,75,69,69,69,69,69,69,69,69,69,69,79,79,79,79,79,79,79,79,79,79],"card_choices":[{"not_picked":["Consume","Scrape"],"picked":"Loop","floor":1.0},{"not_picked":["Go for the Eyes","Chill"],"picked":"Capacitor","floor":2.0},{"not_picked":["Sweeping Beam","Go for the Eyes"],"picked":"Ball Lightning","floor":4.0},{"not_picked":["Skim","Stack"],"picked":"Redo","floor":6.0},{"not_picked":["Gash","Stack"],"picked":"Conserve Battery","floor":8.0},{"not_picked":["Compile Driver","Chill"],"picked":"Redo","floor":10.0},{"not_picked":["Stack","Redo"],"picked":"Conserve Battery","floor":11.0},{"not_picked":["Seek","Rainbow"],"picked":"Fission","floor":16.0},{"not_picked":["Streamline+1","Doom and Gloom"],"picked":"Lockon","floor":18},{"not_picked":["Reinforced Body+1","Gash","Go for the Eyes"],"picked":"SKIP","floor":21}],"player_experience":35044,"relics_obtained":[{"floor":6.0,"key":"Boot"},{"floor":9.0,"key":"Vajra"}],"event_choices":[{"damage_healed":0.0,"max_hp_gain":0.0,"max_hp_loss":6.0,"gold_gain":0.0,"event_name":"Golden Idol","player_choice":"Lose Max HP","floor":3.0,"gold_loss":0.0,"damage_taken":0.0,"relics_obtained":["Golden Idol"]},{"damage_healed":0.0,"max_hp_gain":0.0,"max_hp_loss":0.0,"gold_gain":0.0,"event_name":"Dead Adventurer","player_choice":"Searched \u00271\u0027 times","floor":13.0,"gold_loss":0.0,"damage_taken":0.0,"relics_obtained":["Pear"]},{"damage_healed":0.0,"max_hp_gain":0.0,"max_hp_loss":0.0,"gold_gain":0.0,"event_name":"Liars Game","player_choice":"Ignored","floor":14.0,"gold_loss":0.0,"damage_taken":0.0},{"damage_healed":0,"gold_gain":0,"player_choice":"Obtained Relic","damage_taken":0,"relics_obtained":["Shovel"],"max_hp_gain":0,"max_hp_loss":0,"event_name":"Addict","floor":20,"gold_loss":85}],"is_beta":false,"boss_relics":[{"not_picked":["Inserter","Runic Dome"],"picked":"Snecko Eye"}],"items_purged_floors":[5,19],"is_endless":false,"potions_floor_spawned":[1,2,8,11,16,18],"killed_by":"Centurion and Healer","ascension_level":0}