{"gold_per_floor":[119,69,84,100,116,116,142,142,169,15,26,26,46,61,61,165,165,184,184,184,197,112,138,163,163],"floor_reached":25,"playtime":2506,"items_purged":[],"score":270,"play_id":"fa0d61f5-aa25-430f-a9b5-426c33d8c93d","local_time":"20180726212326","is_ascension_mode":true,"campfire_choices":[{"data":"Sweeping Beam","floor":6,"key":"SMITH"},{"data":"Rip and Tear","floor":8,"key":"SMITH"},{"data":"Dualcast","floor":12,"key":"SMITH"},{"data":"Leap","floor":15,"key":"SMITH"}],"neow_cost":"NONE","seed_source_timestamp":162888193816321,"circlet_count":0,"master_deck":["Defend_B","Defend_B","Defend_B","Defend_B","Zap","Dualcast+1","Go for the Eyes+1","Rip and Tear+1","Sweeping Beam+1","Leap+1","Self Repair","Double Energy","Cold Snap","Fission","Ball Lightning+1","Bite","Bite","Bite","Bite","Bite","Consume+1","Seek"],"relics":["Lizard Tail","Whetstone","Orichalcum","Omamori","White Beast Statue","Potion Belt","Lantern","Happy Flower"],"potions_floor_usage":[7,16,16,16,18,23,23,25],"damage_taken":[{"damage":10,"enemies":"Cultist","floor":1,"turns":5},{"damage":6,"enemies":"Jaw Worm","floor":3,"turns":4},{"damage":13,"enemies":"Small Slimes","floor":4,"turns":2},{"damage":1,"enemies":"2 Fungi Beasts","floor":5,"turns":4},{"damage":7,"enemies":"Gremlin Nob","floor":7,"turns":4},{"damage":0,"enemies":"Large Slime","floor":11,"turns":5},{"damage":11,"enemies":"Lots of Slimes","floor":13,"turns":3},{"damage":7,"enemies":"3 Louse","floor":14,"turns":3},{"damage":24,"enemies":"Slime Boss","floor":16,"turns":12},{"damage":20,"enemies":"2 Thieves","floor":18,"turns":3},{"damage":14,"enemies":"Spheric Guardian","floor":21,"turns":4},{"damage":86,"enemies":"Gremlin Leader","floor":23,"turns":9},{"damage":29,"enemies":"Snake Plant","floor":25,"turns":4}],"seed_played":"-2446618351647426416","potions_obtained":[{"floor":3,"key":"SkillPotion"},{"floor":5,"key":"PowerPotion"},{"floor":7,"key":"Swift Potion"},{"floor":14,"key":"EssenceOfSteel"},{"floor":16,"key":"Fire Potion"},{"floor":18,"key":"FocusPotion"},{"floor":21,"key":"SkillPotion"},{"floor":23,"key":"Weak Potion"}],"is_trial":false,"path_per_floor":["M","?","M","M","M","R","E","R","T","$","M","R","M","M","R","B",null,"M","?","?","M","?","E","T"],"character_chosen":"DEFECT","items_purchased":["Omamori"],"campfire_rested":0,"item_purchase_floors":[10],"current_hp_per_floor":[65,65,59,46,45,45,38,38,38,38,38,38,34,34,34,17,75,62,62,52,45,45,18,18,0],"gold":163,"neow_bonus":"BOSS_RELIC","is_prod":false,"is_daily":false,"chose_seed":false,"campfire_upgraded":4,"win_rate":0,"timestamp":1532654606,"path_taken":["M","?","?","M","M","R","E","R","T","$","M","R","M","M","R","BOSS","M","?","?","M","?","E","?","M"],"build_version":"2018-07-26","purchased_purges":0,"victory":false,"max_hp_per_floor":[75,75,75,75,75,75,75,75,75,75,75,75,75,75,75,75,75,75,75,52,52,52,52,52,52],"card_choices":[{"not_picked":["Hologram","Hello World"],"picked":"Go for the Eyes","floor":1},{"not_picked":["BootSequence","Darkness"],"picked":"Rip and Tear","floor":3},{"not_picked":["Streamline","Heatsinks"],"picked":"Sweeping Beam","floor":4},{"not_picked":["Beam Cell","Streamline"],"picked":"Leap","floor":5},{"not_picked":["Multi-Cast","Blizzard","All For One"],"picked":"SKIP","floor":7},{"not_picked":["Force Field","Leap"],"picked":"Self Repair","floor":11},{"not_picked":["Ball Lightning","Tempest"],"picked":"Double Energy","floor":13},{"not_picked":["Redo","Conserve Battery"],"picked":"Cold Snap","floor":14},{"not_picked":["Machine Learning","Electrodynamics"],"picked":"Fission","floor":16},{"not_picked":["Cold Snap","Barrage+1"],"picked":"Ball Lightning+1","floor":18},{"not_picked":["Steam","Sunder+1"],"picked":"Consume+1","floor":21},{"not_picked":["Consume","Rebound"],"picked":"Seek","floor":23}],"player_experience":177464,"relics_obtained":[{"floor":7,"key":"Whetstone"},{"floor":9,"key":"Orichalcum"},{"floor":23,"key":"Lantern"},{"floor":24,"key":"Happy Flower"}],"event_choices":[{"event_name":"The Cleric","player_choice":"Card Removal","floor":2,"damage_taken":0},{"event_name":"Drug Dealer","player_choice":"Ignored","floor":19,"damage_taken":0},{"event_name":"Vampires","player_choice":"Became a vampire","floor":20,"damage_taken":0},{"event_name":"Addict","player_choice":"Obtained Relic","floor":22,"damage_taken":0}],"is_beta":false,"boss_relics":[{"not_picked":["Busted Crown","Tiny House"],"picked":"White Beast Statue"}],"items_purged_floors":[],"is_endless":false,"potions_floor_spawned":[3,5,7,14,16,18,21,23],"killed_by":"Snake Plant","ascension_level":2}