{"gold_per_floor":[17,92,267,6,21,52,70,70,70,20,20,38,38,55,55,153,153,167,167,73,83,98,129,129,139,190,202,228,228,240,271,271,367,367,382,434,414,178,189,216,108,135,186,200,200,200,200,200,200,200,200,200,60,87,87],"floor_reached":56,"playtime":3602,"items_purged":["Doubt","Strike_G"],"score":1313,"play_id":"7f21ebe9-9120-4206-a379-f47303ed4997","local_time":"20190412205709","is_ascension_mode":false,"campfire_choices":[{"data":"Apotheosis","floor":11,"key":"SMITH"},{"data":"Acrobatics","floor":13,"key":"SMITH"},{"data":"Distraction","floor":15,"key":"SMITH"},{"data":"Malaise","floor":24,"key":"SMITH"},{"floor":29,"key":"REST"},{"data":"Footwork","floor":32,"key":"SMITH"},{"floor":45,"key":"REST"},{"floor":47,"key":"RECALL"},{"floor":49,"key":"REST"},{"data":"Well Laid Plans","floor":52,"key":"SMITH"}],"neow_cost":"NO_GOLD","seed_source_timestamp":613154738696919,"circlet_count":0,"master_deck":["Defend_G","Defend_G","Defend_G","Defend_G","Strike_G","Strike_G","Strike_G","Survivor","Neutralize","Glass Knife","Backflip","Apotheosis+1","Deflect","Acrobatics+1","Distraction+1","Outmaneuver","Dash","Malaise+1","Footwork+1","Outmaneuver","Footwork","Leg Sweep","Blur+1","Terror","Dodge and Roll","Caltrops","Dash","Phantasmal Killer","Choke+1","Panache","Deadly Poison","Well Laid Plans+1","Expertise","Noxious Fumes+1","Escape Plan","Noxious Fumes"],"relics":["Ring of the Snake","Sundial","Mercury Hourglass","Singing Bowl","Philosopher\u0027s Stone","Blue Candle","Orichalcum","PreservedInsect","Lantern","Dream Catcher","Cursed Key","Unceasing Top","Omamori","Oddly Smooth Stone","Pantograph"],"potions_floor_usage":[36,42,55,55,55],"damage_taken":[{"damage":0,"enemies":"2 Louse","floor":1,"turns":2},{"damage":7,"enemies":"Small Slimes","floor":5,"turns":3},{"damage":12,"enemies":"Gremlin Nob","floor":6,"turns":5},{"damage":0,"enemies":"Cultist","floor":7,"turns":3},{"damage":0,"enemies":"Large Slime","floor":12,"turns":4},{"damage":3,"enemies":"Lots of Slimes","floor":14,"turns":3},{"damage":26,"enemies":"Slime Boss","floor":16,"turns":11},{"damage":0,"enemies":"Chosen","floor":18,"turns":4},{"damage":0,"enemies":"2 Thieves","floor":21,"turns":4},{"damage":3,"enemies":"Snecko","floor":22,"turns":5},{"damage":1,"enemies":"Book of Stabbing","floor":23,"turns":7},{"damage":2,"enemies":"Cultist and Chosen","floor":25,"turns":10},{"damage":1,"enemies":"Centurion and Healer","floor":27,"turns":10},{"damage":23,"enemies":"Slavers","floor":28,"turns":6},{"damage":3,"enemies":"Shelled Parasite and Fungi","floor":30,"turns":6},{"damage":0,"enemies":"Gremlin Leader","floor":31,"turns":8},{"damage":19,"enemies":"Champ","floor":33,"turns":17},{"damage":0,"enemies":"Orb Walker","floor":35,"turns":4},{"damage":27,"enemies":"2 Orb Walkers","floor":36,"turns":3},{"damage":0,"enemies":"3 Darklings","floor":39,"turns":4},{"damage":27,"enemies":"Giant Head","floor":40,"turns":7},{"damage":0,"enemies":"Reptomancer","floor":42,"turns":6},{"damage":13,"enemies":"4 Shapes","floor":44,"turns":5},{"damage":26,"enemies":"Awakened One","floor":50,"turns":14},{"damage":31,"enemies":"Shield and Spear","floor":54,"turns":5},{"damage":46,"enemies":"The Heart","floor":55,"turns":10}],"seed_played":"4699127742234501125","potions_obtained":[{"floor":5,"key":"Strength Potion"},{"floor":6,"key":"SkillPotion"},{"floor":14,"key":"GhostInAJar"},{"floor":37,"key":"GamblersBrew"},{"floor":44,"key":"AttackPotion"},{"floor":54,"key":"Strength Potion"}],"is_trial":false,"path_per_floor":["M","?","?","$","M","E","M","?","T","?","R","M","R","M","R","B",null,"M","?","$","M","M","E","R","M","T","M","E","R","M","E","R","B",null,"M","?","?","$","M","E","$","E","T","M","R","?","R","?","R","B",null,"R","$","E","B",null],"character_chosen":"THE_SILENT","items_purchased":["Apotheosis","Footwork","Outmaneuver","Panache","Deadly Poison","Well Laid Plans","Expertise","Noxious Fumes"],"campfire_rested":3,"item_purchase_floors":[4,20,20,38,38,41,41,53],"current_hp_per_floor":[70,59,59,59,52,40,40,33,33,33,33,33,33,30,30,4,70,72,72,72,72,69,68,68,68,68,67,44,66,63,63,63,44,74,74,49,49,49,51,26,26,28,28,17,42,42,42,42,67,41,84,84,84,55,34],"gold":87,"neow_bonus":"THREE_RARE_CARDS","is_prod":false,"is_daily":false,"chose_seed":false,"campfire_upgraded":6,"win_rate":0,"timestamp":1555117029,"path_taken":["M","?","?","$","M","E","M","?","T","?","R","M","R","M","R","BOSS","M","?","$","M","?","E","R","M","T","M","E","R","M","E","R","BOSS","M","?","?","$","?","E","$","E","T","M","R","?","R","?","R","BOSS","R","$","E","BOSS"],"build_version":"2019-01-23","purchased_purges":2,"victory":true,"max_hp_per_floor":[70,70,70,70,70,70,70,70,70,70,70,70,70,70,70,70,70,72,72,72,72,72,72,72,74,74,74,74,74,74,74,74,74,74,74,76,76,76,78,80,80,82,82,84,84,84,84,84,84,84,84,84,84,86,86],"card_choices":[{"not_picked":["Doppelganger","A Thousand Cuts"],"picked":"Glass Knife","floor":0},{"not_picked":["Setup","Quick Slash"],"picked":"Backflip","floor":1},{"not_picked":["Accuracy","Distraction"],"picked":"Deflect","floor":5},{"not_picked":["Dagger Spray","Dodge and Roll"],"picked":"Acrobatics","floor":6},{"not_picked":["Sucker Punch","Blade Dance"],"picked":"Distraction","floor":7},{"not_picked":["Crippling Poison","Dodge and Roll"],"picked":"Outmaneuver","floor":12},{"not_picked":["Noxious Fumes","Underhanded Strike"],"picked":"Dash","floor":14},{"not_picked":["Corpse Explosion","Grand Finale"],"picked":"Malaise","floor":16},{"not_picked":["Slice","Bane","Prepared"],"picked":"Singing Bowl","floor":18},{"not_picked":["Backflip","Slice+1"],"picked":"Footwork","floor":21},{"not_picked":["Poisoned Stab+1","Flying Knee"],"picked":"Leg Sweep","floor":22},{"not_picked":["Caltrops","Bouncing Flask"],"picked":"Blur+1","floor":23},{"not_picked":["Underhanded Strike+1","Flying Knee+1","PiercingWail"],"picked":"Singing Bowl","floor":25},{"not_picked":["Underhanded Strike","Cloak And Dagger"],"picked":"Terror","floor":27},{"not_picked":["Masterful Stab","Backstab"],"picked":"Dodge and Roll","floor":28},{"not_picked":["A Thousand Cuts","Prepared"],"picked":"Caltrops","floor":30},{"not_picked":["Concentrate+1","PiercingWail+1"],"picked":"Dash","floor":31},{"not_picked":["Doppelganger","A Thousand Cuts"],"picked":"Phantasmal Killer","floor":33},{"not_picked":["Distraction+1","Backflip+1"],"picked":"Choke+1","floor":35},{"not_picked":["Concentrate+1","Underhanded Strike+1","Eviscerate+1"],"picked":"Singing Bowl","floor":36},{"not_picked":["Acrobatics","Backflip","Dagger Spray"],"picked":"Singing Bowl","floor":39},{"not_picked":["Deadly Poison+1","Deflect","Dash+1"],"picked":"Singing Bowl","floor":40},{"not_picked":["Acrobatics+1","Corpse Explosion","Skewer+1"],"picked":"Singing Bowl","floor":42},{"not_picked":["Sucker Punch","Outmaneuver+1","Choke+1"],"picked":"Singing Bowl","floor":44},{"not_picked":["Poisoned Stab","Bane+1"],"picked":"Noxious Fumes+1","floor":45},{"not_picked":["Masterful Stab","Prepared"],"picked":"Escape Plan","floor":49},{"not_picked":["Backflip","Dagger Spray","Phantasmal Killer"],"picked":"Singing Bowl","floor":54}],"player_experience":794975,"relics_obtained":[{"floor":6,"key":"Sundial"},{"floor":9,"key":"Singing Bowl"},{"floor":19,"key":"Blue Candle"},{"floor":23,"key":"Orichalcum"},{"floor":26,"key":"PreservedInsect"},{"floor":28,"key":"Lantern"},{"floor":31,"key":"Dream Catcher"},{"floor":36,"key":"Unceasing Top"},{"floor":40,"key":"Omamori"},{"floor":42,"key":"Oddly Smooth Stone"},{"floor":54,"key":"Pantograph"}],"event_choices":[{"damage_healed":0,"gold_gain":75,"player_choice":"Gather Gold","damage_taken":11,"max_hp_gain":0,"max_hp_loss":0,"event_name":"World of Goop","floor":2,"gold_loss":0},{"damage_healed":0,"gold_gain":175,"player_choice":"AGREE","damage_taken":0,"max_hp_gain":0,"max_hp_loss":0,"event_name":"Liars Game","floor":3,"gold_loss":0,"cards_obtained":["Doubt"]},{"damage_healed":0,"gold_gain":0,"player_choice":"Success","damage_taken":7,"relics_obtained":["Mercury Hourglass"],"max_hp_gain":0,"max_hp_loss":0,"event_name":"Scrap Ooze","floor":8,"gold_loss":0},{"cards_removed":["Defend_G"],"damage_healed":0,"gold_gain":0,"player_choice":"Card Removal","damage_taken":0,"max_hp_gain":0,"max_hp_loss":0,"event_name":"The Cleric","floor":10,"gold_loss":50},{"damage_healed":0,"gold_gain":0,"player_choice":"Relic","damage_taken":0,"max_hp_gain":0,"max_hp_loss":0,"event_name":"Wheel of Change","floor":19,"gold_loss":0},{"damage_healed":0,"gold_gain":0,"player_choice":"Fight","damage_taken":0,"max_hp_gain":0,"max_hp_loss":0,"event_name":"Mysterious Sphere","floor":36,"gold_loss":0},{"damage_healed":0,"gold_gain":0,"player_choice":"Bought 1 Potion","damage_taken":0,"max_hp_gain":0,"max_hp_loss":0,"event_name":"The Woman in Blue","floor":37,"gold_loss":0},{"cards_removed":["Strike_G"],"damage_healed":0,"gold_gain":0,"player_choice":"Removed Attack","damage_taken":0,"max_hp_gain":0,"max_hp_loss":0,"event_name":"Falling","floor":46,"gold_loss":0},{"damage_healed":0,"gold_gain":0,"player_choice":"Ignored","damage_taken":0,"max_hp_gain":0,"max_hp_loss":0,"event_name":"The Moai Head","floor":48,"gold_loss":0}],"is_beta":false,"boss_relics":[{"not_picked":["Orrery","Astrolabe"],"picked":"Philosopher\u0027s Stone"},{"not_picked":["Runic Dome","Eternal Feather"],"picked":"Cursed Key"}],"items_purged_floors":[4,53],"is_endless":false,"potions_floor_spawned":[5,6,14,18,27,31,33,35,44,54],"ascension_level":0}