{"gold_per_floor":[114,114,124,124,136,136,136,169,247,279,298,317,352,81,81,184,184,204,30,30,30,47,78,90,90,90,90,110,110,130,40,40,138,138,149,149,149,24,24,53,53,72,123,123,148,172,192,212,212,212,212,212,24,55,55],"floor_reached":56,"playtime":3517,"items_purged":["Strike_R","Strike_R","Strike_R"],"score":1218,"play_id":"0d4d8d4f-c12a-4a06-b97e-a0fc174e0c70","local_time":"20190531215326","is_ascension_mode":false,"campfire_choices":[{"data":"Bludgeon","floor":6,"key":"SMITH"},{"data":"Barricade","floor":15,"key":"SMITH"},{"data":"Entrench","floor":25,"key":"SMITH"},{"data":"Bash","floor":27,"key":"SMITH"},{"data":"Shrug It Off","floor":29,"key":"SMITH"},{"data":"True Grit","floor":32,"key":"SMITH"},{"floor":44,"key":"RECALL"},{"floor":49,"key":"REST"},{"floor":52,"key":"REST"}],"neow_cost":"NONE","seed_source_timestamp":931776704401793,"circlet_count":0,"master_deck":["Defend_R+1","Defend_R","Defend_R","Defend_R","Bash+1","Anger","Shrug It Off+1","Bludgeon+1","Cleave","Double Tap","Barricade+1","True Grit+1","Juggernaut","Entrench+1","Spot Weakness","Uppercut+1","Shrug It Off","Pummel+1","Ghostly Armor+1","Battle Trance","Apotheosis"],"relics":["Burning Blood","Blood Vial","Tiny Chest","Bag of Marbles","Centennial Puzzle","ClockworkSouvenir","Velvet Choker","MutagenicStrength","Happy Flower","Anchor","Fusion Hammer","Ice Cream","Bottled Tornado","Bag of Preparation","PreservedInsect","Dodecahedron"],"potions_floor_usage":[23,55,55,55],"damage_taken":[{"damage":6,"enemies":"Jaw Worm","floor":1,"turns":2},{"damage":0,"enemies":"2 Louse","floor":3,"turns":4},{"damage":2,"enemies":"Cultist","floor":5,"turns":4},{"damage":16,"enemies":"Lagavulin","floor":8,"turns":6},{"damage":19,"enemies":"3 Sentries","floor":10,"turns":5},{"damage":12,"enemies":"Blue Slaver","floor":11,"turns":2},{"damage":1,"enemies":"2 Fungi Beasts","floor":12,"turns":3},{"damage":14,"enemies":"Lagavulin","floor":13,"turns":7},{"damage":27,"enemies":"Slime Boss","floor":16,"turns":8},{"damage":7,"enemies":"Shell Parasite","floor":18,"turns":6},{"damage":13,"enemies":"2 Thieves","floor":22,"turns":4},{"damage":17,"enemies":"Gremlin Leader","floor":23,"turns":7},{"damage":12,"enemies":"Shelled Parasite and Fungi","floor":24,"turns":6},{"damage":6,"enemies":"3 Cultists","floor":28,"turns":5},{"damage":0,"enemies":"Centurion and Healer","floor":30,"turns":5},{"damage":12,"enemies":"Champ","floor":33,"turns":10},{"damage":0,"enemies":"Orb Walker","floor":35,"turns":2},{"damage":17,"enemies":"Reptomancer","floor":40,"turns":7},{"damage":0,"enemies":"3 Shapes","floor":42,"turns":3},{"damage":0,"enemies":"Nemesis","floor":45,"turns":7},{"damage":10,"enemies":"Jaw Worm Horde","floor":47,"turns":4},{"damage":0,"enemies":"3 Darklings","floor":48,"turns":3},{"damage":15,"enemies":"Donu and Deca","floor":50,"turns":12},{"damage":1,"enemies":"Shield and Spear","floor":54,"turns":8},{"damage":55,"enemies":"The Heart","floor":55,"turns":12}],"seed_played":"9100774803115768067","potions_obtained":[{"floor":4,"key":"Regen Potion"},{"floor":4,"key":"SneckoOil"},{"floor":4,"key":"Explosive Potion"},{"floor":5,"key":"Fire Potion"},{"floor":8,"key":"Strength Potion"},{"floor":16,"key":"SteroidPotion"},{"floor":33,"key":"Strength Potion"},{"floor":47,"key":"EssenceOfSteel"},{"floor":48,"key":"Weak Potion"}],"is_trial":false,"path_per_floor":["M","?","M","?","M","R","?","E","T","E","M","M","E","$","R","B",null,"M","$","?","?","M","E","M","R","T","R","M","R","M","?","R","B",null,"M","T","?","$","?","E","$","M","T","R","E","T","M","M","R","B",null,"R","$","E","B",null],"character_chosen":"IRONCLAD","items_purchased":["ClockworkSouvenir","Entrench","Apotheosis"],"campfire_rested":2,"item_purchase_floors":[14,19,53],"current_hp_per_floor":[80,73,79,79,80,80,85,75,75,64,60,67,61,61,61,42,85,84,84,84,84,78,69,65,65,65,65,67,67,75,75,75,71,85,85,85,85,85,81,70,70,78,78,78,81,81,77,81,81,72,81,81,81,81,32],"gold":55,"neow_bonus":"THREE_CARDS","is_prod":false,"is_daily":false,"chose_seed":false,"campfire_upgraded":6,"win_rate":0,"timestamp":1559354006,"path_taken":["M","?","M","?","?","R","?","E","T","E","M","M","E","$","R","BOSS","M","$","?","?","M","E","M","R","T","R","M","R","?","?","R","BOSS","M","?","?","$","?","E","$","M","T","R","E","?","?","M","R","BOSS","R","$","E","BOSS"],"build_version":"2019-01-23","purchased_purges":3,"victory":true,"max_hp_per_floor":[80,80,80,80,80,80,85,85,85,85,85,85,85,85,85,85,85,85,85,85,85,85,85,85,85,85,85,85,85,85,85,85,85,85,85,85,85,85,81,81,81,81,81,81,81,81,81,81,81,81,81,81,81,81,81],"card_choices":[{"not_picked":["Clothesline","Perfected Strike"],"picked":"Anger","floor":0},{"not_picked":["Anger","Perfected Strike"],"picked":"Shrug It Off","floor":1},{"not_picked":["Havoc","Sword Boomerang"],"picked":"Bludgeon","floor":3},{"not_picked":["Anger","Thunderclap"],"picked":"Cleave","floor":5},{"not_picked":["Heavy Blade","Sword Boomerang"],"picked":"Double Tap","floor":8},{"not_picked":["Armaments","Disarm"],"picked":"Barricade","floor":10},{"not_picked":["Flex","Armaments"],"picked":"True Grit","floor":11},{"not_picked":["Clothesline","Cleave","Searing Blow"],"picked":"SKIP","floor":12},{"not_picked":["True Grit","Pummel","Twin Strike"],"picked":"SKIP","floor":13},{"not_picked":["Offering","Feed"],"picked":"Juggernaut","floor":16},{"not_picked":["Thunderclap+1","Evolve","Headbutt"],"picked":"SKIP","floor":18},{"not_picked":["Burning Pact","Sword Boomerang","Armaments"],"picked":"SKIP","floor":22},{"not_picked":["Double Tap","True Grit","Anger+1"],"picked":"SKIP","floor":23},{"not_picked":["Clash","Pommel Strike"],"picked":"Spot Weakness","floor":24},{"not_picked":["Perfected Strike","Wild Strike"],"picked":"Uppercut+1","floor":28},{"not_picked":["Anger+1","Headbutt","Hemokinesis"],"picked":"SKIP","floor":30},{"not_picked":["Pommel Strike","True Grit"],"picked":"Shrug It Off","floor":35},{"not_picked":["Body Slam","Sentinel"],"picked":"Pummel+1","floor":40},{"not_picked":["Reckless Charge+1","Uppercut+1","Warcry"],"picked":"SKIP","floor":42},{"not_picked":["Feed","Infernal Blade+1"],"picked":"Ghostly Armor+1","floor":45},{"not_picked":["Iron Wave","Searing Blow"],"picked":"Battle Trance","floor":47},{"not_picked":["Twin Strike+1","Intimidate+1","Flex"],"picked":"SKIP","floor":48},{"not_picked":["Ghostly Armor+1","Clash+1","True Grit"],"picked":"SKIP","floor":54}],"player_experience":948054,"relics_obtained":[{"floor":8,"key":"Blood Vial"},{"floor":9,"key":"Tiny Chest"},{"floor":10,"key":"Bag of Marbles"},{"floor":13,"key":"Centennial Puzzle"},{"floor":23,"key":"Happy Flower"},{"floor":26,"key":"Anchor"},{"floor":36,"key":"Ice Cream"},{"floor":40,"key":"Bottled Tornado"},{"floor":45,"key":"Bag of Preparation"},{"floor":46,"key":"PreservedInsect"},{"floor":54,"key":"Dodecahedron"}],"event_choices":[{"cards_removed":["Strike_R"],"damage_healed":0,"gold_gain":0,"player_choice":"Card Removal","damage_taken":7,"max_hp_gain":0,"max_hp_loss":0,"event_name":"Golden Wing","floor":2,"gold_loss":0},{"damage_healed":0,"gold_gain":0,"player_choice":"Got Potions","damage_taken":0,"max_hp_gain":0,"max_hp_loss":0,"event_name":"Lab","floor":4,"gold_loss":0},{"damage_healed":0,"gold_gain":0,"player_choice":"Donut","damage_taken":0,"max_hp_gain":5,"max_hp_loss":0,"event_name":"Big Fish","floor":7,"gold_loss":0},{"damage_healed":0,"gold_gain":0,"player_choice":"Inject Mutagens","damage_taken":0,"relics_obtained":["MutagenicStrength"],"max_hp_gain":0,"max_hp_loss":0,"event_name":"Drug Dealer","floor":20,"gold_loss":0},{"damage_healed":0,"gold_gain":0,"player_choice":"Ignored","damage_taken":0,"max_hp_gain":0,"max_hp_loss":0,"event_name":"Vampires","floor":21,"gold_loss":0},{"cards_removed":["Strike_R"],"damage_healed":0,"gold_gain":0,"player_choice":"Upgrade and Remove","damage_taken":0,"max_hp_gain":0,"max_hp_loss":0,"event_name":"Designer","floor":31,"gold_loss":90,"cards_upgraded":["Defend_R"]},{"damage_healed":0,"gold_gain":0,"player_choice":"Ignored","damage_taken":0,"max_hp_gain":0,"max_hp_loss":0,"event_name":"Tomb of Lord Red Mask","floor":37,"gold_loss":0},{"damage_healed":0,"gold_gain":0,"player_choice":"Max HP","damage_taken":0,"max_hp_gain":0,"max_hp_loss":4,"event_name":"Winding Halls","floor":39,"gold_loss":0}],"is_beta":false,"boss_relics":[{"not_picked":["Cursed Key","Calling Bell"],"picked":"Velvet Choker"},{"not_picked":["Black Blood","Astrolabe"],"picked":"Fusion Hammer"}],"items_purged_floors":[14,19,38],"is_endless":false,"potions_floor_spawned":[5,8,13,16,18,22,33,35,45,47,48],"ascension_level":0}