{"gold_per_floor":[111,36,36,36,36,67,67,98,98,98,116,142,42,117,117,215,215,229,154,154,167,42,42,77,93,93,93,119,119,119,136,136,136],"floor_reached":33,"playtime":1676,"items_purged":["Strike_G","Defend_G","Defend_G"],"score":399,"play_id":"1b722f3d-fcb0-4683-9f70-d9ac9fcb32e7","local_time":"20191014221257","is_ascension_mode":true,"campfire_choices":[{"data":"Neutralize","floor":7,"key":"SMITH"},{"data":"Slice","floor":10,"key":"SMITH"},{"floor":15,"key":"REST"},{"data":"Caltrops","floor":23,"key":"SMITH"},{"floor":30,"key":"REST"},{"data":"Malaise","floor":32,"key":"SMITH"}],"neow_cost":"NONE","seed_source_timestamp":423385012468200,"circlet_count":0,"master_deck":["Strike_G+1","Strike_G","Strike_G","Defend_G","Defend_G","Defend_G","Survivor+1","Neutralize+1","Cloak And Dagger","Sucker Punch","Slice+1","Caltrops+1","Malaise+1","Dash","Dash+1","Footwork","Acrobatics+1","Predator+1"],"relics":["Ring of the Snake","NeowsBlessing","PreservedInsect","Juzu Bracelet","WingedGreaves","Anchor","Cursed Key","Oddly Smooth Stone","Gremlin Horn","Omamori"],"potions_floor_usage":[16,16,28,33,33,33],"damage_taken":[{"damage":0,"enemies":"2 Louse","floor":1,"turns":1},{"damage":0,"enemies":"3 Sentries","floor":6,"turns":1},{"damage":0,"enemies":"Lagavulin","floor":8,"turns":1},{"damage":4,"enemies":"Cultist","floor":11,"turns":3},{"damage":20,"enemies":"3 Sentries","floor":12,"turns":6},{"damage":21,"enemies":"Hexaghost","floor":16,"turns":12},{"damage":0,"enemies":"3 Byrds","floor":18,"turns":5},{"damage":16,"enemies":"Chosen","floor":21,"turns":6},{"damage":5,"enemies":"Book of Stabbing","floor":24,"turns":5},{"damage":0,"enemies":"Snake Plant","floor":25,"turns":5},{"damage":12,"enemies":"Gremlin Leader","floor":28,"turns":6},{"damage":4,"enemies":"Chosen and Byrds","floor":31,"turns":5},{"damage":53,"enemies":"Champ","floor":33,"turns":15}],"seed_played":"-3356869440705644043","potions_obtained":[{"floor":1,"key":"Energy Potion"},{"floor":5,"key":"SmokeBomb"},{"floor":5,"key":"SneckoOil"},{"floor":5,"key":"PowerPotion"},{"floor":6,"key":"Weak Potion"},{"floor":8,"key":"AttackPotion"},{"floor":24,"key":"Swift Potion"},{"floor":25,"key":"Fire Potion"},{"floor":28,"key":"Weak Potion"},{"floor":31,"key":"FearPotion"}],"is_trial":false,"path_per_floor":["M","$","?","?","?","E","R","E","T","R","M","E","$","?","R","B",null,"M","?","?","M","$","R","E","M","T","?","E","?","R","M","R","B"],"character_chosen":"THE_SILENT","items_purchased":[],"campfire_rested":2,"item_purchase_floors":[],"current_hp_per_floor":[70,70,56,61,61,61,61,61,61,61,57,37,37,30,52,31,75,75,75,61,45,45,45,40,40,40,40,28,28,52,48,48,0],"gold":136,"neow_bonus":"THREE_ENEMY_KILL","is_prod":false,"is_daily":false,"chose_seed":false,"campfire_upgraded":4,"win_rate":0,"timestamp":1571105577,"path_taken":["M","$","?","?","?","E","R","E","T","R","M","E","$","?","R","BOSS","M","?","?","M","$","R","E","M","T","?","E","?","R","M","R","BOSS"],"build_version":"2019-07-17","purchased_purges":3,"victory":false,"max_hp_per_floor":[70,70,70,75,75,75,75,75,75,75,75,75,75,75,75,75,75,75,75,80,80,80,80,80,80,80,80,80,80,80,80,80,80],"card_choices":[{"not_picked":["Caltrops","Flying Knee"],"picked":"Cloak And Dagger","floor":1},{"not_picked":["Doppelganger","Dodge and Roll"],"picked":"Sucker Punch","floor":6},{"not_picked":["Underhanded Strike","Deadly Poison"],"picked":"Slice","floor":8},{"not_picked":["Outmaneuver","Acrobatics","Crippling Poison"],"picked":"SKIP","floor":11},{"not_picked":["Quick Slash","Deflect"],"picked":"Caltrops","floor":12},{"not_picked":["Grand Finale","Storm of Steel"],"picked":"Malaise","floor":16},{"not_picked":["Prepared+1","PiercingWail"],"picked":"Dash","floor":18},{"not_picked":["Backflip","Catalyst+1"],"picked":"Dash+1","floor":21},{"not_picked":["Acrobatics+1","Outmaneuver+1"],"picked":"Footwork","floor":24},{"not_picked":["Endless Agony+1","Malaise"],"picked":"Acrobatics+1","floor":25},{"not_picked":["PiercingWail+1","Deadly Poison"],"picked":"Predator+1","floor":28},{"not_picked":["Deflect+1","Backflip","Underhanded Strike"],"picked":"SKIP","floor":31}],"player_experience":382114,"relics_obtained":[{"floor":6,"key":"PreservedInsect"},{"floor":8,"key":"Juzu Bracelet"},{"floor":9,"key":"WingedGreaves"},{"floor":12,"key":"Anchor"},{"floor":24,"key":"Oddly Smooth Stone"},{"floor":26,"key":"Gremlin Horn"},{"floor":28,"key":"Omamori"}],"event_choices":[{"damage_healed":0,"gold_gain":0,"player_choice":"Entered Light","damage_taken":14,"max_hp_gain":0,"max_hp_loss":0,"event_name":"Shining Light","floor":3,"gold_loss":0,"cards_upgraded":["Strike_G","Survivor"]},{"damage_healed":0,"gold_gain":0,"player_choice":"Donut","damage_taken":0,"max_hp_gain":5,"max_hp_loss":0,"event_name":"Big Fish","floor":4,"gold_loss":0},{"damage_healed":0,"gold_gain":0,"player_choice":"Got Potions","damage_taken":0,"max_hp_gain":0,"max_hp_loss":0,"event_name":"Lab","floor":5,"gold_loss":0},{"damage_healed":0,"gold_gain":75,"player_choice":"Touch","damage_taken":7,"max_hp_gain":0,"max_hp_loss":0,"event_name":"FaceTrader","floor":14,"gold_loss":0},{"cards_removed":["Strike_G"],"damage_healed":0,"gold_gain":0,"player_choice":"Gave Gold","damage_taken":0,"max_hp_gain":0,"max_hp_loss":0,"event_name":"Beggar","floor":19,"gold_loss":75},{"damage_healed":0,"gold_gain":0,"player_choice":"Shed Blood","damage_taken":19,"max_hp_gain":5,"max_hp_loss":0,"event_name":"Forgotten Altar","floor":20,"gold_loss":0},{"cards_removed":["Decay"],"damage_healed":0,"gold_gain":0,"player_choice":"Removed Curses","damage_taken":0,"max_hp_gain":0,"max_hp_loss":0,"event_name":"Fountain of Cleansing","floor":27,"gold_loss":0},{"damage_healed":0,"gold_gain":0,"player_choice":"Ignored","damage_taken":0,"max_hp_gain":0,"max_hp_loss":0,"event_name":"Vampires","floor":29,"gold_loss":0}],"is_beta":false,"boss_relics":[{"not_picked":["Busted Crown","Coffee Dripper"],"picked":"Cursed Key"}],"items_purged_floors":[2,13,22],"is_endless":false,"potions_floor_spawned":[1,6,8,24,25,28,31],"killed_by":"Champ","ascension_level":3}