{"gold_per_floor":[116,128,203,221,237,237,266,266,266,231,231,261,279,294,294,294],"floor_reached":16,"playtime":914,"items_purged":[],"score":118,"play_id":"f0f652af-b596-4c7d-812f-deac47d53c95","local_time":"20191014140259","is_ascension_mode":true,"campfire_choices":[{"data":"Zap","floor":6,"key":"SMITH"},{"floor":8,"key":"REST"},{"data":"Redo","floor":15,"key":"SMITH"}],"neow_cost":"PERCENT_DAMAGE","seed_source_timestamp":339874317796100,"circlet_count":0,"master_deck":["Strike_B","Strike_B","Strike_B","Strike_B","Defend_B","Defend_B","Defend_B","Defend_B","Zap+1","Dualcast","Conserve Battery","Beam Cell","Hologram","Redo+1","Loop","Rebound","White Noise"],"relics":["Cracked Core","Unceasing Top","Girya","Sundial","Mummified Hand","Bottled Flame"],"potions_floor_usage":[7],"damage_taken":[{"damage":1,"enemies":"2 Louse","floor":1,"turns":3},{"damage":1,"enemies":"Jaw Worm","floor":2,"turns":3},{"damage":0,"enemies":"Cultist","floor":4,"turns":3},{"damage":6,"enemies":"Blue Slaver","floor":5,"turns":4},{"damage":27,"enemies":"3 Sentries","floor":7,"turns":9},{"damage":10,"enemies":"Lagavulin","floor":12,"turns":6},{"damage":6,"enemies":"Exordium Wildlife","floor":13,"turns":4},{"damage":6,"enemies":"Red Slaver","floor":14,"turns":3},{"damage":28,"enemies":"The Guardian","floor":16,"turns":5}],"seed_played":"-2665122497365530307","potions_obtained":[{"floor":2,"key":"SpeedPotion"},{"floor":4,"key":"FairyPotion"}],"is_trial":false,"path_per_floor":["M","M","?","M","M","R","E","R","T","?","?","E","M","M","R","B"],"character_chosen":"DEFECT","items_purchased":[],"campfire_rested":1,"item_purchase_floors":[],"current_hp_per_floor":[53,52,41,41,35,35,8,30,30,48,48,38,32,26,26,0],"gold":294,"neow_bonus":"ONE_RARE_RELIC","is_prod":false,"is_daily":false,"chose_seed":false,"campfire_upgraded":2,"win_rate":0,"timestamp":1571076179,"path_taken":["M","M","?","M","M","R","E","R","T","?","?","E","M","?","R","BOSS"],"build_version":"2019-07-17","purchased_purges":0,"victory":false,"max_hp_per_floor":[75,75,75,75,75,75,75,75,75,75,75,75,75,75,75,75],"card_choices":[{"not_picked":["Skim","Heatsinks"],"picked":"Conserve Battery","floor":1},{"not_picked":["Glacier","Lockon"],"picked":"Beam Cell","floor":2},{"not_picked":["Rebound","Skim"],"picked":"Hologram","floor":4},{"not_picked":["Barrage","Reprogram"],"picked":"Redo","floor":5},{"not_picked":["Stack","Self Repair"],"picked":"Loop","floor":7},{"not_picked":["Chill","BootSequence"],"picked":"Rebound","floor":12},{"not_picked":["Auto Shields","Barrage"],"picked":"White Noise","floor":13},{"not_picked":["Redo","Stack","Gash"],"picked":"SKIP","floor":14}],"player_experience":78501,"relics_obtained":[{"floor":7,"key":"Girya"},{"floor":9,"key":"Sundial"},{"floor":12,"key":"Bottled Flame"}],"event_choices":[{"damage_healed":0,"gold_gain":75,"player_choice":"Gather Gold","damage_taken":11,"max_hp_gain":0,"max_hp_loss":0,"event_name":"World of Goop","floor":3,"gold_loss":0},{"damage_healed":18,"gold_gain":0,"player_choice":"Healed","damage_taken":0,"max_hp_gain":0,"max_hp_loss":0,"event_name":"The Cleric","floor":10,"gold_loss":35},{"damage_healed":0,"gold_gain":0,"player_choice":"Gave Potion","damage_taken":0,"relics_obtained":["Mummified Hand"],"max_hp_gain":0,"max_hp_loss":0,"event_name":"WeMeetAgain","floor":11,"gold_loss":0}],"is_beta":false,"boss_relics":[],"items_purged_floors":[],"is_endless":false,"potions_floor_spawned":[2,4],"killed_by":"The Guardian","ascension_level":1}