{"gold_per_floor":[115,65,13,13,88,117,117,144,144,171,346,346,356,374,374,479,479,497,412,105,105,121,150,150,179,233,246,274,274,274,274,274,375,375,386,223,238,238,252,252,139,166,166,181,193,227,237,39,39,39,39,39,2,36,36],"floor_reached":56,"playtime":3802,"items_purged":["Pain","Strike_B+1"],"score":1366,"play_id":"da8c3801-97eb-468e-a48d-3980617fe036","local_time":"20190619191753","is_ascension_mode":true,"campfire_choices":[{"floor":7.0,"key":"DIG"},{"floor":12.0,"key":"DIG"},{"floor":15.0,"key":"DIG"},{"floor":24.0,"key":"DIG"},{"floor":30.0,"key":"DIG"},{"floor":32.0,"key":"DIG"},{"floor":40.0,"key":"DIG"},{"floor":49.0,"key":"RECALL"},{"floor":52,"key":"DIG"}],"neow_cost":"NONE","seed_source_timestamp":613296936466941,"circlet_count":0,"master_deck":["Strike_B+1","Strike_B+1","Defend_B+1","Defend_B+1","Defend_B+1","Defend_B+1","Zap","Dualcast","Genetic Algorithm","Gash","Glacier","Self Repair","Meteor Strike","Coolheaded","Apotheosis","Seek","Gash","Hologram","Coolheaded","Gash","Conserve Battery","Seek","Capacitor+1","Gash+1","Conserve Battery+1","Meteor Strike","Skim","Dark Shackles","Capacitor","Dark Shackles","Gash+1"],"special_seed":0,"relics":["Black Star","Shovel","DataDisk","Bronze Scales","Odd Mushroom","Pocketwatch","Anchor","Smiling Mask","Boot","Pear","Calling Bell","Bag of Preparation","The Courier","Mango","Centennial Puzzle","Matryoshka","Bottled Flame","Happy Flower","Torii","Art of War","Letter Opener","PreservedInsect","Sundial","Singing Bowl","Mummified Hand","Vajra","Cursed Key","Membership Card","Thread and Needle","DollysMirror","Molten Egg 2","Omamori","Darkstone Periapt","Shuriken","Question Card","Frozen Eye","Blue Candle","Orichalcum","Cables"],"potions_floor_usage":[55,55,55],"damage_taken":[{"damage":2.0,"enemies":"2 Louse","floor":1.0,"turns":4.0},{"damage":11.0,"enemies":"3 Sentries","floor":6.0,"turns":4.0},{"damage":7.0,"enemies":"The Mushroom Lair","floor":8.0,"turns":5.0},{"damage":12.0,"enemies":"Lagavulin","floor":10.0,"turns":7.0},{"damage":0.0,"enemies":"Small Slimes","floor":13.0,"turns":2.0},{"damage":1.0,"enemies":"Jaw Worm","floor":14.0,"turns":4.0},{"damage":18.0,"enemies":"Slime Boss","floor":16.0,"turns":12.0},{"damage":24.0,"enemies":"Chosen","floor":18.0,"turns":7.0},{"damage":3.0,"enemies":"Spheric Guardian","floor":22.0,"turns":4.0},{"damage":15.0,"enemies":"Book of Stabbing","floor":23.0,"turns":6.0},{"damage":44.0,"enemies":"Gremlin Leader","floor":25.0,"turns":7.0},{"damage":0.0,"enemies":"Cultist and Chosen","floor":27.0,"turns":6.0},{"damage":1.0,"enemies":"Book of Stabbing","floor":28.0,"turns":4.0},{"damage":17.0,"enemies":"Collector","floor":33.0,"turns":9.0},{"damage":0.0,"enemies":"3 Shapes","floor":35.0,"turns":4.0},{"damage":0.0,"enemies":"Orb Walker","floor":37.0,"turns":4.0},{"damage":0.0,"enemies":"4 Shapes","floor":39.0,"turns":7.0},{"damage":1.0,"enemies":"Reptomancer","floor":42.0,"turns":4.0},{"damage":0.0,"enemies":"Maw","floor":44.0,"turns":6.0},{"damage":6.0,"enemies":"Spire Growth","floor":45.0,"turns":5.0},{"damage":7.0,"enemies":"Nemesis","floor":46.0,"turns":7.0},{"damage":0.0,"enemies":"3 Darklings","floor":47.0,"turns":5.0},{"damage":35,"enemies":"Time Eater","floor":50,"turns":10},{"damage":49,"enemies":"Shield and Spear","floor":54,"turns":8},{"damage":20,"enemies":"The Heart","floor":55,"turns":11}],"seed_played":"-5560157647614168265","potions_obtained":[{"floor":1.0,"key":"AttackPotion"},{"floor":10.0,"key":"EssenceOfSteel"},{"floor":13.0,"key":"EssenceOfSteel"},{"floor":33.0,"key":"SteroidPotion"},{"floor":35.0,"key":"FocusPotion"}],"is_trial":false,"path_per_floor":["M","?","$","?","?","E","R","?","T","E","?","R","M","M","R","B",null,"M","?","$","?","M","E","R","E","T","M","E","?","R","?","R","B",null,"M","$","M","?","M","R","$","E","T","M","M","E","M","$","R","B",null,"R","$","E","B",null],"character_chosen":"DEFECT","items_purchased":["PowerPotion","Apotheosis","Seek","Gash","Membership Card","DollysMirror","FocusPotion","Dark Shackles","Capacitor","Frozen Eye","Dark Shackles"],"campfire_rested":0,"item_purchase_floors":[3,20,20,20,36,41,41,48,48,48,53],"current_hp_per_floor":[73,73,73,78,67,56,56,49,49,37,37,37,37,43,53,42,104,87,87,87,87,94,86,86,52,52,62,61,61,61,61,61,54,104,104,104,104,104,104,104,104,106,106,108,110,112,112,112,112,87,112,112,112,73,53],"gold":36,"neow_bonus":"BOSS_RELIC","is_prod":false,"is_daily":false,"chose_seed":false,"campfire_upgraded":0,"win_rate":0,"timestamp":1560964673,"path_taken":["M","?","$","?","?","E","R","?","T","E","?","R","M","M","R","BOSS","M","?","$","?","?","E","R","E","T","M","E","?","R","?","R","BOSS","M","$","M","?","M","R","$","E","T","M","M","E","M","?","R","BOSS","R","$","E","BOSS"],"build_version":"2019-01-23","purchased_purges":2,"victory":true,"max_hp_per_floor":[75,75,75,80,80,80,80,80,80,80,80,80,80,80,90,90,104,104,104,104,104,104,104,104,104,104,104,104,104,104,104,104,104,104,104,104,104,104,104,104,104,106,106,108,110,112,112,112,112,112,112,112,112,112,112],"card_choices":[{"not_picked":["White Noise","Stack"],"picked":"Genetic Algorithm","floor":1.0},{"not_picked":["Turbo","Machine Learning"],"picked":"Gash","floor":6.0},{"not_picked":["Rip and Tear","Beam Cell"],"picked":"Glacier","floor":8.0},{"not_picked":["Doom and Gloom","Rebound","Auto Shields"],"picked":"SKIP","floor":10.0},{"not_picked":["Beam Cell","Conserve Battery"],"picked":"Self Repair","floor":13.0},{"not_picked":["Streamline","Tempest","Barrage"],"picked":"SKIP","floor":14.0},{"not_picked":["Buffer","Amplify"],"picked":"Meteor Strike","floor":16.0},{"not_picked":["Turbo+1","Gash"],"picked":"Coolheaded","floor":18.0},{"not_picked":["Capacitor","Steam"],"picked":"Hologram","floor":22.0},{"not_picked":["Tempest","Lockon","Consume"],"picked":"SKIP","floor":23.0},{"not_picked":["White Noise","Aggregate+1"],"picked":"Coolheaded","floor":25.0},{"not_picked":["Stack+1","Sunder"],"picked":"Gash","floor":27.0},{"not_picked":["Reinforced Body","Doom and Gloom"],"picked":"Conserve Battery","floor":28.0},{"not_picked":["Fission","Electrodynamics"],"picked":"Seek","floor":33.0},{"not_picked":["Cold Snap+1","Streamline+1"],"picked":"Capacitor+1","floor":35.0},{"not_picked":["Rebound+1","Compile Driver"],"picked":"Gash+1","floor":37.0},{"not_picked":["Barrage","Force Field"],"picked":"Conserve Battery+1","floor":39.0},{"not_picked":["Beam Cell+1","Cold Snap","Barrage+1"],"picked":"Singing Bowl","floor":42.0},{"not_picked":["Aggregate","Stack","Barrage+1"],"picked":"Singing Bowl","floor":44.0},{"not_picked":["Barrage+1","Stack+1","Cold Snap+1"],"picked":"Singing Bowl","floor":45.0},{"not_picked":["Fission","Sweeping Beam+1","Chaos"],"picked":"Singing Bowl","floor":46.0},{"not_picked":["Genetic Algorithm","Rebound+1","Steam Power"],"picked":"Skim","floor":47.0},{"not_picked":["Redo","Hello World+1","Conserve Battery"],"picked":"Gash+1","floor":54}],"player_experience":567992,"relics_obtained":[{"floor":6.0,"key":"Shovel"},{"floor":6.0,"key":"DataDisk"},{"floor":7.0,"key":"Bronze Scales"},{"floor":8.0,"key":"Odd Mushroom"},{"floor":9.0,"key":"Pocketwatch"},{"floor":10.0,"key":"Anchor"},{"floor":10.0,"key":"Smiling Mask"},{"floor":12.0,"key":"Boot"},{"floor":15.0,"key":"Pear"},{"floor":17.0,"key":"Bag of Preparation"},{"floor":17.0,"key":"The Courier"},{"floor":17.0,"key":"Mango"},{"floor":23.0,"key":"Matryoshka"},{"floor":23.0,"key":"Bottled Flame"},{"floor":24.0,"key":"Happy Flower"},{"floor":25.0,"key":"Torii"},{"floor":25.0,"key":"Art of War"},{"floor":26.0,"key":"Letter Opener"},{"floor":26.0,"key":"PreservedInsect"},{"floor":28.0,"key":"Sundial"},{"floor":28.0,"key":"Singing Bowl"},{"floor":30.0,"key":"Mummified Hand"},{"floor":32.0,"key":"Vajra"},{"floor":40.0,"key":"Thread and Needle"},{"floor":42.0,"key":"Molten Egg 2"},{"floor":42.0,"key":"Omamori"},{"floor":43.0,"key":"Darkstone Periapt"},{"floor":46.0,"key":"Shuriken"},{"floor":46.0,"key":"Question Card"},{"floor":52,"key":"Blue Candle"},{"floor":54,"key":"Orichalcum"},{"floor":54,"key":"Cables"}],"event_choices":[{"cards_removed":["Strike_B"],"damage_healed":0.0,"max_hp_gain":0.0,"max_hp_loss":0.0,"gold_gain":0.0,"event_name":"The Cleric","player_choice":"Card Removal","floor":2.0,"gold_loss":50.0,"damage_taken":0.0},{"damage_healed":0.0,"max_hp_gain":5.0,"max_hp_loss":0.0,"gold_gain":0.0,"event_name":"Big Fish","player_choice":"Donut","floor":4.0,"gold_loss":0.0,"damage_taken":0.0},{"damage_healed":0.0,"max_hp_gain":0.0,"max_hp_loss":0.0,"gold_gain":75.0,"event_name":"World of Goop","player_choice":"Gather Gold","floor":5.0,"gold_loss":0.0,"damage_taken":11.0},{"damage_healed":0.0,"max_hp_gain":0.0,"max_hp_loss":0.0,"gold_gain":0.0,"event_name":"Mushrooms","player_choice":"Fought Mushrooms","floor":8.0,"gold_loss":0.0,"damage_taken":0.0},{"damage_healed":0.0,"max_hp_gain":0.0,"max_hp_loss":0.0,"gold_gain":175.0,"event_name":"Liars Game","player_choice":"AGREE","floor":11.0,"gold_loss":0.0,"damage_taken":0.0,"cards_obtained":["Doubt"]},{"damage_healed":0.0,"max_hp_gain":0.0,"max_hp_loss":0.0,"gold_gain":0.0,"event_name":"Addict","player_choice":"Obtained Relic","floor":19.0,"gold_loss":85.0,"damage_taken":0.0,"relics_obtained":["Centennial Puzzle"]},{"cards_removed":["Decay","Writhe","Doubt"],"damage_healed":0.0,"max_hp_gain":0.0,"max_hp_loss":0.0,"gold_gain":0.0,"event_name":"Fountain of Cleansing","player_choice":"Removed Curses","floor":21.0,"gold_loss":0.0,"damage_taken":0.0},{"damage_healed":0.0,"max_hp_gain":0.0,"max_hp_loss":0.0,"gold_gain":0.0,"event_name":"Back to Basics","player_choice":"Simplicity","floor":29.0,"gold_loss":0.0,"damage_taken":0.0,"cards_upgraded":["Strike_B","Strike_B","Strike_B","Defend_B","Defend_B","Defend_B","Defend_B"]},{"damage_healed":0.0,"max_hp_gain":0.0,"max_hp_loss":0.0,"gold_gain":0.0,"event_name":"Vampires","player_choice":"Ignored","floor":31.0,"gold_loss":0.0,"damage_taken":0.0},{"damage_healed":0.0,"max_hp_gain":0.0,"max_hp_loss":0.0,"gold_gain":0.0,"event_name":"Tomb of Lord Red Mask","player_choice":"Ignored","floor":38.0,"gold_loss":0.0,"damage_taken":0.0}],"is_beta":false,"boss_relics":[{"not_picked":["Pandora\u0027s Box","Astrolabe"],"picked":"Calling Bell"},{"not_picked":["Runic Pyramid","Coffee Dripper"],"picked":"Cursed Key"}],"items_purged_floors":[20,48],"is_endless":false,"potions_floor_spawned":[1,10,13,16,23,33,35,45,47],"ascension_level":1}