{"gold_per_floor":[216,216,232,307,10,10,44,56,56,56,21,39,72,72,72,175,175,188,113,113,129,139,139,167,180,180,180,192,227,244,278,278,278],"floor_reached":33,"playtime":1512,"items_purged":[],"score":310,"play_id":"d4c28e0a-92ba-4e83-a305-74d798b05f49","local_time":"20190619174954","is_ascension_mode":true,"campfire_choices":[{"data":"Uppercut","floor":6,"key":"SMITH"},{"data":"Wild Strike","floor":10,"key":"SMITH"},{"data":"Uppercut","floor":15,"key":"SMITH"},{"data":"Immolate","floor":23,"key":"SMITH"},{"floor":27,"key":"REST"},{"data":"Evolve","floor":32,"key":"SMITH"}],"neow_cost":"NONE","seed_source_timestamp":610560166728939,"circlet_count":0,"master_deck":["Strike_R","Strike_R","Strike_R","Strike_R","Defend_R","Defend_R","Defend_R","Defend_R","Bash","Thunderclap","Headbutt","Uppercut+1","Shrug It Off","Wild Strike+1","Battle Trance","Shrug It Off","Uppercut+1","Immolate+1","Armaments+1","Bloodletting+1","Feel No Pain","Blood for Blood+1","Shrug It Off","Intimidate+1","Evolve+1"],"relics":["Burning Blood","Pear","Medical Kit","Peace Pipe","Regal Pillow","Shuriken","Runic Cube","Dodecahedron","Bottled Lightning","Red Mask","Potion Belt"],"potions_floor_usage":[21,24,33],"damage_taken":[{"damage":5,"enemies":"Small Slimes","floor":1,"turns":5},{"damage":10,"enemies":"Jaw Worm","floor":3,"turns":4},{"damage":24,"enemies":"3 Sentries","floor":7,"turns":11},{"damage":5,"enemies":"2 Louse","floor":8,"turns":2},{"damage":7,"enemies":"Looter","floor":12,"turns":3},{"damage":6,"enemies":"Gremlin Nob","floor":13,"turns":3},{"damage":31,"enemies":"Hexaghost","floor":16,"turns":12},{"damage":9,"enemies":"Shell Parasite","floor":18,"turns":6},{"damage":26,"enemies":"2 Thieves","floor":21,"turns":4},{"damage":14,"enemies":"3 Cultists","floor":22,"turns":5},{"damage":34,"enemies":"Slavers","floor":24,"turns":5},{"damage":22,"enemies":"Snake Plant","floor":25,"turns":4},{"damage":10,"enemies":"Cultist and Chosen","floor":28,"turns":4},{"damage":13,"enemies":"Masked Bandits","floor":29,"turns":2},{"damage":6,"enemies":"Centurion and Healer","floor":30,"turns":5},{"damage":25,"enemies":"Book of Stabbing","floor":31,"turns":4},{"damage":46,"enemies":"Collector","floor":33,"turns":8}],"seed_played":"1145182656318723101","potions_obtained":[{"floor":7,"key":"FearPotion"},{"floor":8,"key":"Fire Potion"},{"floor":18,"key":"Weak Potion"},{"floor":20,"key":"Regen Potion"},{"floor":20,"key":"LiquidBronze"},{"floor":20,"key":"BloodPotion"},{"floor":24,"key":"AttackPotion"},{"floor":29,"key":"FearPotion"}],"is_trial":false,"path_per_floor":["M","?","M","?","$","R","E","M","T","R","$","M","E","$","R","B",null,"M","?","?","M","M","R","E","M","T","R","M","?","M","E","R","B"],"character_chosen":"IRONCLAD","items_purchased":["Uppercut","Shrug It Off","Medical Kit","Battle Trance"],"campfire_rested":1,"item_purchase_floors":[5,5,5,11],"current_hp_per_floor":[80,78,74,63,63,63,45,46,46,46,46,45,45,45,45,20,90,87,87,87,70,62,62,48,32,32,74,70,63,63,44,44,0],"gold":278,"neow_bonus":"HUNDRED_GOLD","is_prod":false,"is_daily":false,"chose_seed":false,"campfire_upgraded":5,"win_rate":0,"timestamp":1560959394,"path_taken":["M","?","M","?","?","R","E","M","T","R","$","?","E","$","R","BOSS","M","?","?","?","M","R","E","M","T","R","?","?","M","E","R","BOSS"],"build_version":"2019-01-23","purchased_purges":0,"victory":false,"max_hp_per_floor":[80,90,90,90,90,90,90,90,90,90,90,90,90,90,90,90,90,90,90,90,90,90,90,90,90,90,90,90,90,90,90,90,90],"card_choices":[{"not_picked":["Sentinel","Heavy Blade"],"picked":"Thunderclap","floor":1},{"not_picked":["Intimidate","Bloodletting"],"picked":"Headbutt","floor":3},{"not_picked":["Perfected Strike","Flex"],"picked":"Wild Strike","floor":7},{"not_picked":["Headbutt","Rupture","Sword Boomerang"],"picked":"SKIP","floor":8},{"not_picked":["Clothesline","Warcry"],"picked":"Shrug It Off","floor":12},{"not_picked":["Bloodletting","Headbutt"],"picked":"Uppercut","floor":13},{"not_picked":["Bludgeon","Demon Form"],"picked":"Immolate","floor":16},{"not_picked":["Feel No Pain","Headbutt"],"picked":"Armaments+1","floor":18},{"not_picked":["Searing Blow","Clash"],"picked":"Bloodletting+1","floor":21},{"not_picked":["Twin Strike+1","Rampage+1"],"picked":"Feel No Pain","floor":22},{"not_picked":["Clash","Brutality"],"picked":"Blood for Blood+1","floor":24},{"not_picked":["Flex","Pummel","Thunderclap"],"picked":"SKIP","floor":25},{"not_picked":["Combust","Blood for Blood"],"picked":"Shrug It Off","floor":28},{"not_picked":["Wild Strike","Armaments"],"picked":"Intimidate+1","floor":29},{"not_picked":["Bloodletting","Twin Strike"],"picked":"Evolve","floor":30},{"not_picked":["Fire Breathing+1","Thunderclap+1","Intimidate+1"],"picked":"SKIP","floor":31}],"player_experience":565682,"relics_obtained":[{"floor":7,"key":"Peace Pipe"},{"floor":9,"key":"Regal Pillow"},{"floor":13,"key":"Shuriken"},{"floor":24,"key":"Dodecahedron"},{"floor":26,"key":"Bottled Lightning"},{"floor":29,"key":"Red Mask"},{"floor":31,"key":"Potion Belt"}],"event_choices":[{"damage_healed":0,"gold_gain":0,"player_choice":"Success","damage_taken":12,"relics_obtained":["Pear"],"max_hp_gain":0,"max_hp_loss":0,"event_name":"Scrap Ooze","floor":2,"gold_loss":0},{"damage_healed":0,"gold_gain":75,"player_choice":"Gather Gold","damage_taken":11,"max_hp_gain":0,"max_hp_loss":0,"event_name":"World of Goop","floor":4,"gold_loss":0},{"cards_removed":["Strike_R"],"damage_healed":0,"gold_gain":0,"player_choice":"Gave Gold","damage_taken":0,"max_hp_gain":0,"max_hp_loss":0,"event_name":"Beggar","floor":19,"gold_loss":75},{"damage_healed":0,"gold_gain":0,"player_choice":"Got Potions","damage_taken":0,"max_hp_gain":0,"max_hp_loss":0,"event_name":"Lab","floor":20,"gold_loss":0},{"damage_healed":0,"gold_gain":0,"player_choice":"Fought Bandits","damage_taken":0,"max_hp_gain":0,"max_hp_loss":0,"event_name":"Masked Bandits","floor":29,"gold_loss":0}],"is_beta":false,"boss_relics":[{"not_picked":["Eternal Feather","Fusion Hammer"],"picked":"Runic Cube"}],"items_purged_floors":[],"is_endless":false,"potions_floor_spawned":[7,8,18,24,29,30],"killed_by":"Collector","ascension_level":1}