{"gold_per_floor":[111,111,122,142,47,75,75,92,148,160,160,185,200,235,235,311,311,326,343,367,396,323,335,375,387,424,69,99,24,42,71,71,71],"floor_reached":33,"playtime":1648,"items_purged":[],"score":569,"play_id":"82b052ed-223d-49fe-88a6-a3228ee02b39","local_time":"20190930121424","is_ascension_mode":true,"campfire_choices":[{"data":"Whirlwind","floor":11.0,"key":"SMITH"},{"data":"Spot Weakness","floor":15.0,"key":"SMITH"},{"floor":23.0,"key":"REST"},{"data":"True Grit","floor":25.0,"key":"SMITH"},{"floor":32.0,"key":"REST"}],"neow_cost":"NONE","seed_source_timestamp":596475312861100,"circlet_count":0,"master_deck":["AscendersBane","Strike_R","Strike_R","Strike_R","Strike_R","Defend_R","Defend_R","Defend_R","Defend_R","Bash+1","Cleave","Whirlwind+1","Flame Barrier","Spot Weakness+1","Iron Wave","Burning Pact","Reaper","Reaper","Inflame","True Grit+1","Sword Boomerang","Limit Break","Limit Break","Evolve","Heavy Blade","Uppercut"],"special_seed":0,"relics":["Burning Blood","NeowsBlessing","Art of War","Tiny Chest","Strawberry","Regal Pillow","Mark of Pain","MawBank","Dream Catcher","White Beast Statue","Potion Belt","DollysMirror","Sundial","Pen Nib"],"potions_floor_usage":[33,33,33],"damage_taken":[{"damage":0.0,"enemies":"2 Louse","floor":1.0,"turns":1.0},{"damage":0.0,"enemies":"Cultist","floor":3.0,"turns":1.0},{"damage":0.0,"enemies":"Jaw Worm","floor":4.0,"turns":1.0},{"damage":41.0,"enemies":"Gremlin Nob","floor":6.0,"turns":6.0},{"damage":13.0,"enemies":"Exordium Thugs","floor":8.0,"turns":4.0},{"damage":2.0,"enemies":"2 Fungi Beasts","floor":10.0,"turns":3.0},{"damage":25.0,"enemies":"3 Sentries","floor":12.0,"turns":6.0},{"damage":4.0,"enemies":"3 Louse","floor":13.0,"turns":3.0},{"damage":41.0,"enemies":"Lagavulin","floor":14.0,"turns":8.0},{"damage":59.0,"enemies":"Slime Boss","floor":16.0,"turns":11.0},{"damage":29.0,"enemies":"Shell Parasite","floor":18.0,"turns":6.0},{"damage":9.0,"enemies":"3 Byrds","floor":19.0,"turns":4.0},{"damage":37.0,"enemies":"Centurion and Healer","floor":21.0,"turns":8.0},{"damage":7.0,"enemies":"Slavers","floor":24.0,"turns":2.0},{"damage":75.0,"enemies":"Book of Stabbing","floor":28.0,"turns":6.0},{"damage":14.0,"enemies":"Cultist and Chosen","floor":30.0,"turns":6.0},{"damage":63.0,"enemies":"Slavers","floor":31.0,"turns":4.0},{"damage":117,"enemies":"Automaton","floor":33,"turns":10}],"seed_played":"-6029604725359525822","potions_obtained":[{"floor":1.0,"key":"GamblersBrew"},{"floor":3.0,"key":"Explosive Potion"},{"floor":4.0,"key":"Block Potion"},{"floor":8.0,"key":"DuplicationPotion"},{"floor":13.0,"key":"SpeedPotion"},{"floor":18.0,"key":"SteroidPotion"},{"floor":24.0,"key":"Strength Potion"},{"floor":28.0,"key":"Regen Potion"},{"floor":30.0,"key":"EssenceOfSteel"},{"floor":31.0,"key":"LiquidBronze"}],"is_trial":false,"path_per_floor":["M","?","M","M","$","E","?","M","T","M","R","E","M","E","R","B",null,"M","M","T","M","?","R","E","R","T","$","E","?","M","E","R","B"],"character_chosen":"IRONCLAD","items_purchased":["Fruit Juice","Limit Break","DollysMirror","Evolve"],"campfire_rested":2,"item_purchase_floors":[5,27,27,27],"current_hp_per_floor":[74,74,75,75,80,45,80,73,73,77,77,65,67,32,32,11,68,45,44,44,31,31,72,71,71,71,71,34,34,38,35,76,0],"gold":71,"neow_bonus":"THREE_ENEMY_KILL","is_prod":false,"is_daily":false,"chose_seed":false,"campfire_upgraded":3,"win_rate":0,"timestamp":1569838464,"path_taken":["M","?","?","M","$","E","?","M","T","M","R","E","M","E","R","BOSS","M","M","?","M","?","R","E","R","T","$","E","?","M","E","R","BOSS"],"build_version":"2019-09-27","purchased_purges":0,"victory":false,"max_hp_per_floor":[75,75,75,75,80,80,80,80,80,80,80,87,87,87,87,87,87,87,87,87,87,87,87,87,87,87,87,87,87,87,87,87,87],"card_choices":[{"not_picked":["Searing Blow","Heavy Blade"],"picked":"Cleave","floor":1.0},{"not_picked":["Heavy Blade","Impervious"],"picked":"Whirlwind","floor":3.0},{"not_picked":["Shrug It Off","Carnage"],"picked":"Flame Barrier","floor":4.0},{"not_picked":["Intimidate","Clothesline","Clash"],"picked":"SKIP","floor":6.0},{"not_picked":["Iron Wave","Armaments"],"picked":"Spot Weakness","floor":8.0},{"not_picked":["Sentinel","Heavy Blade"],"picked":"Iron Wave","floor":10.0},{"not_picked":["Sever Soul","Thunderclap","Body Slam"],"picked":"SKIP","floor":12.0},{"not_picked":["Cleave","Clothesline"],"picked":"Burning Pact","floor":13.0},{"not_picked":["Evolve","Dark Embrace"],"picked":"Reaper","floor":14.0},{"not_picked":["Berserk","Brutality"],"picked":"Reaper","floor":16.0},{"not_picked":["Havoc","Infernal Blade"],"picked":"Inflame","floor":18.0},{"not_picked":["Thunderclap","Heavy Blade","Anger"],"picked":"SKIP","floor":19.0},{"not_picked":["Entrench","Twin Strike"],"picked":"True Grit","floor":21.0},{"not_picked":["Body Slam","Inflame"],"picked":"Sword Boomerang","floor":24.0},{"not_picked":["Sword Boomerang","Clash","Pummel"],"picked":"SKIP","floor":28.0},{"not_picked":["Clothesline","Infernal Blade"],"picked":"Heavy Blade","floor":30.0},{"not_picked":["Berserk","Perfected Strike"],"picked":"Uppercut","floor":31.0}],"player_experience":905480,"relics_obtained":[{"floor":6.0,"key":"Art of War"},{"floor":9.0,"key":"Tiny Chest"},{"floor":12.0,"key":"Strawberry"},{"floor":14.0,"key":"Regal Pillow"},{"floor":20.0,"key":"MawBank"},{"floor":24.0,"key":"White Beast Statue"},{"floor":26.0,"key":"Potion Belt"},{"floor":28.0,"key":"Sundial"},{"floor":31.0,"key":"Pen Nib"}],"event_choices":[{"damage_healed":0.0,"max_hp_gain":0.0,"max_hp_loss":0.0,"gold_gain":0.0,"event_name":"Upgrade Shrine","player_choice":"Upgraded","floor":2.0,"gold_loss":0.0,"damage_taken":0.0,"cards_upgraded":["Bash"]},{"damage_healed":35.0,"max_hp_gain":0.0,"max_hp_loss":0.0,"gold_gain":0.0,"event_name":"Wheel of Change","player_choice":"Full Heal","floor":7.0,"gold_loss":0.0,"damage_taken":0.0},{"damage_healed":0.0,"max_hp_gain":0.0,"max_hp_loss":0.0,"gold_gain":0.0,"event_name":"Addict","player_choice":"Obtained Relic","floor":22.0,"gold_loss":85.0,"damage_taken":0.0,"relics_obtained":["Dream Catcher"]},{"cards_removed":["Strike_R"],"damage_healed":0.0,"max_hp_gain":0.0,"max_hp_loss":0.0,"gold_gain":0.0,"event_name":"Beggar","player_choice":"Gave Gold","floor":29.0,"gold_loss":75.0,"damage_taken":0.0}],"is_beta":true,"boss_relics":[{"not_picked":["Fusion Hammer","Runic Dome"],"picked":"Mark of Pain"}],"items_purged_floors":[],"is_endless":false,"potions_floor_spawned":[1,3,4,8,13,18,24,28,30,31],"killed_by":"Automaton","ascension_level":15}