{"gold_per_floor":[109,120,120,20,20,67,79,105,117,159,171,183],"floor_reached":12,"playtime":520,"items_purged":["Strike_B"],"score":111,"play_id":"e44220ea-33c1-4487-9e55-de51a44b8d85","local_time":"20191005224757","is_ascension_mode":false,"campfire_choices":[{"floor":7,"key":"REST"},{"data":"Hologram","floor":11,"key":"SMITH"}],"neow_cost":"NONE","seed_source_timestamp":114740851759200,"circlet_count":0,"master_deck":["Strike_B","Strike_B+1","Strike_B","Defend_B+1","Defend_B","Defend_B","Defend_B","Zap","Dualcast","Hologram+1","White Noise","Gash","Streamline","Consume","Chaos"],"relics":["Cracked Core","NeowsBlessing","MawBank","Oddly Smooth Stone","Bottled Lightning","PreservedInsect"],"potions_floor_usage":[10,12],"damage_taken":[{"damage":0,"enemies":"2 Louse","floor":1,"turns":1},{"damage":0,"enemies":"Small Slimes","floor":2,"turns":1},{"damage":0,"enemies":"Lagavulin","floor":6,"turns":1},{"damage":1,"enemies":"Jaw Worm","floor":8,"turns":3},{"damage":35,"enemies":"3 Sentries","floor":10,"turns":7},{"damage":5,"enemies":"3 Louse","floor":12,"turns":1}],"seed_played":"-3652679888253279035","potions_obtained":[{"floor":6,"key":"Poison Potion"},{"floor":8,"key":"LiquidBronze"}],"is_trial":false,"path_per_floor":["M","M","?","$","?","E","R","M","T","E","R","M"],"character_chosen":"DEFECT","items_purchased":["Gash"],"campfire_rested":1,"item_purchase_floors":[4],"current_hp_per_floor":[75,75,60,60,18,18,40,39,39,4,4,0],"gold":183,"neow_bonus":"THREE_ENEMY_KILL","is_prod":false,"is_daily":false,"chose_seed":false,"campfire_upgraded":1,"win_rate":0.0,"timestamp":1570330077,"path_taken":["M","M","?","$","?","E","R","M","T","E","R","M"],"build_version":"2019-07-17","purchased_purges":1,"victory":false,"max_hp_per_floor":[75,75,75,75,75,75,75,75,75,75,75,75],"card_choices":[{"not_picked":["Lockon","Leap"],"picked":"Hologram","floor":1},{"not_picked":["Melter","Auto Shields"],"picked":"White Noise","floor":2},{"not_picked":["Leap","Melter"],"picked":"Streamline","floor":6},{"not_picked":["Melter","Chill"],"picked":"Consume","floor":8},{"not_picked":["Creative AI","Double Energy"],"picked":"Chaos","floor":10}],"player_experience":37669,"relics_obtained":[{"floor":6,"key":"Oddly Smooth Stone"},{"floor":9,"key":"Bottled Lightning"},{"floor":10,"key":"PreservedInsect"}],"event_choices":[{"damage_healed":0,"gold_gain":0,"player_choice":"Entered Light","damage_taken":15,"max_hp_gain":0,"max_hp_loss":0,"event_name":"Shining Light","floor":3,"gold_loss":0,"cards_upgraded":["Strike_B","Defend_B"]},{"damage_healed":0,"gold_gain":0,"player_choice":"Success","damage_taken":42,"relics_obtained":["MawBank"],"max_hp_gain":0,"max_hp_loss":0,"event_name":"Scrap Ooze","floor":5,"gold_loss":0}],"is_beta":false,"boss_relics":[],"items_purged_floors":[4],"is_endless":false,"potions_floor_spawned":[6,8],"killed_by":"3 Louse","ascension_level":0}