{"gold_per_floor":[113,38,53,53,67,80,80,106,129,154,229,292,292,302,302,375,375,388,388,408,408,408,408,434,434,434,434,449,364,376,391,391,391],"floor_reached":33,"playtime":1772,"items_purged":[],"score":524,"play_id":"dcd2270c-9954-41f2-9cfb-e4d54a58e374","local_time":"20191012182429","is_ascension_mode":true,"campfire_choices":[{"data":"Metallicize","floor":7.0,"key":"SMITH"},{"data":"Uppercut","floor":13.0,"key":"SMITH"},{"data":"Fire Breathing","floor":15.0,"key":"SMITH"},{"data":"True Grit","floor":23.0,"key":"SMITH"},{"floor":25.0,"key":"REST"},{"floor":32.0,"key":"REST"}],"neow_cost":"NONE","seed_source_timestamp":266142865854299,"circlet_count":0,"master_deck":["AscendersBane","Defend_R","Defend_R","Defend_R","Bash+1","Sword Boomerang","Pommel Strike","Metallicize+1","Uppercut+1","True Grit+1","Fire Breathing+1","Feed","Feed+1","Exhume+1","Rampage+1","Bite","Bite","Bite","Bite","Bite","Pain"],"special_seed":0,"relics":["Burning Blood","MealTicket","Akabeko","Centennial Puzzle","Tiny Chest","Astrolabe","MutagenicStrength","Vajra","Singing Bowl","WarpedTongs","Oddly Smooth Stone"],"potions_floor_usage":[],"damage_taken":[{"damage":1.0,"enemies":"2 Louse","floor":1.0,"turns":4.0},{"damage":6.0,"enemies":"Cultist","floor":3.0,"turns":3.0},{"damage":4.0,"enemies":"Jaw Worm","floor":5.0,"turns":4.0},{"damage":20.0,"enemies":"Exordium Thugs","floor":6.0,"turns":9.0},{"damage":21.0,"enemies":"3 Sentries","floor":8.0,"turns":11.0},{"damage":16.0,"enemies":"Gremlin Nob","floor":10.0,"turns":4.0},{"damage":23.0,"enemies":"3 Sentries","floor":12.0,"turns":9.0},{"damage":0.0,"enemies":"Looter","floor":14.0,"turns":3.0},{"damage":13.0,"enemies":"Hexaghost","floor":16.0,"turns":12.0},{"damage":39.0,"enemies":"2 Thieves","floor":18.0,"turns":4.0},{"damage":34.0,"enemies":"Shell Parasite","floor":20.0,"turns":11.0},{"damage":61.0,"enemies":"Book of Stabbing","floor":24.0,"turns":6.0},{"damage":19.0,"enemies":"Centurion and Healer","floor":28.0,"turns":4.0},{"damage":40.0,"enemies":"Sentry and Sphere","floor":30.0,"turns":7.0},{"damage":32.0,"enemies":"Chosen and Byrds","floor":31.0,"turns":5.0},{"damage":78,"enemies":"Champ","floor":33,"turns":13}],"seed_played":"3320399671135557087","potions_obtained":[{"floor":3.0,"key":"EntropicBrew"},{"floor":5.0,"key":"Weak Potion"},{"floor":8.0,"key":"Block Potion"},{"floor":10.0,"key":"Energy Potion"},{"floor":16.0,"key":"Swift Potion"},{"floor":18.0,"key":"Regen Potion"},{"floor":31.0,"key":"DuplicationPotion"}],"is_trial":false,"path_per_floor":["M","?","M","?","M","M","R","E","T","E","?","E","R","M","R","B",null,"M","?","M","?","$","R","E","R","T","?","M","?","M","M","R","B"],"character_chosen":"IRONCLAD","items_purchased":[],"campfire_rested":2,"item_purchase_floors":[],"current_hp_per_floor":[73,73,73,73,75,61,61,46,46,36,25,8,8,14,14,7,58,32,32,45,45,60,60,9,27,27,27,36,36,36,19,43,0],"gold":391,"neow_bonus":"UPGRADE_CARD","is_prod":false,"is_daily":false,"chose_seed":false,"campfire_upgraded":4,"win_rate":0,"timestamp":1570897469,"path_taken":["M","?","M","?","?","M","R","E","T","E","?","E","R","M","R","BOSS","M","?","M","?","$","R","E","R","T","?","?","?","M","M","R","BOSS"],"build_version":"2019-10-11","purchased_purges":0,"victory":false,"max_hp_per_floor":[75,75,75,75,75,75,75,75,75,75,75,75,75,75,75,75,75,82,57,61,61,61,61,61,61,61,61,71,71,81,83,83,83],"card_choices":[{"not_picked":["Cleave","Power Through"],"picked":"Sword Boomerang","floor":1.0},{"not_picked":["True Grit","Body Slam"],"picked":"Pommel Strike","floor":3.0},{"not_picked":["Sever Soul","Evolve"],"picked":"Metallicize","floor":5.0},{"not_picked":["Feel No Pain","Thunderclap","Headbutt"],"picked":"SKIP","floor":6.0},{"not_picked":["Demon Form","Clash"],"picked":"Uppercut","floor":8.0},{"not_picked":["Heavy Blade","Bloodletting"],"picked":"True Grit","floor":10.0},{"not_picked":["Warcry","Havoc"],"picked":"Fire Breathing","floor":12.0},{"not_picked":["Armaments","Heavy Blade","Sword Boomerang"],"picked":"SKIP","floor":14.0},{"not_picked":["Fiend Fire","Dark Embrace"],"picked":"Feed","floor":16.0},{"not_picked":["Clash","Carnage","Sword Boomerang"],"picked":"SKIP","floor":18.0},{"not_picked":["Pommel Strike","Thunderclap+1","Hemokinesis"],"picked":"SKIP","floor":20.0},{"not_picked":["Perfected Strike","Pommel Strike","Pummel"],"picked":"SKIP","floor":24.0},{"not_picked":["Uppercut","Thunderclap","Spot Weakness+1"],"picked":"Singing Bowl","floor":28.0},{"not_picked":["True Grit","Dark Embrace","Pommel Strike"],"picked":"Singing Bowl","floor":30.0},{"not_picked":["Pummel","Anger","Cleave"],"picked":"Singing Bowl","floor":31.0}],"player_experience":1011166,"relics_obtained":[{"floor":8.0,"key":"MealTicket"},{"floor":9.0,"key":"Akabeko"},{"floor":10.0,"key":"Centennial Puzzle"},{"floor":12.0,"key":"Tiny Chest"},{"floor":24.0,"key":"Vajra"},{"floor":26.0,"key":"Singing Bowl"}],"event_choices":[{"cards_removed":["Strike_R"],"damage_healed":0.0,"max_hp_gain":0.0,"max_hp_loss":0.0,"gold_gain":0.0,"event_name":"The Cleric","player_choice":"Card Removal","floor":2.0,"gold_loss":75.0,"damage_taken":0.0},{"cards_removed":["Strike_R"],"damage_healed":0.0,"max_hp_gain":0.0,"max_hp_loss":0.0,"gold_gain":0.0,"event_name":"Wheel of Change","player_choice":"Card Removal","floor":4.0,"gold_loss":0.0,"damage_taken":0.0},{"damage_healed":0.0,"max_hp_gain":0.0,"max_hp_loss":0.0,"gold_gain":75.0,"event_name":"World of Goop","player_choice":"Gather Gold","floor":11.0,"gold_loss":0.0,"damage_taken":11.0},{"damage_healed":0.0,"max_hp_gain":0.0,"max_hp_loss":25.0,"gold_gain":0.0,"event_name":"Vampires","player_choice":"Became a vampire","floor":19.0,"gold_loss":0.0,"damage_taken":0.0,"cards_obtained":["Bite","Bite","Bite","Bite","Bite"]},{"damage_healed":0.0,"max_hp_gain":0.0,"max_hp_loss":0.0,"gold_gain":0.0,"event_name":"Drug Dealer","player_choice":"Inject Mutagens","floor":21.0,"gold_loss":0.0,"damage_taken":0.0,"relics_obtained":["MutagenicStrength"]},{"damage_healed":0.0,"max_hp_gain":0.0,"max_hp_loss":0.0,"gold_gain":0.0,"event_name":"Accursed Blacksmith","player_choice":"Rummage","floor":27.0,"gold_loss":0.0,"damage_taken":0.0,"relics_obtained":["WarpedTongs"],"cards_obtained":["Pain"]},{"damage_healed":0.0,"max_hp_gain":0.0,"max_hp_loss":0.0,"gold_gain":0.0,"event_name":"Addict","player_choice":"Obtained Relic","floor":29.0,"gold_loss":85.0,"damage_taken":0.0,"relics_obtained":["Oddly Smooth Stone"]}],"is_beta":true,"boss_relics":[{"not_picked":["Coffee Dripper","Tiny House"],"picked":"Astrolabe"}],"items_purged_floors":[],"is_endless":false,"potions_floor_spawned":[3,5,8,10,16,18,31],"killed_by":"Champ","ascension_level":15}