{"gold_per_floor":[111,124,124,70,84,84,112,129,129,129,129,129,157,187,187,265,265,185,110,110,110,110,110,110],"floor_reached":24,"playtime":852,"items_purged":["Strike_B"],"score":380,"play_id":"a6987ee2-72d3-48ae-9dd5-66971ac01e23","local_time":"20190705232531","is_ascension_mode":true,"campfire_choices":[{"data":"Auto Shields","floor":6.0,"key":"SMITH"},{"floor":10.0,"key":"REST"},{"floor":15.0,"key":"REST"},{"floor":23.0,"key":"REST"}],"neow_cost":"NONE","seed_source_timestamp":464980643014178,"circlet_count":0,"master_deck":["AscendersBane","Strike_B","Strike_B","Defend_B","Defend_B","Defend_B","Defend_B","Zap","Dualcast","FTL","Conserve Battery","Auto Shields+1","Fission","Cold Snap","Hyperbeam","Beam Cell","Genetic Algorithm"],"special_seed":0,"relics":["Cracked Core","Orichalcum","Ornamental Fan","Sundial","PreservedInsect","Ectoplasm","Enchiridion","Red Mask"],"potions_floor_usage":[],"damage_taken":[{"damage":2.0,"enemies":"Jaw Worm","floor":1.0,"turns":3.0},{"damage":4.0,"enemies":"Small Slimes","floor":2.0,"turns":3.0},{"damage":3.0,"enemies":"2 Louse","floor":5.0,"turns":3.0},{"damage":25.0,"enemies":"Gremlin Nob","floor":7.0,"turns":4.0},{"damage":16.0,"enemies":"Large Slime","floor":8.0,"turns":6.0},{"damage":17.0,"enemies":"3 Sentries","floor":13.0,"turns":11.0},{"damage":26.0,"enemies":"The Guardian","floor":16.0,"turns":15.0},{"damage":9.0,"enemies":"2 Thieves","floor":18.0,"turns":4.0},{"damage":5.0,"enemies":"Masked Bandits","floor":22.0,"turns":2.0},{"damage":42,"enemies":"Book of Stabbing","floor":24,"turns":5}],"seed_played":"7237611620463070891","potions_obtained":[{"floor":1.0,"key":"Poison Potion"},{"floor":8.0,"key":"LiquidBronze"},{"floor":16.0,"key":"SkillPotion"},{"floor":18.0,"key":"Swift Potion"}],"is_trial":false,"path_per_floor":["M","M","?","$","M","R","E","M","T","R","?","?","E","?","R","B",null,"M","$","?","?","?","R","E"],"character_chosen":"DEFECT","items_purchased":["AttackPotion"],"campfire_rested":3,"item_purchase_floors":[4],"current_hp_per_floor":[62,58,58,58,55,55,30,14,14,35,35,28,11,11,32,6,55,46,46,46,25,20,41,0],"gold":110,"neow_bonus":"RANDOM_COMMON_RELIC","is_prod":false,"is_daily":false,"chose_seed":false,"campfire_upgraded":1,"win_rate":0,"timestamp":1562383531,"path_taken":["M","M","?","$","M","R","E","M","T","R","?","?","E","?","R","BOSS","M","$","?","?","?","R","E"],"build_version":"2019-07-05","purchased_purges":1,"victory":false,"max_hp_per_floor":[71,71,71,71,71,71,71,71,71,71,71,71,71,71,71,71,71,71,71,71,71,71,71,71],"card_choices":[{"not_picked":["Redo","Steam Power"],"picked":"FTL","floor":1.0},{"not_picked":["Hologram","Turbo"],"picked":"Conserve Battery","floor":2.0},{"not_picked":["Compile Driver","Leap"],"picked":"Auto Shields","floor":5.0},{"not_picked":["FTL","Sunder"],"picked":"Fission","floor":7.0},{"not_picked":["Gash","Leap"],"picked":"Cold Snap","floor":8.0},{"not_picked":["Double Energy","Hologram","Auto Shields"],"picked":"SKIP","floor":13.0},{"not_picked":["Meteor Strike","Buffer"],"picked":"Hyperbeam","floor":16.0},{"not_picked":["Compile Driver","Go for the Eyes"],"picked":"Beam Cell","floor":18.0},{"not_picked":["Compile Driver","Redo"],"picked":"Genetic Algorithm","floor":22.0}],"player_experience":1116640,"relics_obtained":[{"floor":7.0,"key":"Ornamental Fan"},{"floor":9.0,"key":"Sundial"},{"floor":13.0,"key":"PreservedInsect"},{"floor":21.0,"key":"Enchiridion"},{"floor":22.0,"key":"Red Mask"}],"event_choices":[{"damage_healed":0.0,"max_hp_gain":0.0,"max_hp_loss":0.0,"gold_gain":0.0,"event_name":"Shining Light","player_choice":"Ignored","floor":3.0,"gold_loss":0.0,"damage_taken":0.0},{"damage_healed":0.0,"max_hp_gain":0.0,"max_hp_loss":0.0,"gold_gain":0.0,"event_name":"Scrap Ooze","player_choice":"Fled","floor":11.0,"gold_loss":0.0,"damage_taken":0.0},{"cards_removed":["Strike_B"],"damage_healed":0.0,"max_hp_gain":0.0,"max_hp_loss":0.0,"gold_gain":0.0,"event_name":"Golden Wing","player_choice":"Card Removal","floor":12.0,"gold_loss":0.0,"damage_taken":7.0},{"damage_healed":0.0,"max_hp_gain":0.0,"max_hp_loss":0.0,"gold_gain":30.0,"event_name":"Dead Adventurer","player_choice":"Searched \u00271\u0027 times","floor":14.0,"gold_loss":0.0,"damage_taken":0.0},{"damage_healed":0.0,"max_hp_gain":0.0,"max_hp_loss":0.0,"gold_gain":0.0,"event_name":"The Mausoleum","player_choice":"Ignored","floor":20.0,"gold_loss":0.0,"damage_taken":0.0},{"damage_healed":0.0,"max_hp_gain":0.0,"max_hp_loss":0.0,"gold_gain":0.0,"event_name":"Cursed Tome","player_choice":"Obtained Book","floor":21.0,"gold_loss":0.0,"damage_taken":21.0},{"damage_healed":0.0,"max_hp_gain":0.0,"max_hp_loss":0.0,"gold_gain":0.0,"event_name":"Masked Bandits","player_choice":"Fought Bandits","floor":22.0,"gold_loss":0.0,"damage_taken":0.0}],"is_beta":false,"boss_relics":[{"not_picked":["White Beast Statue","Runic Pyramid"],"picked":"Ectoplasm"}],"items_purged_floors":[19],"is_endless":false,"potions_floor_spawned":[1,8,16,18],"killed_by":"Book of Stabbing","ascension_level":18}