{"gold_per_floor":[110,110,40,58,73,105,132,132,132,132,151,151,182,198,198,302,302,322,104,116,130,150,182,281,281,330,330,330,330,363,54,54,152,152,169,269,286,304,106,106,135,35,35,60,78,78,78,93,93,93,93,93,31,57,57],"floor_reached":56,"playtime":4134,"items_purged":["Strike_G","Strike_G","Defend_G"],"score":1228,"play_id":"e8ef5d16-a7e8-4648-b37c-cdc9ddae272c","local_time":"20190601142819","is_ascension_mode":false,"campfire_choices":[{"data":"Neutralize","floor":8,"key":"SMITH"},{"data":"Bouncing Flask","floor":10,"key":"SMITH"},{"data":"Footwork","floor":12,"key":"SMITH"},{"data":"Dagger Throw","floor":15,"key":"SMITH"},{"data":"Tools of the Trade","floor":25,"key":"SMITH"},{"data":"Footwork","floor":27,"key":"SMITH"},{"data":"Dash","floor":29,"key":"SMITH"},{"data":"Noxious Fumes","floor":32,"key":"SMITH"},{"data":"Wraith Form v2","floor":40,"key":"SMITH"},{"floor":46,"key":"RECALL"},{"floor":49,"key":"REST"},{"data":"Caltrops","floor":52,"key":"SMITH"}],"neow_cost":"NONE","seed_source_timestamp":990851644729882,"circlet_count":0,"master_deck":["Defend_G","Defend_G","Defend_G","Defend_G","Strike_G","Survivor","Neutralize+1","Bane","Blur","Footwork+1","Dagger Throw+1","Dash+1","Well Laid Plans","Bouncing Flask+1","Deflect","Dagger Throw+1","Footwork+1","Glass Knife+1","Deadly Poison+1","Dagger Spray+1","Dodge and Roll+1","Tools of the Trade+1","Noxious Fumes+1","Caltrops+1","Wraith Form v2+1","Acrobatics+1","Crippling Poison+1","PiercingWail+1","Caltrops+1"],"relics":["Ring of the Snake","The Courier","Odd Mushroom","Molten Egg 2","Pear","Black Star","PreservedInsect","Bronze Scales","Juzu Bracelet","Ancient Tea Set","Blue Candle","Dodecahedron","Art of War","Philosopher\u0027s Stone","Mango","Bottled Tornado","Strawberry","Shuriken","Pantograph","Bag of Marbles","Blood Vial","Lantern","Snake Skull","Ninja Scroll"],"potions_floor_usage":[6,11,23,55,55],"damage_taken":[{"damage":0,"enemies":"Cultist","floor":1,"turns":4},{"damage":0,"enemies":"Small Slimes","floor":4,"turns":5},{"damage":0,"enemies":"Jaw Worm","floor":5,"turns":7},{"damage":17,"enemies":"Gremlin Nob","floor":6,"turns":4},{"damage":21,"enemies":"The Mushroom Lair","floor":7,"turns":7},{"damage":0,"enemies":"Exordium Thugs","floor":11,"turns":4},{"damage":6,"enemies":"3 Sentries","floor":13,"turns":11},{"damage":0,"enemies":"Blue Slaver","floor":14,"turns":4},{"damage":3,"enemies":"Hexaghost","floor":16,"turns":10},{"damage":2,"enemies":"Shell Parasite","floor":18,"turns":8},{"damage":5,"enemies":"Spheric Guardian","floor":20,"turns":5},{"damage":0,"enemies":"Centurion and Healer","floor":21,"turns":9},{"damage":1,"enemies":"Snake Plant","floor":22,"turns":4},{"damage":8,"enemies":"Book of Stabbing","floor":23,"turns":5},{"damage":6,"enemies":"Gremlin Leader","floor":30,"turns":5},{"damage":16,"enemies":"Automaton","floor":33,"turns":10},{"damage":1,"enemies":"Orb Walker","floor":35,"turns":4},{"damage":25,"enemies":"Mind Bloom Boss Battle","floor":36,"turns":6},{"damage":0,"enemies":"3 Shapes","floor":37,"turns":4},{"damage":1,"enemies":"Writhing Mass","floor":38,"turns":7},{"damage":32,"enemies":"Reptomancer","floor":41,"turns":6},{"damage":11,"enemies":"Nemesis","floor":44,"turns":7},{"damage":5,"enemies":"Maw","floor":45,"turns":8},{"damage":4,"enemies":"Sphere and 2 Shapes","floor":48,"turns":6},{"damage":41,"enemies":"Awakened One","floor":50,"turns":17},{"damage":27,"enemies":"Shield and Spear","floor":54,"turns":8},{"damage":82,"enemies":"The Heart","floor":55,"turns":9}],"seed_played":"8209744790038083735","potions_obtained":[{"floor":1,"key":"Poison Potion"},{"floor":5,"key":"FearPotion"},{"floor":7,"key":"SteroidPotion"},{"floor":14,"key":"AttackPotion"},{"floor":16,"key":"Poison Potion"},{"floor":18,"key":"SkillPotion"},{"floor":30,"key":"Energy Potion"},{"floor":37,"key":"Ancient Potion"}],"is_trial":false,"path_per_floor":["M","T","$","M","M","E","?","R","T","R","M","R","E","M","R","B",null,"M","$","M","M","M","E","?","R","T","R","?","R","E","$","R","B",null,"M","?","M","M","$","R","E","$","T","E","M","R","T","M","R","B",null,"R","$","E","B",null],"character_chosen":"THE_SILENT","items_purchased":["Footwork","PreservedInsect","Dagger Spray+1","Art of War","Noxious Fumes","Caltrops","Bottled Tornado","GamblersBrew"],"campfire_rested":1,"item_purchase_floors":[3,19,19,31,31,31,39,53],"current_hp_per_floor":[70,70,70,70,70,53,32,32,32,32,32,32,36,36,36,33,80,78,78,73,73,72,64,64,64,64,64,64,64,58,58,58,42,80,79,68,68,67,67,67,42,42,42,31,28,28,28,26,56,42,101,101,101,74,19],"gold":57,"neow_bonus":"TRANSFORM_CARD","is_prod":false,"is_daily":false,"chose_seed":false,"campfire_upgraded":10,"win_rate":0,"timestamp":1559413699,"path_taken":["M","?","$","M","M","E","?","R","T","R","M","R","E","M","R","BOSS","M","$","M","M","M","E","?","R","T","R","?","R","E","$","R","BOSS","M","?","M","M","$","R","E","$","T","E","M","R","?","M","R","BOSS","R","$","E","BOSS"],"build_version":"2019-01-23","purchased_purges":3,"victory":true,"max_hp_per_floor":[70,70,70,70,70,70,70,70,70,70,70,70,80,80,80,80,80,80,80,80,80,80,80,80,80,80,80,80,80,80,80,80,80,80,80,94,94,94,94,94,101,101,101,101,101,101,101,101,101,101,101,101,101,101,101],"card_choices":[{"not_picked":["Finisher","Deflect"],"picked":"Blur","floor":1},{"not_picked":["Setup","Dodge and Roll"],"picked":"Dagger Throw","floor":4},{"not_picked":["Backstab","Concentrate"],"picked":"Dash","floor":5},{"not_picked":["Tactician","Finisher"],"picked":"Well Laid Plans","floor":6},{"not_picked":["Blur","Endless Agony"],"picked":"Bouncing Flask","floor":7},{"not_picked":["Dodge and Roll","Prepared"],"picked":"Deflect","floor":11},{"not_picked":["Well Laid Plans","Blade Dance"],"picked":"Dagger Throw+1","floor":13},{"not_picked":["Underhanded Strike+1","Well Laid Plans"],"picked":"Footwork","floor":14},{"not_picked":["After Image","Die Die Die+1"],"picked":"Glass Knife+1","floor":16},{"not_picked":["Leg Sweep","Slice+1"],"picked":"Deadly Poison+1","floor":18},{"not_picked":["Footwork","Cloak And Dagger","Concentrate"],"picked":"SKIP","floor":20},{"not_picked":["Cloak And Dagger+1","Flying Knee+1"],"picked":"Dodge and Roll+1","floor":21},{"not_picked":["Eviscerate+1","Skewer+1"],"picked":"Tools of the Trade","floor":22},{"not_picked":["Well Laid Plans","Crippling Poison","Bane+1"],"picked":"SKIP","floor":23},{"not_picked":["Grand Finale+1","Accuracy","Choke+1"],"picked":"SKIP","floor":30},{"not_picked":["Storm of Steel","Adrenaline"],"picked":"Wraith Form v2","floor":33},{"not_picked":["Deflect","Cloak And Dagger","Sucker Punch+1"],"picked":"SKIP","floor":35},{"not_picked":["Slice+1","Blade Dance+1"],"picked":"Acrobatics+1","floor":36},{"not_picked":["Flying Knee+1","Outmaneuver","Dagger Spray+1"],"picked":"SKIP","floor":37},{"not_picked":["Deflect","Underhanded Strike+1"],"picked":"Crippling Poison+1","floor":38},{"not_picked":["Riddle With Holes+1","Well Laid Plans+1","Terror+1"],"picked":"SKIP","floor":41},{"not_picked":["All Out Attack+1","Backstab+1"],"picked":"PiercingWail+1","floor":44},{"not_picked":["Cloak And Dagger+1","Dagger Throw+1","Outmaneuver"],"picked":"SKIP","floor":45},{"not_picked":["Skewer+1","Backflip","Night Terror"],"picked":"SKIP","floor":48},{"not_picked":["Dagger Throw+1","Poisoned Stab+1"],"picked":"Caltrops+1","floor":54}],"player_experience":951571,"relics_obtained":[{"floor":6,"key":"The Courier"},{"floor":7,"key":"Odd Mushroom"},{"floor":9,"key":"Molten Egg 2"},{"floor":13,"key":"Pear"},{"floor":23,"key":"Bronze Scales"},{"floor":23,"key":"Juzu Bracelet"},{"floor":26,"key":"Ancient Tea Set"},{"floor":30,"key":"Blue Candle"},{"floor":30,"key":"Dodecahedron"},{"floor":36,"key":"Mango"},{"floor":41,"key":"Strawberry"},{"floor":41,"key":"Shuriken"},{"floor":43,"key":"Pantograph"},{"floor":44,"key":"Bag of Marbles"},{"floor":44,"key":"Blood Vial"},{"floor":47,"key":"Lantern"},{"floor":54,"key":"Snake Skull"},{"floor":54,"key":"Ninja Scroll"}],"event_choices":[{"damage_healed":0,"gold_gain":0,"player_choice":"Fought Mushrooms","damage_taken":0,"max_hp_gain":0,"max_hp_loss":0,"event_name":"Mushrooms","floor":7,"gold_loss":0},{"damage_healed":0,"gold_gain":99,"player_choice":"Stole From Cult","damage_taken":0,"max_hp_gain":0,"max_hp_loss":0,"event_name":"Nest","floor":24,"gold_loss":0},{"cards_removed":["Strike_G"],"damage_healed":0,"gold_gain":0,"player_choice":"Purged","damage_taken":0,"max_hp_gain":0,"max_hp_loss":0,"event_name":"Purifier","floor":28,"gold_loss":0},{"damage_healed":0,"gold_gain":0,"player_choice":"Fight","damage_taken":0,"max_hp_gain":0,"max_hp_loss":0,"event_name":"MindBloom","floor":36,"gold_loss":0}],"is_beta":false,"boss_relics":[{"not_picked":["Snecko Eye","White Beast Statue"],"picked":"Black Star"},{"not_picked":["HoveringKite","Eternal Feather"],"picked":"Philosopher\u0027s Stone"}],"items_purged_floors":[19,31,42],"is_endless":false,"potions_floor_spawned":[1,5,7,14,16,18,30,37,38,44,45],"ascension_level":0}