{"gold_per_floor":[109,11,27,27,50,85,85,116,116,133,160,191,203,215,227,341,353,377,389,416,444,456,468,508,530,542,573,585,611,28,46,46,141,141,158,158,173,191,240,240,269,269,269,269,286,286,43,61,61,61],"floor_reached":51,"playtime":5446,"items_purged":["Strike_B","Zap"],"score":804,"play_id":"5eac36b5-2c54-4c3f-a956-bdd45616cab9","local_time":"20180723235526","is_ascension_mode":true,"campfire_choices":[{"floor":7.0,"key":"REST"},{"floor":15.0,"key":"REST"},{"data":"Go for the Eyes","floor":23,"key":"SMITH"},{"data":"Auto Shields","floor":28,"key":"SMITH"},{"floor":32,"key":"REST"},{"data":"Darkness","floor":40,"key":"SMITH"},{"data":"Leap","floor":44,"key":"SMITH"},{"floor":46,"key":"REST"},{"floor":49,"key":"REST"}],"neow_cost":"FIFTY_PERCENT_DAMAGE","seed_source_timestamp":0,"circlet_count":0,"master_deck":["Strike_B","Defend_B","Dualcast","Go for the Eyes+1","Gash","Beam Cell","Doom and Gloom","Cold Snap","Barrage","Auto Shields+1","Leap+1","Buffer+1","Rebound","Scrape+1","Genetic Algorithm+1","Barrage","Go for the Eyes+1","Redo","Hologram","Magnetism+1","Loop+1","Hologram","Leap","All For One","Darkness+1","Stack+1","BootSequence+1","Loop+1","Apotheosis","Loop+1"],"special_seed":0,"relics":["Cracked Core","Blood Vial","Emotion Chip","Cables","Symbiotic Virus","MawBank","Frozen Egg 2","Nuclear Battery","GremlinMask","Dead Branch","Mummified Hand","Happy Flower","Empty Cage","Du-Vu Doll","Mercury Hourglass","Bottled Flame"],"potions_floor_usage":[20,33,37,39,45,50],"damage_taken":[{"damage":1.0,"enemies":"Cultist","floor":1.0,"turns":3.0},{"damage":4.0,"enemies":"Small Slimes","floor":3.0,"turns":3.0},{"damage":20.0,"enemies":"Lagavulin","floor":6.0,"turns":6.0},{"damage":15.0,"enemies":"Gremlin Nob","floor":8.0,"turns":4.0},{"damage":4.0,"enemies":"Jaw Worm","floor":10.0,"turns":2.0},{"damage":6.0,"enemies":"3 Sentries","floor":11.0,"turns":4.0},{"damage":5.0,"enemies":"Blue Slaver","floor":12.0,"turns":2.0},{"damage":0.0,"enemies":"Slime Boss","floor":16.0,"turns":5.0},{"damage":0,"enemies":"2 Thieves","floor":18,"turns":3},{"damage":0,"enemies":"Shell Parasite","floor":20,"turns":5},{"damage":0,"enemies":"Snecko","floor":21,"turns":4},{"damage":18,"enemies":"Gremlin Leader","floor":24,"turns":6},{"damage":1,"enemies":"Centurion and Healer","floor":25,"turns":3},{"damage":19,"enemies":"Slaver and Parasite","floor":27,"turns":4},{"damage":4,"enemies":"Snake Plant","floor":29,"turns":3},{"damage":0,"enemies":"Snecko","floor":31,"turns":5},{"damage":7,"enemies":"Automaton","floor":33,"turns":8},{"damage":0,"enemies":"Orb Walker","floor":35,"turns":3},{"damage":11,"enemies":"3 Shapes","floor":37,"turns":3},{"damage":0,"enemies":"Maw","floor":38,"turns":8},{"damage":0,"floor":39,"turns":4},{"damage":21,"enemies":"2 Orb Walkers","floor":41,"turns":4},{"damage":11,"enemies":"3 Darklings","floor":45,"turns":4},{"damage":5,"enemies":"Transient","floor":48,"turns":5},{"damage":10,"enemies":"Time Eater","floor":50,"turns":6}],"seed_played":"774537964545846139","potions_obtained":[{"floor":3.0,"key":"PowerPotion"},{"floor":10.0,"key":"Energy Potion"},{"floor":11.0,"key":"SteroidPotion"},{"floor":24,"key":"Energy Potion"},{"floor":39,"key":"FearPotion"},{"floor":41,"key":"Explosive Potion"},{"floor":45,"key":"Weak Potion"}],"is_trial":false,"path_per_floor":["M","$","M","$","T","E","R","E","T","M","E","M","?","T","R","B",null,"M","?","M","M","?","R","E","M","T","M","R","M","$","M","R","B",null,"M","?","M","M","?","R","E","?","T","R","M","R","$","M","R","B"],"character_chosen":"DEFECT","items_purchased":["Gash","Magnetism+1","Happy Flower","Loop+1","Hologram","Apotheosis","Block Potion"],"campfire_rested":5,"item_purchase_floors":[2,30,30,30,30,47,47],"current_hp_per_floor":[37,37,33,33,33,15,37,24,24,22,18,15,15,15,37,39,75,75,61,63,65,65,65,49,50,50,33,33,31,31,33,57,52,80,80,80,69,71,73,73,54,54,54,54,45,69,69,66,80,70],"gold":61,"neow_bonus":"REMOVE_TWO","is_prod":false,"is_daily":false,"chose_seed":false,"campfire_upgraded":4,"win_rate":0,"timestamp":1532404526,"path_taken":["M","?","?","?","?","E","R","E","T","M","E","?","?","?","R","BOSS","M","?","M","M","?","R","E","M","T","M","R","M","$","M","R","BOSS","M","?","M","?","?","R","E","?","T","R","?","R","?","M","R","BOSS"],"build_version":"2018-07-19v2","purchased_purges":2,"victory":true,"max_hp_per_floor":[75,75,75,75,75,75,75,75,75,75,75,75,75,75,75,75,75,75,80,80,80,80,80,80,80,80,80,80,80,80,80,80,80,80,80,80,80,80,80,80,80,80,80,80,80,80,80,80,80,80],"card_choices":[{"not_picked":["Tempest","Static Discharge"],"picked":"Go for the Eyes","floor":1.0},{"not_picked":["Streamline","Hello World"],"picked":"Beam Cell","floor":3.0},{"not_picked":["Barrage","Storm"],"picked":"Doom and Gloom","floor":6.0},{"not_picked":["Steam","Go for the Eyes"],"picked":"Cold Snap","floor":8.0},{"not_picked":["Tempest","Aggregate"],"picked":"Barrage","floor":10.0},{"not_picked":["Coolheaded","Go for the Eyes"],"picked":"Auto Shields","floor":11.0},{"not_picked":["Coolheaded","Steam"],"picked":"Leap","floor":12.0},{"not_picked":["Hyperbeam","Rainbow"],"picked":"Buffer+1","floor":16.0},{"not_picked":["Consume","Beam Cell"],"picked":"Rebound","floor":18},{"not_picked":["Capacitor+1","Lockon+1"],"picked":"Scrape+1","floor":20},{"not_picked":["Rebound","Chaos+1"],"picked":"Genetic Algorithm+1","floor":21},{"not_picked":["Recycle","Rebound"],"picked":"Barrage","floor":24},{"not_picked":["Ball Lightning","Sunder+1"],"picked":"Go for the Eyes+1","floor":25},{"not_picked":["Leap","Beam Cell+1"],"picked":"Redo","floor":27},{"not_picked":["Turbo","Go for the Eyes+1"],"picked":"Hologram","floor":29},{"not_picked":["Streamline","Cold Snap+1"],"picked":"Leap","floor":31},{"not_picked":["Creative AI+1","Buffer+1"],"picked":"All For One","floor":33},{"not_picked":["Go for the Eyes+1","Beam Cell","Compile Driver+1"],"picked":"SKIP","floor":35},{"not_picked":["Tempest","Recycle+1"],"picked":"Stack+1","floor":37},{"not_picked":["Turbo","Sweeping Beam","Scrape+1"],"picked":"SKIP","floor":38},{"not_picked":["Leap","Compile Driver"],"picked":"BootSequence+1","floor":41},{"not_picked":["Gash+1","Electrodynamics+1","Tempest"],"picked":"SKIP","floor":45},{"not_picked":["Barrage+1","Hologram"],"picked":"Loop+1","floor":48}],"player_experience":172018,"relics_obtained":[{"floor":5.0,"key":"Blood Vial"},{"floor":6.0,"key":"Emotion Chip"},{"floor":8.0,"key":"Cables"},{"floor":9.0,"key":"Symbiotic Virus"},{"floor":11.0,"key":"MawBank"},{"floor":14.0,"key":"Frozen Egg 2"},{"floor":24,"key":"Dead Branch"},{"floor":26,"key":"Mummified Hand"},{"floor":39,"key":"Du-Vu Doll"},{"floor":41,"key":"Mercury Hourglass"},{"floor":43,"key":"Bottled Flame"}],"event_choices":[{"event_name":"The Woman in Blue","player_choice":"Bought 0 Potions","floor":13.0,"damage_taken":0.0},{"event_name":"Forgotten Altar","player_choice":"Shed Blood","floor":19,"damage_taken":0},{"event_name":"FaceTrader","player_choice":"Trade","floor":22,"damage_taken":0},{"event_name":"Transmorgrifier","player_choice":"Transform","floor":36,"damage_taken":0},{"event_name":"Mysterious Sphere","player_choice":"Fight","floor":39,"damage_taken":0},{"event_name":"Duplicator","player_choice":"One dupe","floor":42,"damage_taken":0}],"is_beta":false,"boss_relics":[{"not_picked":["Ectoplasm","Tiny House"],"picked":"Nuclear Battery"},{"not_picked":["Eternal Feather","Black Star"],"picked":"Empty Cage"}],"items_purged_floors":[2,30],"is_endless":false,"potions_floor_spawned":[3,10,11,16,18,24,25,29,39,41,45],"ascension_level":1}