{"gold_per_floor":[118,128,138,138,138,171,183,228,264,293,305,317,329,361,373,485,497,526,37,37,37,37,71,0,0,0,12,41,41],"floor_reached":29,"playtime":1571,"items_purged":[],"score":282,"play_id":"3c5f5efb-b694-45b0-a8ba-75ac3751b99a","local_time":"20191014213313","is_ascension_mode":true,"campfire_choices":[{"data":"Zap","floor":7,"key":"SMITH"},{"floor":12,"key":"REST"},{"data":"Defragment","floor":15,"key":"SMITH"},{"floor":25,"key":"REST"}],"neow_cost":"NONE","seed_source_timestamp":366241397768700,"circlet_count":0,"master_deck":["Strike_B","Strike_B","Defend_B+1","Defend_B","Defend_B","Defend_B","Zap+1","Dualcast+1","Turbo","Leap","Coolheaded","Cold Snap","Buffer","Ball Lightning","Defragment+1","Rainbow","Sweeping Beam+1","Apotheosis","Blizzard","Defragment","Doom and Gloom","Conserve Battery+1","Loop"],"relics":["Cracked Core","MawBank","Happy Flower","Pen Nib","Sozu","Incense Burner","Dodecahedron","Sundial","Boot"],"potions_floor_usage":[6,8,23],"damage_taken":[{"damage":0,"enemies":"Small Slimes","floor":1,"turns":4},{"damage":6,"enemies":"2 Louse","floor":2,"turns":3},{"damage":0,"enemies":"Jaw Worm","floor":3,"turns":4},{"damage":8,"enemies":"Lagavulin","floor":6,"turns":10},{"damage":41,"enemies":"Gremlin Nob","floor":8,"turns":5},{"damage":11,"enemies":"3 Louse","floor":10,"turns":4},{"damage":0,"enemies":"Looter","floor":14,"turns":2},{"damage":23,"enemies":"Hexaghost","floor":16,"turns":12},{"damage":23,"enemies":"3 Byrds","floor":18,"turns":5},{"damage":35,"enemies":"Gremlin Leader","floor":23,"turns":8},{"damage":0,"enemies":"Shell Parasite","floor":27,"turns":4},{"damage":25,"enemies":"Slavers","floor":28,"turns":4},{"damage":28,"enemies":"Chosen and Byrds","floor":29,"turns":4}],"seed_played":"8950030528032325980","potions_obtained":[{"floor":3,"key":"EssenceOfSteel"},{"floor":6,"key":"Dexterity Potion"},{"floor":16,"key":"SkillPotion"}],"is_trial":false,"path_per_floor":["M","M","M","?","?","E","R","E","T","M","?","R","?","M","R","B",null,"M","$","?","$","?","E","?","R","T","M","E","M"],"character_chosen":"DEFECT","items_purchased":["Incense Burner","Apotheosis"],"campfire_rested":2,"item_purchase_floors":[19,19],"current_hp_per_floor":[82,76,76,60,65,57,57,16,16,5,26,52,52,52,52,29,84,61,61,45,45,45,10,10,36,36,36,11,0],"gold":41,"neow_bonus":"TEN_PERCENT_HP_BONUS","is_prod":false,"is_daily":false,"chose_seed":false,"campfire_upgraded":2,"win_rate":0,"timestamp":1571103193,"path_taken":["M","M","M","?","?","E","R","E","T","M","?","R","?","M","R","BOSS","M","$","?","$","?","E","?","R","T","M","E","M"],"build_version":"2019-07-17","purchased_purges":0,"victory":false,"max_hp_per_floor":[82,82,82,82,87,87,87,87,87,87,87,87,84,84,84,84,84,84,84,89,89,89,89,89,89,89,89,89,89],"card_choices":[{"not_picked":["White Noise","Chill"],"picked":"Turbo","floor":1},{"not_picked":["Hologram","Gash"],"picked":"Leap","floor":2},{"not_picked":["Streamline","Hologram"],"picked":"Coolheaded","floor":3},{"not_picked":["Leap","Compile Driver"],"picked":"Cold Snap","floor":6},{"not_picked":["Ball Lightning","Double Energy"],"picked":"Buffer","floor":8},{"not_picked":["Turbo","Go for the Eyes"],"picked":"Ball Lightning","floor":10},{"not_picked":["Hello World","Cold Snap"],"picked":"Defragment","floor":14},{"not_picked":["Reboot","Hyperbeam"],"picked":"Rainbow","floor":16},{"not_picked":["Chaos","Glacier"],"picked":"Sweeping Beam+1","floor":18},{"not_picked":["Reprogram","Reinforced Body"],"picked":"Doom and Gloom","floor":23},{"not_picked":["BootSequence+1","Beam Cell"],"picked":"Conserve Battery+1","floor":27},{"not_picked":["Rip and Tear+1","Stack"],"picked":"Loop","floor":28}],"player_experience":81748,"relics_obtained":[{"floor":6,"key":"MawBank"},{"floor":8,"key":"Happy Flower"},{"floor":9,"key":"Pen Nib"},{"floor":23,"key":"Dodecahedron"},{"floor":26,"key":"Sundial"},{"floor":28,"key":"Boot"}],"event_choices":[{"damage_healed":0,"gold_gain":0,"player_choice":"Entered Light","damage_taken":16,"max_hp_gain":0,"max_hp_loss":0,"event_name":"Shining Light","floor":4,"gold_loss":0,"cards_upgraded":["Dualcast","Defend_B"]},{"damage_healed":0,"gold_gain":0,"player_choice":"Donut","damage_taken":0,"max_hp_gain":5,"max_hp_loss":0,"event_name":"Big Fish","floor":5,"gold_loss":0},{"damage_healed":21,"gold_gain":0,"player_choice":"Healed and dodged fight","damage_taken":0,"max_hp_gain":0,"max_hp_loss":0,"event_name":"Mushrooms","floor":11,"gold_loss":0,"cards_obtained":["Parasite"]},{"cards_removed":["Parasite"],"damage_healed":0,"gold_gain":0,"player_choice":"Forget","damage_taken":0,"max_hp_gain":0,"max_hp_loss":0,"event_name":"Living Wall","floor":13,"gold_loss":0},{"damage_healed":0,"gold_gain":0,"player_choice":"Shed Blood","damage_taken":21,"max_hp_gain":5,"max_hp_loss":0,"event_name":"Forgotten Altar","floor":20,"gold_loss":0},{"damage_healed":0,"gold_gain":0,"cards_transformed":["Strike_B","Strike_B"],"player_choice":"Became Test Subject","damage_taken":0,"max_hp_gain":0,"max_hp_loss":0,"event_name":"Drug Dealer","floor":22,"gold_loss":0,"cards_obtained":["Blizzard","Defragment"]},{"damage_healed":0,"gold_gain":0,"player_choice":"Paid Fearfully","damage_taken":0,"max_hp_gain":0,"max_hp_loss":0,"event_name":"Masked Bandits","floor":24,"gold_loss":71}],"is_beta":false,"boss_relics":[{"not_picked":["FrozenCore","Empty Cage"],"picked":"Sozu"}],"items_purged_floors":[],"is_endless":false,"potions_floor_spawned":[3,6,16],"killed_by":"Chosen and Byrds","ascension_level":1}