{"gold_per_floor":[115,115,127,142,160,186,186,217,247,247,263,263,277,287,287,382,382,393,393,407,426,438,438,450,450,450,166,91,91,104,118,118,216,216,226,237,35,0,12,12,12,12,12,12,12,22,22,35,35,35],"floor_reached":51,"playtime":4300,"items_purged":["Defend_B"],"score":613,"play_id":"85d520a2-3c36-44b7-aee1-9332bce97929","local_time":"20181109214723","is_ascension_mode":false,"campfire_choices":[{"data":"Rebound","floor":7,"key":"SMITH"},{"floor":12,"key":"REST"},{"data":"Hologram","floor":15,"key":"SMITH"},{"data":"Turbo","floor":23,"key":"SMITH"},{"data":"Dualcast","floor":25,"key":"SMITH"},{"data":"Conserve Battery","floor":29,"key":"SMITH"},{"data":"Fission","floor":32,"key":"SMITH"},{"data":"Strike_B","floor":40,"key":"SMITH"},{"data":"Strike_B","floor":42,"key":"SMITH"},{"data":"Strike_B","floor":45,"key":"SMITH"},{"data":"Strike_B","floor":49,"key":"SMITH"}],"neow_cost":"NONE","seed_source_timestamp":2053354217420985,"circlet_count":0,"master_deck":["Strike_B+1","Strike_B+1","Strike_B+1","Strike_B+1","Defend_B","Dualcast+1","Conserve Battery+1","Rebound+1","Hologram+1","Leap+1","Steam","Sunder+1","Steam+1","Turbo+1","Sweeping Beam+1","Echo Form","Beam Cell+1","Sweeping Beam+1","Barrage+1","Cold Snap+1","Fission+1","All For One+1","Go for the Eyes+1","Hologram+1"],"relics":["FrozenCore","Oddly Smooth Stone","Molten Egg 2","DataDisk","Tiny Chest","Gremlin Horn","HandDrill","Eternal Feather","War Paint","Red Mask","Cables"],"potions_floor_usage":[8,22,33,33,50,50,50],"damage_taken":[{"damage":0,"enemies":"Cultist","floor":1,"turns":4},{"damage":0,"enemies":"2 Louse","floor":3,"turns":2},{"damage":0,"enemies":"Jaw Worm","floor":4,"turns":2},{"damage":0,"enemies":"2 Fungi Beasts","floor":5,"turns":2},{"damage":22,"enemies":"Lagavulin","floor":6,"turns":7},{"damage":25,"enemies":"Gremlin Nob","floor":8,"turns":5},{"damage":3,"enemies":"Exordium Thugs","floor":11,"turns":3},{"damage":1,"enemies":"Gremlin Gang","floor":13,"turns":3},{"damage":1,"enemies":"Large Slime","floor":14,"turns":4},{"damage":35,"enemies":"The Guardian","floor":16,"turns":9},{"damage":2,"enemies":"Shell Parasite","floor":18,"turns":7},{"damage":11,"enemies":"2 Thieves","floor":20,"turns":5},{"damage":2,"enemies":"Snecko","floor":21,"turns":5},{"damage":0,"enemies":"Cultist and Chosen","floor":22,"turns":6},{"damage":0,"enemies":"Centurion and Healer","floor":24,"turns":4},{"damage":5,"enemies":"Sentry and Sphere","floor":30,"turns":6},{"damage":4,"enemies":"Shelled Parasite and Fungi","floor":31,"turns":3},{"damage":27,"enemies":"Collector","floor":33,"turns":8},{"damage":4,"enemies":"3 Shapes","floor":35,"turns":3},{"damage":12,"enemies":"3 Darklings","floor":36,"turns":4},{"damage":11,"enemies":"Jaw Worm Horde","floor":39,"turns":3},{"damage":10,"enemies":"Maw","floor":46,"turns":7},{"damage":1,"enemies":"4 Shapes","floor":48,"turns":7},{"damage":23,"enemies":"Donu and Deca","floor":50,"turns":10}],"seed_played":"-8506463992804710171","potions_obtained":[{"floor":4,"key":"Block Potion"},{"floor":6,"key":"Strength Potion"},{"floor":11,"key":"Block Potion"},{"floor":14,"key":"SteroidPotion"},{"floor":31,"key":"EssenceOfSteel"},{"floor":46,"key":"FocusPotion"}],"is_trial":false,"path_per_floor":["M","?","M","M","M","E","R","E","T","?","M","R","M","M","R","B",null,"M","?","M","M","M","R","M","R","T","$","?","R","M","M","R","B",null,"M","M","$","?","M","R","?","R","T","$","R","M","?","M","R","B",null],"character_chosen":"DEFECT","items_purchased":["HandDrill","War Paint","SteroidPotion"],"campfire_rested":1,"item_purchase_floors":[27,37,37],"current_hp_per_floor":[75,75,75,75,75,53,53,28,28,28,25,47,46,45,45,10,75,73,73,62,60,60,60,60,60,60,60,60,60,55,51,51,24,75,71,59,59,59,48,60,60,72,72,72,75,65,65,64,75,52],"gold":35,"neow_bonus":"RANDOM_COMMON_RELIC","is_prod":false,"is_daily":false,"chose_seed":false,"campfire_upgraded":10,"win_rate":0,"timestamp":1541818043,"path_taken":["M","?","M","?","?","E","R","E","T","?","M","R","?","M","R","BOSS","M","?","M","M","M","R","M","R","T","$","?","R","?","M","R","BOSS","M","?","$","?","M","R","?","R","T","?","R","M","?","M","R","BOSS"],"build_version":"2018-11-08","purchased_purges":1,"victory":true,"max_hp_per_floor":[75,75,75,75,75,75,75,75,75,75,75,75,75,75,75,75,75,75,75,75,75,75,75,75,75,75,75,75,75,75,75,75,75,75,75,75,75,75,75,75,75,75,75,75,75,75,75,75,75,75],"card_choices":[{"not_picked":["Barrage","Redo"],"picked":"Conserve Battery","floor":1},{"not_picked":["Redo","Gash"],"picked":"Rebound","floor":3},{"not_picked":["Turbo","Compile Driver"],"picked":"Hologram","floor":4},{"not_picked":["Streamline","Turbo"],"picked":"Leap","floor":5},{"not_picked":["Glacier","Rip and Tear"],"picked":"Steam","floor":6},{"not_picked":["Conserve Battery","Force Field"],"picked":"Sunder+1","floor":8},{"not_picked":["Stack","Tempest"],"picked":"Steam","floor":11},{"not_picked":["Coolheaded","Rainbow"],"picked":"Turbo","floor":13},{"not_picked":["Darkness","Ball Lightning+1"],"picked":"Sweeping Beam+1","floor":14},{"not_picked":["Meteor Strike+1","Electrodynamics"],"picked":"Echo Form","floor":16},{"not_picked":["Force Field+1","Go for the Eyes+1"],"picked":"Beam Cell+1","floor":18},{"not_picked":["Beam Cell+1","Recycle","Streamline+1"],"picked":"SKIP","floor":20},{"not_picked":["Consume+1","Streamline+1"],"picked":"Barrage+1","floor":21},{"not_picked":["Steam","Go for the Eyes+1"],"picked":"Cold Snap+1","floor":22},{"not_picked":["Leap","Rebound+1","Rip and Tear+1"],"picked":"SKIP","floor":24},{"not_picked":["Redo","Beam Cell+1"],"picked":"Fission","floor":30},{"not_picked":["Genetic Algorithm","Steam+1","Turbo"],"picked":"SKIP","floor":31},{"not_picked":["Biased Cognition","Electrodynamics"],"picked":"All For One+1","floor":33},{"not_picked":["Rebound+1","Recycle"],"picked":"Go for the Eyes+1","floor":35},{"not_picked":["Genetic Algorithm","Barrage+1","Ball Lightning+1"],"picked":"SKIP","floor":36},{"not_picked":["Redo","Steam+1","Double Energy+1"],"picked":"SKIP","floor":39},{"not_picked":["Chill","Barrage+1","Biased Cognition"],"picked":"SKIP","floor":46},{"not_picked":["Hello World+1","Tempest"],"picked":"Hologram+1","floor":48}],"player_experience":561267,"relics_obtained":[{"floor":6,"key":"Molten Egg 2"},{"floor":8,"key":"DataDisk"},{"floor":9,"key":"Tiny Chest"},{"floor":26,"key":"Gremlin Horn"},{"floor":43,"key":"Cables"}],"event_choices":[{"damage_healed":0,"gold_gain":0,"player_choice":"Upgraded","damage_taken":0,"max_hp_gain":0,"max_hp_loss":0,"event_name":"Upgrade Shrine","floor":2,"gold_loss":0,"cards_upgraded":["Zap"]},{"cards_removed":["Defend_B"],"damage_healed":0,"gold_gain":0,"player_choice":"Offered Basic","damage_taken":0,"max_hp_gain":0,"max_hp_loss":0,"event_name":"Bonfire Elementals","floor":10,"gold_loss":0},{"damage_healed":0,"gold_gain":0,"player_choice":"Read","damage_taken":0,"max_hp_gain":0,"max_hp_loss":0,"event_name":"The Library","floor":19,"gold_loss":0,"cards_obtained":["Sweeping Beam"]},{"cards_removed":["Defend_B"],"damage_healed":0,"gold_gain":0,"player_choice":"Gave Gold","damage_taken":0,"max_hp_gain":0,"max_hp_loss":0,"event_name":"Beggar","floor":28,"gold_loss":75},{"damage_healed":0,"gold_gain":0,"player_choice":"Paid","damage_taken":0,"relics_obtained":["Red Mask"],"max_hp_gain":0,"max_hp_loss":0,"event_name":"Tomb of Lord Red Mask","floor":38,"gold_loss":35},{"damage_healed":0,"gold_gain":0,"player_choice":"Ignored","damage_taken":0,"max_hp_gain":0,"max_hp_loss":0,"event_name":"Mysterious Sphere","floor":41,"gold_loss":0},{"cards_removed":["Zap"],"damage_healed":0,"gold_gain":0,"player_choice":"Removed Skill","damage_taken":0,"max_hp_gain":0,"max_hp_loss":0,"event_name":"Falling","floor":47,"gold_loss":0}],"is_beta":false,"boss_relics":[{"not_picked":["Inserter","Philosopher\u0027s Stone"],"picked":"FrozenCore"},{"not_picked":["Sozu","Velvet Choker"],"picked":"Eternal Feather"}],"items_purged_floors":[27],"is_endless":false,"potions_floor_spawned":[4,6,11,14,21,31,46],"ascension_level":0}