{"gold_per_floor":[113,113,130,25,25,58,58,88,167,167,167,167,194,209,209,283,283,296,211,211,51,51,51,82,82,82,92,92,92,109,137,137,208,208,227,227,241,259,159,159,186,186,235,253,267,286,286,286,286,286],"floor_reached":50,"playtime":2851,"items_purged":["Defend_B","Strike_B"],"score":1027,"play_id":"c5ab3f91-8f9e-40ed-8d78-dc81e5c6c2b7","local_time":"20190722211433","is_ascension_mode":true,"campfire_choices":[{"floor":7.0,"key":"REST"},{"floor":10,"key":"REST"},{"data":"Streamline","floor":12,"key":"SMITH"},{"data":"Sweeping Beam","floor":15,"key":"SMITH"},{"data":"Static Discharge","floor":23,"key":"SMITH"},{"floor":25,"key":"REST"},{"floor":29,"key":"REST"},{"data":"1","floor":32,"key":"LIFT"},{"data":"Biased Cognition","floor":40,"key":"SMITH"},{"floor":42,"key":"REST"},{"data":"Buffer","floor":47,"key":"SMITH"},{"data":"Thunder Strike","floor":49,"key":"SMITH"}],"neow_cost":"NONE","seed_source_timestamp":7931992146712,"circlet_count":0,"master_deck":["AscendersBane","Strike_B","Strike_B","Defend_B","Defend_B","Defend_B","Zap+1","Dualcast+1","Leap+1","Streamline+1","Conserve Battery+1","Self Repair","Sweeping Beam+1","Static Discharge+1","Core Surge","Reprogram+1","Conserve Battery","Rebound+1","Sweeping Beam","Biased Cognition+1","Hologram+1","White Noise","Thunder Strike+1","Parasite","Buffer+1","Coolheaded"],"special_seed":0,"relics":["Cracked Core","Vajra","Mummified Hand","Blue Candle","Bag of Preparation","Eternal Feather","Art of War","Happy Flower","Bronze Scales","War Paint","Nilry\u0027s Codex","Girya","Cursed Key","Thread and Needle","Strawberry"],"potions_floor_usage":[16,22,24,33,41,50,50],"damage_taken":[{"damage":7.0,"enemies":"Small Slimes","floor":1.0,"turns":3.0},{"damage":2.0,"enemies":"Jaw Worm","floor":3.0,"turns":5.0},{"damage":23.0,"enemies":"Lagavulin","floor":6.0,"turns":6.0},{"damage":25.0,"enemies":"Gremlin Nob","floor":8.0,"turns":4.0},{"damage":0,"enemies":"Cultist","floor":14,"turns":3},{"damage":47,"enemies":"Slime Boss","floor":16,"turns":10},{"damage":6,"enemies":"Spheric Guardian","floor":18,"turns":3},{"damage":55,"enemies":"Slavers","floor":24,"turns":6},{"damage":6,"enemies":"Chosen","floor":27,"turns":4},{"damage":0,"enemies":"3 Cultists","floor":30,"turns":4},{"damage":34,"enemies":"Book of Stabbing","floor":31,"turns":4},{"damage":39,"enemies":"Automaton","floor":33,"turns":10},{"damage":22,"enemies":"3 Darklings","floor":35,"turns":4},{"damage":3,"enemies":"3 Shapes","floor":37,"turns":4},{"damage":22,"enemies":"3 Darklings","floor":38,"turns":5},{"damage":44,"enemies":"Giant Head","floor":41,"turns":7},{"damage":19,"enemies":"Sphere and 2 Shapes","floor":44,"turns":5},{"damage":0,"enemies":"4 Shapes","floor":45,"turns":4},{"damage":20,"enemies":"Transient","floor":46,"turns":6},{"damage":85,"enemies":"Time Eater","floor":50,"turns":9}],"seed_played":"3995937118464122859","potions_obtained":[{"floor":1.0,"key":"SkillPotion"},{"floor":8,"key":"SpeedPotion"},{"floor":16,"key":"Dexterity Potion"},{"floor":18,"key":"LiquidBronze"},{"floor":22,"key":"Fruit Juice"},{"floor":22,"key":"FearPotion"},{"floor":30,"key":"Swift Potion"},{"floor":33,"key":"Weak Potion"},{"floor":35,"key":"EssenceOfSteel"},{"floor":44,"key":"Energy Potion"}],"is_trial":false,"path_per_floor":["M","?","M","$","?","E","R","E","T","R","?","R","T","M","R","B",null,"M","?","?","$","?","R","E","R","T","M","?","R","M","E","R","B",null,"M","?","M","M","$","R","E","R","T","M","M","M","R","?","R","B"],"character_chosen":"DEFECT","items_purchased":["Conserve Battery","Happy Flower"],"campfire_rested":5,"item_purchase_floors":[4,21],"current_hp_per_floor":[64,69,67,67,42,19,43,18,18,42,42,42,42,49,49,9,65,66,66,42,42,47,56,8,44,44,45,24,60,67,40,52,20,75,60,60,64,49,49,61,24,62,69,57,64,51,66,66,81,0],"gold":286,"neow_bonus":"TEN_PERCENT_HP_BONUS","is_prod":false,"is_daily":false,"chose_seed":false,"campfire_upgraded":6,"win_rate":0,"timestamp":1563844473,"path_taken":["M","?","M","$","?","E","R","E","T","R","?","R","?","?","R","BOSS","M","?","?","$","?","R","E","R","T","?","?","R","M","E","R","BOSS","M","?","M","M","$","R","E","R","T","M","M","M","R","?","R","BOSS"],"build_version":"2019-07-17","purchased_purges":2,"victory":false,"max_hp_per_floor":[78,83,83,83,83,83,83,83,83,83,83,83,83,83,83,83,83,83,83,88,88,93,93,93,93,93,93,93,93,93,93,93,93,93,93,88,88,88,88,88,88,88,95,95,95,95,95,95,95,95],"card_choices":[{"not_picked":["Melter","Rebound"],"picked":"Leap","floor":1.0},{"not_picked":["Steam","Hello World"],"picked":"Streamline","floor":3.0},{"not_picked":["Static Discharge","Gash"],"picked":"Self Repair","floor":6.0},{"not_picked":["Ball Lightning","Conserve Battery"],"picked":"Sweeping Beam","floor":8},{"not_picked":["Hologram","Beam Cell"],"picked":"Static Discharge","floor":14},{"not_picked":["All For One","Reboot"],"picked":"Core Surge","floor":16},{"not_picked":["Rebound","Coolheaded"],"picked":"Reprogram+1","floor":18},{"not_picked":["Turbo","Compile Driver","Fusion"],"picked":"SKIP","floor":24},{"not_picked":["Steam","Redo"],"picked":"Conserve Battery","floor":27},{"not_picked":["Gash+1","Barrage"],"picked":"Rebound+1","floor":30},{"not_picked":["Conserve Battery","Streamline"],"picked":"Sweeping Beam","floor":31},{"not_picked":["Echo Form","Thunder Strike"],"picked":"Biased Cognition","floor":33},{"not_picked":["Steam Power+1","Barrage"],"picked":"Hologram+1","floor":35},{"not_picked":["Beam Cell","Streamline","BootSequence"],"picked":"SKIP","floor":37},{"not_picked":["Stack+1","Auto Shields"],"picked":"White Noise","floor":38},{"not_picked":["Streamline","Hello World"],"picked":"Thunder Strike","floor":41},{"not_picked":["Turbo","Gash+1","Compile Driver"],"picked":"SKIP","floor":44},{"not_picked":["Go for the Eyes","FTL"],"picked":"Buffer","floor":45},{"not_picked":["Gash","Doom and Gloom"],"picked":"Coolheaded","floor":46}],"player_experience":1147197,"relics_obtained":[{"floor":6.0,"key":"Vajra"},{"floor":8,"key":"Mummified Hand"},{"floor":9,"key":"Blue Candle"},{"floor":13,"key":"Bag of Preparation"},{"floor":24,"key":"Bronze Scales"},{"floor":26,"key":"War Paint"},{"floor":28,"key":"Nilry\u0027s Codex"},{"floor":31,"key":"Girya"},{"floor":41,"key":"Thread and Needle"},{"floor":43,"key":"Strawberry"}],"event_choices":[{"damage_healed":0.0,"max_hp_gain":5.0,"max_hp_loss":0.0,"gold_gain":0.0,"event_name":"Big Fish","player_choice":"Donut","floor":2.0,"gold_loss":0.0,"damage_taken":0.0},{"damage_healed":0.0,"max_hp_gain":0.0,"max_hp_loss":0.0,"gold_gain":0.0,"event_name":"Shining Light","player_choice":"Entered Light","floor":5.0,"gold_loss":0.0,"damage_taken":25.0,"cards_upgraded":["Leap","Zap"]},{"cards_removed":["Strike_B"],"damage_healed":0,"gold_gain":0,"player_choice":"Forget","damage_taken":0,"max_hp_gain":0,"max_hp_loss":0,"event_name":"Living Wall","floor":11,"gold_loss":0},{"damage_healed":0,"gold_gain":0,"player_choice":"Obtained Relic","damage_taken":0,"relics_obtained":["Art of War"],"max_hp_gain":0,"max_hp_loss":0,"event_name":"Addict","floor":19,"gold_loss":85},{"damage_healed":0,"gold_gain":0,"player_choice":"Shed Blood","damage_taken":29,"max_hp_gain":5,"max_hp_loss":0,"event_name":"Forgotten Altar","floor":20,"gold_loss":0},{"damage_healed":0,"gold_gain":0,"player_choice":"Got Potions","damage_taken":0,"max_hp_gain":0,"max_hp_loss":0,"event_name":"Lab","floor":22,"gold_loss":0},{"damage_healed":0,"gold_gain":0,"player_choice":"Obtained Book","damage_taken":21,"max_hp_gain":0,"max_hp_loss":0,"event_name":"Cursed Tome","floor":28,"gold_loss":0},{"damage_healed":0,"gold_gain":0,"player_choice":"Max HP","damage_taken":0,"max_hp_gain":0,"max_hp_loss":5,"event_name":"Winding Halls","floor":36,"gold_loss":0},{"damage_healed":0,"gold_gain":0,"player_choice":"Ignored","damage_taken":0,"max_hp_gain":0,"max_hp_loss":0,"event_name":"SecretPortal","floor":48,"gold_loss":0}],"is_beta":false,"boss_relics":[{"not_picked":["Runic Pyramid","Busted Crown"],"picked":"Eternal Feather"},{"not_picked":["Nuclear Battery","FrozenCore"],"picked":"Cursed Key"}],"items_purged_floors":[4,39],"is_endless":false,"potions_floor_spawned":[1,8,16,18,30,33,35,44,46],"killed_by":"Time Eater","ascension_level":19}