{"gold_per_floor":[109,184,184,198,210,210,210,243,243,261,273,273,273,299,299,402,402,402,402,327,327,227,227,227,152,152,152,152,152,152,152,152,152,152,152,152,152,27,27,27,27,27,27,27,27,27,27,27,27,27],"floor_reached":51,"playtime":2079,"items_purged":["Strike_R","Strike_R+1","Defend_R+1"],"score":880,"play_id":"853779bd-5eb4-4118-95e1-0124e1417a60","local_time":"20190731195942","is_ascension_mode":false,"campfire_choices":[{"data":"Shrug It Off","floor":6.0,"key":"SMITH"},{"data":"Strike_R","floor":12.0,"key":"SMITH"},{"data":"Strike_R","floor":15.0,"key":"SMITH"},{"data":"Defend_R","floor":23.0,"key":"SMITH"},{"data":"Defend_R","floor":28.0,"key":"SMITH"},{"data":"Defend_R","floor":32.0,"key":"SMITH"},{"floor":49,"key":"REST"}],"neow_cost":"NONE","seed_source_timestamp":781699934722706,"circlet_count":0,"master_deck":["Strike_R+1","Defend_R+1","Defend_R+1","Bash+1","Shrug It Off+1","Dropkick+1"],"special_seed":0,"relics":["Burning Blood","Molten Egg 2","Dodecahedron","Art of War","Ectoplasm","Boot","Pen Nib","Mercury Hourglass","Red Mask","Sozu","Pocketwatch","War Paint","Potion Belt"],"potions_floor_usage":[40,50,50],"damage_taken":[{"damage":2.0,"enemies":"2 Louse","floor":1.0,"turns":4.0},{"damage":0.0,"enemies":"Small Slimes","floor":4.0,"turns":3.0},{"damage":1.0,"enemies":"Cultist","floor":5.0,"turns":3.0},{"damage":24.0,"enemies":"Gremlin Nob","floor":8.0,"turns":5.0},{"damage":0.0,"enemies":"Looter","floor":10.0,"turns":3.0},{"damage":5.0,"enemies":"Lots of Slimes","floor":11.0,"turns":3.0},{"damage":15.0,"enemies":"Lagavulin","floor":14.0,"turns":5.0},{"damage":53.0,"enemies":"Hexaghost","floor":16.0,"turns":9.0},{"damage":0.0,"enemies":"Chosen","floor":18.0,"turns":3.0},{"damage":11.0,"enemies":"Gremlin Leader","floor":24.0,"turns":7.0},{"damage":0.0,"enemies":"Spheric Guardian","floor":27.0,"turns":3.0},{"damage":0.0,"enemies":"Centurion and Healer","floor":29.0,"turns":3.0},{"damage":0.0,"enemies":"Masked Bandits","floor":31.0,"turns":2.0},{"damage":75.0,"enemies":"Automaton","floor":33.0,"turns":11.0},{"damage":0.0,"enemies":"Orb Walker","floor":35.0,"turns":3.0},{"damage":0.0,"enemies":"3 Darklings","floor":37.0,"turns":3.0},{"damage":9.0,"enemies":"Sphere and 2 Shapes","floor":39.0,"turns":4.0},{"damage":0,"enemies":"Giant Head","floor":40,"turns":1},{"damage":0,"enemies":"Mind Bloom Boss Battle","floor":41,"turns":5},{"damage":0,"enemies":"Writhing Mass","floor":42,"turns":9},{"damage":19,"enemies":"Maw","floor":44,"turns":7},{"damage":4,"enemies":"Spire Growth","floor":47,"turns":4},{"damage":0,"enemies":"Jaw Worm Horde","floor":48,"turns":3},{"damage":14,"enemies":"Awakened One","floor":50,"turns":8}],"seed_played":"-4897750668331193132","potions_obtained":[{"floor":8.0,"key":"PowerPotion"},{"floor":10.0,"key":"Strength Potion"},{"floor":11.0,"key":"Fire Potion"},{"floor":29.0,"key":"PowerPotion"},{"floor":33.0,"key":"SmokeBomb"}],"is_trial":false,"path_per_floor":["M","?","?","M","M","R","?","E","T","M","M","R","?","E","R","B",null,"M","?","$","T","$","R","E","?","T","M","R","M","$","?","R","B",null,"M","?","M","$","M","E","?","M","T","M","?","?","M","M","R","B",null],"character_chosen":"IRONCLAD","items_purchased":[],"campfire_rested":1,"item_purchase_floors":[],"current_hp_per_floor":[80,69,69,75,80,80,80,62,62,68,69,69,69,60,60,13,80,80,80,80,80,80,80,75,75,75,80,80,80,80,80,80,11,80,80,80,80,80,77,80,80,80,80,67,67,67,69,75,80,72],"gold":27,"neow_bonus":"UPGRADE_CARD","is_prod":false,"is_daily":false,"chose_seed":false,"campfire_upgraded":6,"win_rate":0,"timestamp":1564617582,"path_taken":["M","?","?","M","?","R","?","E","T","?","M","R","?","E","R","BOSS","M","?","$","?","$","R","E","?","T","M","R","M","?","?","R","BOSS","M","?","M","$","M","E","?","M","T","M","?","?","?","M","R","BOSS"],"build_version":"2019-07-17","purchased_purges":3,"victory":true,"max_hp_per_floor":[80,80,80,80,80,80,80,80,80,80,80,80,80,80,80,80,80,80,80,80,80,80,80,80,80,80,80,80,80,80,80,80,80,80,80,80,80,80,80,80,80,80,80,80,80,80,80,80,80,80],"card_choices":[{"not_picked":["Twin Strike","Iron Wave","Perfected Strike"],"picked":"SKIP","floor":1.0},{"not_picked":["Havoc","Headbutt","Entrench"],"picked":"SKIP","floor":4.0},{"not_picked":["Rage","True Grit","Twin Strike"],"picked":"SKIP","floor":5.0},{"not_picked":["Corruption","Anger"],"picked":"Thunderclap","floor":8.0},{"not_picked":["Clothesline+1","Flex","Shrug It Off"],"picked":"SKIP","floor":10.0},{"not_picked":["Clothesline+1","Rupture","Warcry"],"picked":"SKIP","floor":11.0},{"not_picked":["Rampage+1","Fire Breathing"],"picked":"Dropkick+1","floor":14.0},{"not_picked":["Seeing Red","Shrug It Off","Wild Strike+1"],"picked":"SKIP","floor":18.0},{"not_picked":["Corruption","Feed+1","Limit Break"],"picked":"SKIP","floor":24.0},{"not_picked":["Twin Strike+1","Wild Strike+1","Seeing Red+1"],"picked":"SKIP","floor":27.0},{"not_picked":["Flex","Metallicize","Wild Strike+1"],"picked":"SKIP","floor":29.0},{"not_picked":["Cleave+1","Warcry","Corruption+1"],"picked":"SKIP","floor":35.0},{"not_picked":["Headbutt+1","Shockwave+1","Ghostly Armor"],"picked":"SKIP","floor":37.0},{"not_picked":["Cleave+1","Pommel Strike+1","Limit Break"],"picked":"SKIP","floor":39.0},{"not_picked":["Flame Barrier","Armaments","Rage+1"],"picked":"SKIP","floor":42},{"not_picked":["Entrench","Sentinel","Perfected Strike+1"],"picked":"SKIP","floor":44},{"not_picked":["Headbutt+1","Warcry","Reaper+1"],"picked":"SKIP","floor":47},{"not_picked":["Pommel Strike+1","Feel No Pain","Warcry"],"picked":"SKIP","floor":48}],"player_experience":1197811,"relics_obtained":[{"floor":8.0,"key":"Molten Egg 2"},{"floor":9.0,"key":"Dodecahedron"},{"floor":14.0,"key":"Art of War"},{"floor":21.0,"key":"Boot"},{"floor":24.0,"key":"Pen Nib"},{"floor":26.0,"key":"Mercury Hourglass"},{"floor":31.0,"key":"Red Mask"},{"floor":41,"key":"Pocketwatch"},{"floor":43,"key":"War Paint"}],"event_choices":[{"damage_healed":0.0,"max_hp_gain":0.0,"max_hp_loss":0.0,"gold_gain":75.0,"event_name":"World of Goop","player_choice":"Gather Gold","floor":2.0,"gold_loss":0.0,"damage_taken":11.0},{"damage_healed":0.0,"max_hp_gain":0.0,"max_hp_loss":0.0,"gold_gain":0.0,"event_name":"Match and Keep!","player_choice":"1 cards matched","floor":3.0,"gold_loss":0.0,"damage_taken":0.0,"cards_obtained":["Shrug It Off"]},{"damage_healed":0.0,"max_hp_gain":0.0,"max_hp_loss":0.0,"gold_gain":0.0,"event_name":"Upgrade Shrine","player_choice":"Upgraded","floor":7.0,"gold_loss":0.0,"damage_taken":0.0,"cards_upgraded":["Strike_R"]},{"cards_removed":["Strike_R"],"damage_healed":0.0,"max_hp_gain":0.0,"max_hp_loss":0.0,"gold_gain":0.0,"event_name":"Living Wall","player_choice":"Forget","floor":13.0,"gold_loss":0.0,"damage_taken":0.0},{"damage_healed":0.0,"max_hp_gain":0.0,"max_hp_loss":0.0,"gold_gain":0.0,"event_name":"NoteForYourself","player_choice":"Ignored","floor":19.0,"gold_loss":0.0,"damage_taken":0.0},{"cards_removed":["Defend_R"],"damage_healed":0.0,"max_hp_gain":0.0,"max_hp_loss":0.0,"gold_gain":0.0,"event_name":"Beggar","player_choice":"Gave Gold","floor":25.0,"gold_loss":75.0,"damage_taken":0.0},{"damage_healed":0.0,"max_hp_gain":0.0,"max_hp_loss":0.0,"gold_gain":0.0,"event_name":"Masked Bandits","player_choice":"Fought Bandits","floor":31.0,"gold_loss":0.0,"damage_taken":0.0},{"cards_removed":["Strike_R"],"damage_healed":0.0,"max_hp_gain":0.0,"max_hp_loss":0.0,"gold_gain":0.0,"event_name":"Falling","player_choice":"Removed Attack","floor":36.0,"gold_loss":0.0,"damage_taken":0.0},{"damage_healed":0,"gold_gain":0,"player_choice":"Fight","damage_taken":0,"max_hp_gain":0,"max_hp_loss":0,"event_name":"MindBloom","floor":41,"gold_loss":0},{"damage_healed":0,"gold_gain":222,"player_choice":"Wore Mask","damage_taken":0,"max_hp_gain":0,"max_hp_loss":0,"event_name":"Tomb of Lord Red Mask","floor":45,"gold_loss":0},{"cards_removed":["Thunderclap"],"damage_healed":0,"gold_gain":0,"player_choice":"Gave Card","damage_taken":0,"relics_obtained":["Potion Belt"],"max_hp_gain":0,"max_hp_loss":0,"event_name":"WeMeetAgain","floor":46,"gold_loss":0}],"is_beta":false,"boss_relics":[{"not_picked":["Tiny House","Black Star"],"picked":"Ectoplasm"},{"not_picked":["Philosopher\u0027s Stone","Coffee Dripper"],"picked":"Sozu"}],"items_purged_floors":[20,22,38],"is_endless":false,"potions_floor_spawned":[8,10,11,29,33,39,41,42],"ascension_level":0}