{"gold_per_floor":[110,75,95,95,95,95,122,122,122,152,172,207,218,49,49,126,126,139,189,206,49,49,74,142,170,170,220,230,195,221,232,232,306,306,318,16,28,131,147,175,192,218,218,268,35,35,47,77,77,77],"floor_reached":51,"playtime":1953,"items_purged":["Pain"],"score":1454,"play_id":"6f77586c-23c3-4e22-9af4-5702ffcea3da","local_time":"20191002162044","is_ascension_mode":true,"campfire_choices":[{"data":"Bash","floor":6.0,"key":"SMITH"},{"floor":8.0,"key":"REST"},{"data":"Fiend Fire","floor":15,"key":"SMITH"},{"data":"Evolve","floor":32,"key":"SMITH"},{"data":"Sword Boomerang","floor":46,"key":"SMITH"},{"data":"Disarm","floor":49,"key":"SMITH"}],"neow_cost":"PERCENT_DAMAGE","seed_source_timestamp":783338779056300,"circlet_count":0,"master_deck":["AscendersBane","Strike_R","Strike_R","Strike_R","Strike_R","Strike_R","Defend_R","Defend_R","Defend_R","Bash+1","Thunderclap","Fire Breathing","True Grit","Iron Wave","Fiend Fire+1","Shrug It Off","Wild Strike","Immolate","Shrug It Off","Reckless Charge","Fire Breathing","Evolve+1","Necronomicurse","Pommel Strike+1","Spot Weakness","True Grit+1","Immolate","Sword Boomerang+1","Power Through","Twin Strike","Twin Strike+1","Clumsy","Disarm+1"],"special_seed":0,"relics":["Burning Blood","Vajra","WarpedTongs","Mummified Hand","Akabeko","Dream Catcher","Sundial","Mark of Pain","Brimstone","SsserpentHead","StoneCalendar","Self Forming Clay","Meat on the Bone","Necronomicon","Happy Flower","Juzu Bracelet","Cursed Key","Gambling Chip","Thread and Needle","Kunai","Strawberry","Mercury Hourglass","Lee\u0027s Waffle","Pocketwatch"],"potions_floor_usage":[23,24,31,50],"damage_taken":[{"damage":6.0,"enemies":"Small Slimes","floor":1.0,"turns":5.0},{"damage":1.0,"enemies":"Jaw Worm","floor":3.0,"turns":5.0},{"damage":43.0,"enemies":"Lagavulin","floor":7.0,"turns":9.0},{"damage":18.0,"enemies":"3 Sentries","floor":10.0,"turns":5.0},{"damage":1.0,"enemies":"2 Louse","floor":11.0,"turns":2.0},{"damage":17.0,"enemies":"Lagavulin","floor":12.0,"turns":7.0},{"damage":1,"enemies":"Red Slaver","floor":13,"turns":1},{"damage":36,"enemies":"Hexaghost","floor":16,"turns":9},{"damage":0,"enemies":"Spheric Guardian","floor":18,"turns":3},{"damage":4,"enemies":"Chosen","floor":20,"turns":4},{"damage":18,"enemies":"Book of Stabbing","floor":23,"turns":4},{"damage":0,"enemies":"Centurion and Healer","floor":24,"turns":3},{"damage":17,"enemies":"Slavers","floor":25,"turns":2},{"damage":0,"enemies":"Shelled Parasite and Fungi","floor":28,"turns":1},{"damage":36,"enemies":"Gremlin Leader","floor":30,"turns":4},{"damage":10,"enemies":"Snecko","floor":31,"turns":3},{"damage":15,"enemies":"Collector","floor":33,"turns":4},{"damage":0,"enemies":"3 Darklings","floor":35,"turns":1},{"damage":4,"enemies":"Orb Walker","floor":37,"turns":3},{"damage":19,"enemies":"2 Orb Walkers","floor":38,"turns":2},{"damage":20,"enemies":"Sphere and 2 Shapes","floor":39,"turns":2},{"damage":0,"enemies":"Reptomancer","floor":40,"turns":3},{"damage":0,"enemies":"4 Shapes","floor":41,"turns":1},{"damage":41,"enemies":"Nemesis","floor":42,"turns":5},{"damage":11,"enemies":"Jaw Worm Horde","floor":47,"turns":3},{"damage":21,"enemies":"Reptomancer","floor":48,"turns":4},{"damage":58,"enemies":"Time Eater","floor":50,"turns":6}],"seed_played":"-790341713922404421","potions_obtained":[{"floor":7.0,"key":"Block Potion"},{"floor":10.0,"key":"EssenceOfSteel"},{"floor":20,"key":"BloodPotion"},{"floor":23,"key":"Regen Potion"},{"floor":30,"key":"Regen Potion"},{"floor":31,"key":"AttackPotion"}],"is_trial":false,"path_per_floor":["M","?","M","?","?","R","E","R","T","E","M","E","M","$","R","B",null,"M","?","M","$","?","E","M","E","T","?","M","?","E","M","R","B",null,"M","$","M","?","M","E","M","E","T","?","$","R","M","E","R","B",null],"character_chosen":"IRONCLAD","items_purchased":["Shrug It Off","Wild Strike","Brimstone","Gambling Chip","Lee\u0027s Waffle","Disarm"],"campfire_rested":1,"item_purchase_floors":[14,14,21,36,45,45],"current_hp_per_floor":[64,86,89,78,78,78,41,67,67,55,60,49,54,54,54,24,73,79,79,81,81,81,69,80,69,69,48,54,54,36,61,61,52,80,86,86,88,75,61,67,73,57,57,57,103,103,98,83,83,58],"gold":77,"neow_bonus":"TWENTY_PERCENT_HP_BONUS","is_prod":false,"is_daily":false,"chose_seed":false,"campfire_upgraded":5,"win_rate":0,"timestamp":1570026044,"path_taken":["M","?","M","?","?","R","E","R","T","E","M","E","?","?","R","BOSS","M","?","M","$","?","E","?","E","T","?","M","?","E","M","R","BOSS","M","$","M","?","M","E","M","E","T","?","$","R","M","E","R","BOSS"],"build_version":"2019-10-01","purchased_purges":1,"victory":true,"max_hp_per_floor":[89,89,89,89,89,89,89,89,89,89,89,89,89,89,89,89,89,89,89,89,89,89,89,89,89,89,89,89,89,89,89,89,89,89,89,89,89,89,89,89,89,96,96,96,103,103,103,103,103,103],"card_choices":[{"not_picked":["True Grit","Cleave"],"picked":"Thunderclap","floor":1.0},{"not_picked":["Clash","Warcry"],"picked":"Fire Breathing","floor":3.0},{"not_picked":["Infernal Blade","Combust","Thunderclap"],"picked":"SKIP","floor":7.0},{"not_picked":["Clash","Feel No Pain"],"picked":"True Grit","floor":10.0},{"not_picked":["True Grit","Armaments"],"picked":"Iron Wave","floor":11.0},{"not_picked":["True Grit","Clash"],"picked":"Fiend Fire","floor":12.0},{"not_picked":["Heavy Blade","Perfected Strike","Clash"],"picked":"SKIP","floor":13},{"not_picked":["Bludgeon","Limit Break"],"picked":"Immolate","floor":16},{"not_picked":["Second Wind","Thunderclap"],"picked":"Shrug It Off","floor":18},{"not_picked":["Anger","True Grit"],"picked":"Reckless Charge","floor":20},{"not_picked":["Uppercut","Berserk"],"picked":"Fire Breathing","floor":23},{"not_picked":["Reckless Charge","Dropkick"],"picked":"Evolve","floor":24},{"not_picked":["Infernal Blade","Exhume","Iron Wave"],"picked":"SKIP","floor":25},{"not_picked":["Clothesline","Iron Wave"],"picked":"Pommel Strike+1","floor":28},{"not_picked":["Evolve","Combust"],"picked":"Spot Weakness","floor":30},{"not_picked":["Dual Wield","Havoc"],"picked":"True Grit+1","floor":31},{"not_picked":["Brutality","Feed"],"picked":"Immolate","floor":33},{"not_picked":["Second Wind","Clothesline","Pommel Strike"],"picked":"SKIP","floor":35},{"not_picked":["Second Wind","Heavy Blade"],"picked":"Sword Boomerang","floor":37},{"not_picked":["Warcry","Headbutt","Pommel Strike+1"],"picked":"SKIP","floor":39},{"not_picked":["Pommel Strike","Berserk"],"picked":"Power Through","floor":40},{"not_picked":["Warcry","Armaments+1"],"picked":"Twin Strike","floor":41},{"not_picked":["Clash","Feel No Pain+1"],"picked":"Twin Strike+1","floor":42},{"not_picked":["Seeing Red","Headbutt+1","Sever Soul"],"picked":"SKIP","floor":47},{"not_picked":["Entrench","Body Slam+1","Wild Strike"],"picked":"SKIP","floor":48}],"player_experience":913134,"relics_obtained":[{"floor":7.0,"key":"Mummified Hand"},{"floor":9.0,"key":"Akabeko"},{"floor":10.0,"key":"Dream Catcher"},{"floor":12.0,"key":"Sundial"},{"floor":23,"key":"StoneCalendar"},{"floor":25,"key":"Self Forming Clay"},{"floor":26,"key":"Meat on the Bone"},{"floor":27,"key":"Necronomicon"},{"floor":30,"key":"Juzu Bracelet"},{"floor":38,"key":"Thread and Needle"},{"floor":40,"key":"Kunai"},{"floor":42,"key":"Strawberry"},{"floor":43,"key":"Mercury Hourglass"},{"floor":48,"key":"Pocketwatch"}],"event_choices":[{"damage_healed":22.0,"max_hp_gain":0.0,"max_hp_loss":0.0,"gold_gain":0.0,"event_name":"The Cleric","player_choice":"Healed","floor":2.0,"gold_loss":35.0,"damage_taken":0.0},{"damage_healed":0.0,"max_hp_gain":0.0,"max_hp_loss":0.0,"gold_gain":0.0,"event_name":"Scrap Ooze","player_choice":"Success","floor":4.0,"gold_loss":0.0,"damage_taken":11.0,"relics_obtained":["Vajra"]},{"damage_healed":0.0,"max_hp_gain":0.0,"max_hp_loss":0.0,"gold_gain":0.0,"event_name":"Accursed Blacksmith","player_choice":"Rummage","floor":5.0,"gold_loss":0.0,"damage_taken":0.0,"relics_obtained":["WarpedTongs"],"cards_obtained":["Pain"]},{"damage_healed":0,"gold_gain":50,"player_choice":"Stole From Cult","damage_taken":0,"max_hp_gain":0,"max_hp_loss":0,"event_name":"Nest","floor":19,"gold_loss":0},{"damage_healed":0,"gold_gain":0,"player_choice":"Trade","damage_taken":0,"relics_obtained":["SsserpentHead"],"max_hp_gain":0,"max_hp_loss":0,"event_name":"FaceTrader","floor":22,"gold_loss":0},{"damage_healed":0,"gold_gain":0,"player_choice":"Obtained Book","damage_taken":21,"max_hp_gain":0,"max_hp_loss":0,"event_name":"Cursed Tome","floor":27,"gold_loss":0},{"damage_healed":0,"gold_gain":0,"player_choice":"Obtained Relic","damage_taken":0,"relics_obtained":["Happy Flower"],"max_hp_gain":0,"max_hp_loss":0,"event_name":"Addict","floor":29,"gold_loss":85},{"damage_healed":0,"gold_gain":0,"player_choice":"Fight","damage_taken":0,"max_hp_gain":0,"max_hp_loss":0,"event_name":"Mysterious Sphere","floor":38,"gold_loss":0},{"cards_removed":["Defend_R"],"damage_healed":0,"gold_gain":0,"player_choice":"Removed Skill","damage_taken":0,"max_hp_gain":0,"max_hp_loss":0,"event_name":"Falling","floor":44,"gold_loss":0}],"is_beta":true,"boss_relics":[{"not_picked":["Black Star","Coffee Dripper"],"picked":"Mark of Pain"},{"not_picked":["Black Blood","Runic Cube"],"picked":"Cursed Key"}],"items_purged_floors":[14],"is_endless":false,"potions_floor_spawned":[7,10,12,16,20,23,30,31,37,41,47],"ascension_level":15}