{"gold_per_floor":[109,109,109,127,139,170,170,196,272,272,304,84,94,104,104,208,208,223,237,237,152,170,226,243,274,349,349,349,349,20,37,37,142,142,153,253,326,346,393,420,420,420,420,440,440,457,490,507,507,507,507,507,18,43,43],"floor_reached":56,"playtime":3072,"items_purged":["Strike_R","Strike_R","Wild Strike"],"score":1315,"play_id":"201226cf-fba3-409d-ba31-cfccbcf6a6d9","local_time":"20190523210740","is_ascension_mode":false,"campfire_choices":[{"data":"Intimidate","floor":7.0,"key":"SMITH"},{"data":"Barricade","floor":10.0,"key":"SMITH"},{"data":"True Grit","floor":15.0,"key":"SMITH"},{"floor":27.0,"key":"RECALL"},{"floor":32.0,"key":"REST"},{"floor":41.0,"key":"REST"},{"floor":45.0,"key":"REST"},{"floor":49.0,"key":"REST"},{"floor":52.0,"key":"REST"}],"neow_cost":"NONE","seed_source_timestamp":238249141693537,"circlet_count":0,"master_deck":["Defend_R","Defend_R+1","Defend_R","Bash+1","Pommel Strike","Intimidate+1","Shrug It Off","Barricade+1","Body Slam","True Grit+1","Power Through","Impervious+1","True Grit+1","Entrench+1","Entrench","Brutality","Thunderclap","Disarm+1","Body Slam+1","Impervious+1","Good Instincts+1","Disarm+1"],"special_seed":0,"relics":["Burning Blood","Torii","Regal Pillow","Paper Frog","Bottled Lightning","Bag of Marbles","Fusion Hammer","War Paint","Tiny Chest","Letter Opener","Matryoshka","Shuriken","The Courier","Turnip","Empty Cage","Champion Belt","Ornamental Fan","Ice Cream","Pen Nib","Toxic Egg 2","Singing Bowl","Strawberry","Gremlin Horn","Sundial"],"potions_floor_usage":[55],"damage_taken":[{"damage":8.0,"enemies":"Jaw Worm","floor":1.0,"turns":3.0},{"damage":0.0,"enemies":"Small Slimes","floor":4.0,"turns":3.0},{"damage":0.0,"enemies":"Cultist","floor":5.0,"turns":3.0},{"damage":26.0,"enemies":"Lagavulin","floor":6.0,"turns":6.0},{"damage":14.0,"enemies":"Gremlin Nob","floor":8.0,"turns":4.0},{"damage":1.0,"enemies":"Lagavulin","floor":11.0,"turns":7.0},{"damage":0.0,"enemies":"2 Fungi Beasts","floor":13.0,"turns":4.0},{"damage":1.0,"enemies":"3 Louse","floor":14.0,"turns":4.0},{"damage":27.0,"enemies":"The Guardian","floor":16.0,"turns":10.0},{"damage":0.0,"enemies":"Chosen","floor":18.0,"turns":3.0},{"damage":0.0,"enemies":"3 Byrds","floor":19.0,"turns":9.0},{"damage":0.0,"enemies":"Snecko","floor":22.0,"turns":2.0},{"damage":1.0,"enemies":"Book of Stabbing","floor":23.0,"turns":5.0},{"damage":0.0,"enemies":"Centurion and Healer","floor":24.0,"turns":6.0},{"damage":0.0,"enemies":"Gremlin Leader","floor":25.0,"turns":7.0},{"damage":10.0,"enemies":"Colosseum Slavers","floor":28.0,"turns":6.0},{"damage":0.0,"enemies":"Snake Plant","floor":31.0,"turns":4.0},{"damage":35.0,"enemies":"Automaton","floor":33.0,"turns":14.0},{"damage":16.0,"enemies":"3 Shapes","floor":35.0,"turns":6.0},{"damage":0.0,"enemies":"Mind Bloom Boss Battle","floor":36.0,"turns":8.0},{"damage":2.0,"enemies":"Orb Walker","floor":38.0,"turns":4.0},{"damage":0.0,"enemies":"2 Orb Walkers","floor":39.0,"turns":6.0},{"damage":9.0,"enemies":"Nemesis","floor":40.0,"turns":9.0},{"damage":5.0,"enemies":"Jaw Worm Horde","floor":44.0,"turns":7.0},{"damage":0.0,"enemies":"4 Shapes","floor":46.0,"turns":12.0},{"damage":4.0,"enemies":"Giant Head","floor":47.0,"turns":5.0},{"damage":1.0,"enemies":"Spire Growth","floor":48.0,"turns":3.0},{"damage":36.0,"enemies":"Donu and Deca","floor":50.0,"turns":9.0},{"damage":3.0,"enemies":"Shield and Spear","floor":54.0,"turns":5.0},{"damage":28,"enemies":"The Heart","floor":55,"turns":11}],"seed_played":"-7167121029595426999","potions_obtained":[{"floor":6.0,"key":"BloodPotion"},{"floor":8.0,"key":"SkillPotion"},{"floor":14.0,"key":"SteroidPotion"},{"floor":23.0,"key":"Block Potion"},{"floor":31.0,"key":"SpeedPotion"},{"floor":35.0,"key":"LiquidBronze"},{"floor":38.0,"key":"EssenceOfSteel"},{"floor":44.0,"key":"Dexterity Potion"}],"is_trial":false,"path_per_floor":["M","?","?","M","M","E","R","E","T","R","E","$","M","M","R","B",null,"M","M","?","?","M","E","M","E","T","R","?","T","$","M","R","B",null,"M","?","T","M","?","E","R","?","T","M","R","M","E","M","R","B",null,"R","$","E","B",null],"character_chosen":"IRONCLAD","items_purchased":["Bag of Marbles","Turnip","Strawberry","Good Instincts+1","Gremlin Horn"],"campfire_rested":5,"item_purchase_floors":[12,30,53,53,53],"current_hp_per_floor":[78,71,71,77,80,60,60,52,52,52,57,57,63,68,68,47,80,80,80,80,80,80,80,80,80,80,80,76,76,76,80,80,51,80,70,76,76,80,80,77,80,76,76,76,76,76,76,78,78,48,78,78,85,85,63],"gold":43,"neow_bonus":"UPGRADE_CARD","is_prod":false,"is_daily":false,"chose_seed":false,"campfire_upgraded":3,"win_rate":0,"timestamp":1558660060,"path_taken":["M","?","?","M","M","E","R","E","T","R","E","$","?","M","R","BOSS","M","M","?","?","M","E","M","E","T","R","?","?","?","M","R","BOSS","M","?","?","?","?","E","R","?","T","M","R","M","E","M","R","BOSS","R","$","E","BOSS"],"build_version":"2019-01-23","purchased_purges":3,"victory":true,"max_hp_per_floor":[80,80,80,80,80,80,80,80,80,80,80,80,80,80,80,80,80,80,80,80,80,80,80,80,80,80,80,80,80,80,80,80,80,80,80,80,80,80,80,80,80,76,76,76,76,76,76,78,78,78,78,78,85,85,85],"card_choices":[{"not_picked":["Perfected Strike","Twin Strike"],"picked":"Pommel Strike","floor":1.0},{"not_picked":["Armaments","Shrug It Off"],"picked":"Intimidate","floor":4.0},{"not_picked":["Combust","Pommel Strike"],"picked":"Wild Strike","floor":5.0},{"not_picked":["Iron Wave","Pommel Strike"],"picked":"Shrug It Off","floor":6.0},{"not_picked":["Perfected Strike","Cleave"],"picked":"Barricade","floor":8.0},{"not_picked":["Disarm","Searing Blow"],"picked":"Body Slam","floor":11.0},{"not_picked":["Clothesline","Perfected Strike"],"picked":"True Grit","floor":13.0},{"not_picked":["Burning Pact","Anger"],"picked":"Power Through","floor":14.0},{"not_picked":["Barricade","Brutality"],"picked":"Impervious","floor":16.0},{"not_picked":["Seeing Red","Armaments","Shockwave"],"picked":"SKIP","floor":18.0},{"not_picked":["Uppercut","Warcry"],"picked":"True Grit+1","floor":19.0},{"not_picked":["Pommel Strike","Wild Strike","Armaments"],"picked":"SKIP","floor":22.0},{"not_picked":["Hemokinesis+1","Sever Soul+1","Sword Boomerang"],"picked":"SKIP","floor":23.0},{"not_picked":["True Grit","Armaments"],"picked":"Entrench+1","floor":24.0},{"not_picked":["Exhume","Power Through+1"],"picked":"Entrench","floor":25.0},{"not_picked":["Carnage","Intimidate","Corruption+1"],"picked":"SKIP","floor":31.0},{"not_picked":["Fiend Fire","Barricade"],"picked":"Brutality","floor":33.0},{"not_picked":["Whirlwind+1","Havoc+1","Twin Strike+1"],"picked":"SKIP","floor":35.0},{"not_picked":["Clash+1","Anger+1"],"picked":"Thunderclap","floor":38.0},{"not_picked":["Hemokinesis+1","Sword Boomerang"],"picked":"Disarm+1","floor":40.0},{"not_picked":["Thunderclap","True Grit+1","Blood for Blood"],"picked":"SKIP","floor":44.0},{"not_picked":["Dropkick","Wild Strike"],"picked":"Body Slam+1","floor":46.0},{"not_picked":["Headbutt","Havoc+1"],"picked":"Impervious+1","floor":47.0},{"not_picked":["Pommel Strike","Havoc+1","Hemokinesis+1"],"picked":"Singing Bowl","floor":48.0},{"not_picked":["Brutality","Rage+1"],"picked":"Disarm+1","floor":54.0}],"player_experience":930652,"relics_obtained":[{"floor":6.0,"key":"Torii"},{"floor":8.0,"key":"Regal Pillow"},{"floor":9.0,"key":"Paper Frog"},{"floor":11.0,"key":"Bottled Lightning"},{"floor":23.0,"key":"Tiny Chest"},{"floor":25.0,"key":"Letter Opener"},{"floor":26.0,"key":"Matryoshka"},{"floor":29.0,"key":"Shuriken"},{"floor":29.0,"key":"The Courier"},{"floor":36.0,"key":"Champion Belt"},{"floor":37.0,"key":"Ornamental Fan"},{"floor":39.0,"key":"Ice Cream"},{"floor":40.0,"key":"Pen Nib"},{"floor":43.0,"key":"Toxic Egg 2"},{"floor":47.0,"key":"Singing Bowl"},{"floor":54.0,"key":"Sundial"}],"event_choices":[{"cards_removed":["Strike_R"],"damage_healed":0.0,"max_hp_gain":0.0,"max_hp_loss":0.0,"gold_gain":0.0,"event_name":"Golden Wing","player_choice":"Card Removal","floor":2.0,"gold_loss":0.0,"damage_taken":7.0},{"cards_removed":["Strike_R"],"damage_healed":0.0,"max_hp_gain":0.0,"max_hp_loss":0.0,"gold_gain":0.0,"event_name":"Bonfire Elementals","player_choice":"Offered Basic","floor":3.0,"gold_loss":0.0,"damage_taken":0.0},{"damage_healed":0.0,"max_hp_gain":0.0,"max_hp_loss":0.0,"gold_gain":0.0,"event_name":"Vampires","player_choice":"Ignored","floor":20.0,"gold_loss":0.0,"damage_taken":0.0},{"damage_healed":0.0,"max_hp_gain":0.0,"max_hp_loss":0.0,"gold_gain":0.0,"event_name":"Addict","player_choice":"Obtained Relic","floor":21.0,"gold_loss":85.0,"damage_taken":0.0,"relics_obtained":["War Paint"]},{"damage_healed":0.0,"max_hp_gain":0.0,"max_hp_loss":0.0,"gold_gain":0.0,"event_name":"Colosseum","player_choice":"Fight","floor":28.0,"gold_loss":0.0,"damage_taken":0.0},{"damage_healed":0.0,"max_hp_gain":0.0,"max_hp_loss":0.0,"gold_gain":0.0,"event_name":"Colosseum","player_choice":"Fled From Nobs","floor":28.0,"gold_loss":0.0,"damage_taken":0.0},{"damage_healed":0.0,"max_hp_gain":0.0,"max_hp_loss":0.0,"gold_gain":0.0,"event_name":"MindBloom","player_choice":"Fight","floor":36.0,"gold_loss":0.0,"damage_taken":0.0},{"damage_healed":0.0,"max_hp_gain":0.0,"max_hp_loss":0.0,"gold_gain":0.0,"event_name":"Mysterious Sphere","player_choice":"Fight","floor":39.0,"gold_loss":0.0,"damage_taken":0.0},{"damage_healed":0.0,"max_hp_gain":0.0,"max_hp_loss":4.0,"gold_gain":0.0,"event_name":"Winding Halls","player_choice":"Max HP","floor":42.0,"gold_loss":0.0,"damage_taken":0.0}],"is_beta":false,"boss_relics":[{"not_picked":["Ectoplasm","Runic Pyramid"],"picked":"Fusion Hammer"},{"not_picked":["White Beast Statue","Astrolabe"],"picked":"Empty Cage"}],"items_purged_floors":[12,30,53],"is_endless":false,"potions_floor_spawned":[6,8,14,19,22,23,25,31,35,38,39,44],"ascension_level":0}