{"gold_per_floor":[20,32,32,32,32,32,65,65,117,117,148,168,508,77,77,202,202,225,243,268,12,31,75,75,98,121,134,134,33,72,93,93,222,222,247,247,247,247,57,91,91,125,125,125,143,183,183,223,223,223],"floor_reached":51,"playtime":6143,"items_purged":[],"score":1155,"play_id":"5c770224-4101-4103-a7e7-88d30788d8dc","local_time":"20180811172335","is_ascension_mode":true,"campfire_choices":[{"floor":6,"key":"REST"},{"data":"Sweeping Beam","floor":8,"key":"SMITH"},{"floor":10,"key":"REST"},{"floor":15,"key":"REST"},{"data":"Enlightenment","floor":24,"key":"SMITH"},{"data":"Streamline","floor":28,"key":"SMITH"},{"floor":32,"key":"REST"},{"data":"Seek","floor":41,"key":"SMITH"},{"data":"Beam Cell","floor":44,"key":"SMITH"},{"data":"Turbo","floor":47,"key":"SMITH"},{"data":"Streamline","floor":49,"key":"SMITH"}],"neow_cost":"NO_GOLD","seed_source_timestamp":424046694898849,"circlet_count":0,"master_deck":["Zap","Dualcast","Stack","Undo","Sweeping Beam+1","Echo Form","Glacier","Streamline+1","Enlightenment+1","Sunder","Thunder Strike","Go for the Eyes","Defragment+1","Seek+1","Hologram+1","Barrage","Flash of Steel","Streamline+1","Conserve Battery+1","Meteor Strike","Beam Cell+1","Turbo+1","Glacier","Coolheaded","Compile Driver","Melter","Barrage","Turbo","FTL","Blind","Double Energy+1","Doom and Gloom","Coolheaded+1","Barrage+1","Streamline+1","Capacitor","Blizzard+1"],"relics":["Cracked Core","Singing Bowl","Golden Idol","Dodecahedron","Oddly Smooth Stone","Bronze Scales","Old Coin","Meat on the Bone","Eternal Feather","Kunai","Matryoshka","Blood Vial","Bag of Preparation","Mango","Pandora\u0027s Box","StoneCalendar","Pen Nib","Question Card","Omamori","Centennial Puzzle","Mercury Hourglass","DataDisk","Strawberry"],"potions_floor_usage":[11,19,20,22,23,30,33,50,50],"damage_taken":[{"damage":2,"enemies":"Jaw Worm","floor":1,"turns":3},{"damage":9,"enemies":"2 Louse","floor":2,"turns":2},{"damage":26,"enemies":"3 Sentries","floor":7,"turns":10},{"damage":13,"enemies":"Lagavulin","floor":11,"turns":7},{"damage":0,"enemies":"Cultist","floor":12,"turns":3},{"damage":36,"enemies":"Gremlin Nob","floor":13,"turns":5},{"damage":12,"enemies":"Slime Boss","floor":16,"turns":7},{"damage":14,"enemies":"Spheric Guardian","floor":18,"turns":4},{"damage":0,"enemies":"Chosen","floor":19,"turns":5},{"damage":22,"enemies":"Snake Plant","floor":20,"turns":4},{"damage":26,"enemies":"Centurion and Healer","floor":22,"turns":6},{"damage":24,"enemies":"Book of Stabbing","floor":23,"turns":7},{"damage":5,"enemies":"3 Cultists","floor":25,"turns":5},{"damage":6,"enemies":"Snecko","floor":27,"turns":4},{"damage":40,"enemies":"Slavers","floor":30,"turns":7},{"damage":40,"enemies":"Snake Plant","floor":31,"turns":4},{"damage":33,"enemies":"Collector","floor":33,"turns":13},{"damage":0,"enemies":"Orb Walker","floor":35,"turns":3},{"damage":6,"floor":38,"turns":6},{"damage":45,"enemies":"2 Orb Walkers","floor":40,"turns":7},{"damage":35,"enemies":"Giant Head","floor":42,"turns":7},{"damage":0,"enemies":"Flame Bruiser 1 Orb","floor":45,"turns":4},{"damage":10,"enemies":"2 Orb Walkers","floor":46,"turns":3},{"damage":0,"enemies":"Nemesis","floor":48,"turns":5},{"damage":0,"enemies":"Donu and Deca","floor":50,"turns":6}],"seed_played":"5952643951247422732","potions_obtained":[{"floor":1,"key":"Weak Potion"},{"floor":12,"key":"SkillPotion"},{"floor":13,"key":"Dexterity Potion"},{"floor":16,"key":"SteroidPotion"},{"floor":19,"key":"Energy Potion"},{"floor":20,"key":"GamblersBrew"},{"floor":22,"key":"EssenceOfSteel"},{"floor":25,"key":"GamblersBrew"},{"floor":38,"key":"SkillPotion"},{"floor":40,"key":"Fire Potion"},{"floor":46,"key":"FearPotion"}],"is_trial":false,"path_per_floor":["M","M","?","?","$","R","E","R","T","R","E","M","E","$","R","B",null,"M","M","M","$","M","E","R","M","T","M","R","$","E","M","R","B",null,"M","$","?","?","$","E","R","E","T","R","M","E","R","E","R","B"],"character_chosen":"DEFECT","items_purchased":["Meat on the Bone","Enlightenment","Sunder","Kunai","Flash of Steel","Pen Nib","Doom and Gloom"],"campfire_rested":4,"item_purchase_floors":[14,14,14,21,29,39,39],"current_hp_per_floor":[87,78,60,38,38,64,38,38,38,64,51,51,15,15,41,41,77,65,65,55,55,41,29,41,48,48,58,70,70,58,32,79,60,95,97,97,97,93,93,62,80,59,59,77,79,71,92,101,114,114],"gold":223,"neow_bonus":"TWENTY_PERCENT_HP_BONUS","is_prod":false,"is_daily":false,"chose_seed":false,"campfire_upgraded":7,"win_rate":0,"timestamp":1534022615,"path_taken":["M","M","?","?","$","R","E","R","T","R","E","M","E","?","R","BOSS","M","M","M","$","M","E","R","M","T","M","R","$","E","?","R","BOSS","M","$","?","?","$","E","R","E","T","R","M","E","R","E","R","BOSS"],"build_version":"2018-08-09","purchased_purges":0,"victory":true,"max_hp_per_floor":[89,89,89,89,89,89,89,89,89,89,89,89,89,89,89,89,89,91,91,91,91,91,91,91,91,91,93,93,93,107,107,107,107,107,107,107,107,107,107,107,107,107,107,107,107,107,107,114,114,114],"card_choices":[{"not_picked":["Hello World","Steam Power"],"picked":"Stack","floor":1},{"not_picked":["Hologram","Stack"],"picked":"Undo","floor":2},{"not_picked":["Compile Driver","Static Discharge"],"picked":"Sweeping Beam","floor":7},{"not_picked":["Scrape","Heatsinks"],"picked":"Echo Form","floor":11},{"not_picked":["Storm","Steam"],"picked":"Glacier","floor":12},{"not_picked":["Biased Cognition","Steam"],"picked":"Streamline","floor":13},{"not_picked":["Biased Cognition","Multi-Cast"],"picked":"Thunder Strike","floor":16},{"not_picked":["Sunder","Chaos+1","Steam"],"picked":"Singing Bowl","floor":18},{"not_picked":["Redo","Tempest"],"picked":"Go for the Eyes","floor":19},{"not_picked":["Auto Shields","Barrage+1"],"picked":"Defragment+1","floor":20},{"not_picked":["Aggregate","Beam Cell"],"picked":"Seek","floor":22},{"not_picked":["Lockon","Steam Power+1"],"picked":"Hologram+1","floor":23},{"not_picked":["Stack","Static Discharge"],"picked":"Barrage","floor":25},{"not_picked":["Hologram","Ball Lightning","Amplify"],"picked":"Singing Bowl","floor":27},{"not_picked":["Steam","Rebound"],"picked":"Streamline","floor":30},{"not_picked":["Beam Cell","Gash"],"picked":"Conserve Battery+1","floor":31},{"not_picked":["All For One","Hyperbeam"],"picked":"Meteor Strike","floor":33},{"not_picked":["Chill","Heatsinks"],"picked":"FTL","floor":35},{"not_picked":["Magnetism","Transmutation"],"picked":"Blind","floor":37},{"not_picked":["Conserve Battery","Turbo"],"picked":"Double Energy+1","floor":38},{"not_picked":["Genetic Algorithm","Gash+1"],"picked":"Coolheaded+1","floor":40},{"not_picked":["Steam","Auto Shields","Sweeping Beam"],"picked":"Barrage+1","floor":42},{"not_picked":["Chill","Steam+1","Barrage"],"picked":"Streamline+1","floor":45},{"not_picked":["Loop+1","Skim+1","Cold Snap+1"],"picked":"Capacitor","floor":46},{"not_picked":["Capacitor","Hyperbeam","Redo+1"],"picked":"Blizzard+1","floor":48}],"player_experience":263116,"relics_obtained":[{"floor":7,"key":"Dodecahedron"},{"floor":9,"key":"Oddly Smooth Stone"},{"floor":11,"key":"Bronze Scales"},{"floor":13,"key":"Old Coin"},{"floor":23,"key":"Matryoshka"},{"floor":26,"key":"Blood Vial"},{"floor":26,"key":"Bag of Preparation"},{"floor":30,"key":"Mango"},{"floor":38,"key":"StoneCalendar"},{"floor":40,"key":"Question Card"},{"floor":42,"key":"Omamori"},{"floor":43,"key":"Centennial Puzzle"},{"floor":43,"key":"Mercury Hourglass"},{"floor":46,"key":"DataDisk"},{"floor":48,"key":"Strawberry"}],"event_choices":[{"event_name":"Scrap Ooze","player_choice":"success","floor":3,"damage_taken":18},{"event_name":"Golden Idol","player_choice":"Take Damage","floor":4,"damage_taken":0},{"event_name":"SensoryStone","player_choice":"Memory 1","floor":37,"damage_taken":0},{"event_name":"MindBloom","player_choice":"Fight","floor":38,"damage_taken":0}],"is_beta":false,"boss_relics":[{"not_picked":["Lizard Tail","Snecko Eye"],"picked":"Eternal Feather"},{"not_picked":["Fusion Hammer","Runic Pyramid"],"picked":"Pandora\u0027s Box"}],"items_purged_floors":[],"is_endless":false,"potions_floor_spawned":[1,12,13,16,18,19,20,22,25,38,40,46,48],"ascension_level":5}