{"gold_per_floor":[116,96,107,107,107,138,138,177,200,213,64,98,98,98,98,194,194,207,228,228,247,97,97],"floor_reached":23,"playtime":1037,"items_purged":["Strike_R"],"score":406,"play_id":"9187aee1-7fe0-4201-a08c-3a05bbae0837","local_time":"20190715195411","is_ascension_mode":true,"campfire_choices":[{"data":"Uppercut","floor":7.0,"key":"SMITH"},{"data":"Shockwave","floor":13.0,"key":"SMITH"},{"data":"Spot Weakness","floor":15.0,"key":"SMITH"}],"neow_cost":"NONE","seed_source_timestamp":382843037779745,"circlet_count":0,"master_deck":["AscendersBane","Strike_R","Strike_R","Strike_R","Defend_R","Defend_R","Defend_R","Defend_R","Bash","Uppercut+1","True Grit","Shockwave+1","Exhume","Spot Weakness+1","Iron Wave","Bludgeon+1","Pommel Strike","Pummel"],"special_seed":0,"relics":["Burning Blood","NeowsBlessing","Golden Idol","Anchor","Paper Frog","Centennial Puzzle","Boot","Pantograph","Black Star","Orichalcum"],"potions_floor_usage":[23,23],"damage_taken":[{"damage":0.0,"enemies":"Small Slimes","floor":1.0,"turns":1.0},{"damage":0.0,"enemies":"Cultist","floor":3.0,"turns":1.0},{"damage":0.0,"enemies":"Lagavulin","floor":6.0,"turns":1.0},{"damage":18.0,"enemies":"Gremlin Nob","floor":8.0,"turns":4.0},{"damage":3.0,"enemies":"2 Louse","floor":10.0,"turns":3.0},{"damage":22.0,"enemies":"Lagavulin","floor":12.0,"turns":8.0},{"damage":21.0,"enemies":"Hexaghost","floor":16.0,"turns":10.0},{"damage":12.0,"enemies":"3 Byrds","floor":18.0,"turns":4.0},{"damage":0.0,"enemies":"Chosen","floor":19.0,"turns":3.0},{"damage":38.0,"enemies":"Snake Plant","floor":21.0,"turns":6.0},{"damage":0,"enemies":"Gremlin Leader","floor":23,"turns":5}],"seed_played":"1715805498520411528","potions_obtained":[{"floor":1.0,"key":"GamblersBrew"},{"floor":2.0,"key":"Weak Potion"},{"floor":8.0,"key":"LiquidBronze"},{"floor":16.0,"key":"Dexterity Potion"},{"floor":21.0,"key":"Swift Potion"}],"is_trial":false,"path_per_floor":["M","?","M","?","?","E","R","E","T","M","$","E","R","T","R","B",null,"M","M","?","M","$","E"],"character_chosen":"IRONCLAD","items_purchased":["Spot Weakness","Orichalcum"],"campfire_rested":0,"item_purchase_floors":[11,22],"current_hp_per_floor":[74,74,75,68,42,48,48,36,36,39,39,23,23,23,23,33,65,59,65,65,33,33,33],"gold":97,"neow_bonus":"THREE_ENEMY_KILL","is_prod":false,"is_daily":false,"chose_seed":false,"campfire_upgraded":3,"win_rate":0,"timestamp":1563213251,"path_taken":["M","?","?","?","?","E","R","E","T","M","$","E","R","?","R","BOSS","M","M","?","M","$","E"],"build_version":"2019-07-05","purchased_purges":1,"victory":false,"max_hp_per_floor":[75,75,75,75,75,75,75,75,75,75,75,75,75,75,75,75,75,75,75,75,75,75,75],"card_choices":[{"not_picked":["Sentinel","Thunderclap"],"picked":"Uppercut","floor":1.0},{"not_picked":["Havoc","Clothesline"],"picked":"True Grit","floor":3.0},{"not_picked":["Fiend Fire","Whirlwind"],"picked":"Shockwave","floor":6.0},{"not_picked":["True Grit","Clothesline"],"picked":"Exhume","floor":8.0},{"not_picked":["Wild Strike","Body Slam","Flex"],"picked":"SKIP","floor":10.0},{"not_picked":["Pommel Strike","True Grit"],"picked":"Iron Wave","floor":12.0},{"not_picked":["Demon Form","Dark Embrace"],"picked":"Bludgeon","floor":16.0},{"not_picked":["Iron Wave","Perfected Strike+1"],"picked":"Pommel Strike","floor":18.0},{"not_picked":["Anger","Havoc"],"picked":"Pummel","floor":19.0},{"not_picked":["Rupture","Rampage","Perfected Strike"],"picked":"SKIP","floor":21.0}],"player_experience":648149,"relics_obtained":[{"floor":6.0,"key":"Anchor"},{"floor":8.0,"key":"Paper Frog"},{"floor":9.0,"key":"Centennial Puzzle"},{"floor":12.0,"key":"Boot"},{"floor":14.0,"key":"Pantograph"}],"event_choices":[{"damage_healed":0.0,"max_hp_gain":0.0,"max_hp_loss":0.0,"gold_gain":0.0,"event_name":"The Woman in Blue","player_choice":"Bought 1 Potion","floor":2.0,"gold_loss":0.0,"damage_taken":0.0},{"cards_removed":["Strike_R"],"damage_healed":0.0,"max_hp_gain":0.0,"max_hp_loss":0.0,"gold_gain":0.0,"event_name":"Golden Wing","player_choice":"Card Removal","floor":4.0,"gold_loss":0.0,"damage_taken":7.0},{"damage_healed":0.0,"max_hp_gain":0.0,"max_hp_loss":0.0,"gold_gain":0.0,"event_name":"Golden Idol","player_choice":"Take Damage","floor":5.0,"gold_loss":0.0,"damage_taken":26.0,"relics_obtained":["Golden Idol"]},{"damage_healed":0.0,"max_hp_gain":0.0,"max_hp_loss":0.0,"gold_gain":0.0,"event_name":"Upgrade Shrine","player_choice":"Upgraded","floor":20.0,"gold_loss":0.0,"damage_taken":0.0,"cards_upgraded":["Bludgeon"]}],"is_beta":false,"boss_relics":[{"not_picked":["Calling Bell","Runic Cube"],"picked":"Black Star"}],"items_purged_floors":[11],"is_endless":false,"potions_floor_spawned":[1,8,16,21],"killed_by":"Gremlin Leader","ascension_level":15}