{"gold_per_floor":[111,121,131,306,317,334,334,2,28,38,38,51,85,136,136,136],"floor_reached":16,"playtime":1210,"items_purged":["Doubt"],"score":104,"play_id":"7556a9e9-ed55-4602-8c15-1f90c2fbfe90","local_time":"20191006005332","is_ascension_mode":false,"campfire_choices":[{"data":"Zap","floor":7,"key":"SMITH"},{"data":"Seek","floor":11,"key":"SMITH"},{"data":"Dualcast","floor":15,"key":"SMITH"}],"neow_cost":"NONE","seed_source_timestamp":121584647828300,"circlet_count":0,"master_deck":["Strike_B","Strike_B","Strike_B","Strike_B","Defend_B","Defend_B","Defend_B","Defend_B","Zap+1","Dualcast+1","Conserve Battery","Beam Cell","Storm","Seek+1","Lockon","Self Repair","Rip and Tear","Rebound","Doom and Gloom","Capacitor"],"relics":["Cracked Core","NeowsBlessing","Vajra","Omamori"],"potions_floor_usage":[16],"damage_taken":[{"damage":0,"enemies":"Jaw Worm","floor":1,"turns":1},{"damage":0,"enemies":"2 Louse","floor":2,"turns":1},{"damage":0,"enemies":"Cultist","floor":3,"turns":1},{"damage":2,"enemies":"2 Fungi Beasts","floor":5,"turns":4},{"damage":4,"enemies":"Blue Slaver","floor":6,"turns":4},{"damage":0,"enemies":"Large Slime","floor":10,"turns":5},{"damage":3,"enemies":"Exordium Wildlife","floor":12,"turns":3},{"damage":31,"enemies":"Lagavulin","floor":13,"turns":5},{"damage":58,"enemies":"Hexaghost","floor":16,"turns":9}],"seed_played":"-720381677392846438","potions_obtained":[{"floor":2,"key":"FocusPotion"},{"floor":3,"key":"Strength Potion"}],"is_trial":false,"path_per_floor":["M","M","M","?","M","M","R","$","T","M","R","M","E","?","R","B"],"character_chosen":"DEFECT","items_purchased":["Self Repair","Rip and Tear","FairyPotion"],"campfire_rested":0,"item_purchase_floors":[8,8,8],"current_hp_per_floor":[75,75,75,75,73,69,69,69,69,75,75,72,48,48,48,0],"gold":136,"neow_bonus":"THREE_ENEMY_KILL","is_prod":false,"is_daily":false,"chose_seed":false,"campfire_upgraded":3,"win_rate":0.0,"timestamp":1570337612,"path_taken":["M","M","M","?","M","M","R","$","T","M","R","M","E","?","R","BOSS"],"build_version":"2019-07-17","purchased_purges":1,"victory":false,"max_hp_per_floor":[75,75,75,75,75,75,75,75,75,75,75,75,75,75,75,75],"card_choices":[{"not_picked":["Rebound","Storm"],"picked":"Conserve Battery","floor":1},{"not_picked":["Conserve Battery","Chill"],"picked":"Beam Cell","floor":2},{"not_picked":["Steam","Lockon"],"picked":"Storm","floor":3},{"not_picked":["Hologram","Go for the Eyes"],"picked":"Seek","floor":5},{"not_picked":["FTL","Steam"],"picked":"Lockon","floor":6},{"not_picked":["Stack","Consume"],"picked":"Rebound","floor":10},{"not_picked":["Rebound","Reinforced Body"],"picked":"Doom and Gloom","floor":12},{"not_picked":["Sweeping Beam","Go for the Eyes"],"picked":"Capacitor","floor":13}],"player_experience":39843,"relics_obtained":[{"floor":9,"key":"Vajra"},{"floor":13,"key":"Omamori"}],"event_choices":[{"damage_healed":0,"gold_gain":175,"player_choice":"AGREE","damage_taken":0,"max_hp_gain":0,"max_hp_loss":0,"event_name":"Liars Game","floor":4,"gold_loss":0,"cards_obtained":["Doubt"]},{"damage_healed":0,"gold_gain":51,"player_choice":"Gained Gold","damage_taken":0,"max_hp_gain":0,"max_hp_loss":0,"event_name":"Golden Wing","floor":14,"gold_loss":0}],"is_beta":false,"boss_relics":[],"items_purged_floors":[8],"is_endless":false,"potions_floor_spawned":[2,3,12,13],"killed_by":"Hexaghost","ascension_level":0}