{"gold_per_floor":[116,134,134,1,15,44,44,72,72,37,37,67,142,216,216,294,294,307,317,317,138,155,181,181,208,208,226,226,238,238,253,253,328,328,346,362,73,73,90,120,120,148,148,160,160,170,0,33,33,33],"floor_reached":51,"playtime":3497,"items_purged":["Regret","Thunder Strike+1"],"score":1644,"play_id":"fa8b8e55-fd23-41c4-8cc4-d6a48821443e","local_time":"20191014005017","is_ascension_mode":true,"campfire_choices":[{"floor":7.0,"key":"REST"},{"floor":15.0,"key":"REST"},{"floor":24.0,"key":"REST"},{"data":"Defragment","floor":28.0,"key":"SMITH"},{"data":"Defragment","floor":30.0,"key":"SMITH"},{"floor":32.0,"key":"REST"},{"data":"Biased Cognition","floor":41.0,"key":"SMITH"},{"data":"Secret Weapon","floor":45.0,"key":"SMITH"},{"floor":49.0,"key":"REST"}],"neow_cost":"NONE","seed_source_timestamp":374176991267700,"circlet_count":0,"master_deck":["AscendersBane","Strike_B","Defend_B","Defend_B","Defend_B","Defend_B","Zap","Dualcast","Flash of Steel","Conserve Battery","Sweeping Beam","Defragment+1","Gash","All For One","Glacier","Go for the Eyes","Hyperbeam","Turbo+1","Steam Power+1","Reinforced Body+1","Gash","All For One","Coolheaded","Defragment+1","Glacier+1","FTL","Coolheaded","Coolheaded","Beam Cell+1","Biased Cognition+1","CurseOfTheBell","Loop+1","Defragment","Electrodynamics","Gash","Secret Weapon+1","Loop+1","Defragment","Gash","Doom and Gloom+1"],"special_seed":0,"relics":["Cracked Core","Dodecahedron","CaptainsWheel","Ice Cream","Thread and Needle","Dream Catcher","Astrolabe","Singing Bowl","Prayer Wheel","Bottled Lightning","Calling Bell","DataDisk","Blue Candle","Du-Vu Doll","OrangePellets","Turnip","Ancient Tea Set","Calipers","Red Mask","Orichalcum"],"potions_floor_usage":[50,50],"damage_taken":[{"damage":3.0,"enemies":"2 Louse","floor":1.0,"turns":2.0},{"damage":0.0,"enemies":"Small Slimes","floor":2.0,"turns":3.0},{"damage":10.0,"enemies":"Jaw Worm","floor":5.0,"turns":3.0},{"damage":35.0,"enemies":"Gremlin Nob","floor":6.0,"turns":4.0},{"damage":31.0,"enemies":"3 Sentries","floor":8.0,"turns":6.0},{"damage":7.0,"enemies":"Lagavulin","floor":12.0,"turns":8.0},{"damage":18.0,"enemies":"Hexaghost","floor":16.0,"turns":13.0},{"damage":23.0,"enemies":"2 Thieves","floor":18.0,"turns":3.0},{"damage":7.0,"enemies":"Spheric Guardian","floor":19.0,"turns":5.0},{"damage":0.0,"enemies":"Chosen and Byrds","floor":22.0,"turns":6.0},{"damage":10.0,"enemies":"Gremlin Leader","floor":23.0,"turns":10.0},{"damage":2.0,"enemies":"Book of Stabbing","floor":25.0,"turns":6.0},{"damage":3.0,"enemies":"Centurion and Healer","floor":27.0,"turns":8.0},{"damage":0.0,"enemies":"Shelled Parasite and Fungi","floor":29.0,"turns":6.0},{"damage":6.0,"enemies":"Snecko","floor":31.0,"turns":9.0},{"damage":23.0,"enemies":"Automaton","floor":33.0,"turns":11.0},{"damage":0.0,"enemies":"3 Shapes","floor":35.0,"turns":3.0},{"damage":0.0,"enemies":"Orb Walker","floor":36.0,"turns":4.0},{"damage":0.0,"enemies":"Maw","floor":39.0,"turns":5.0},{"damage":6.0,"enemies":"Reptomancer","floor":40.0,"turns":7.0},{"damage":14.0,"enemies":"Nemesis","floor":42.0,"turns":9.0},{"damage":0.0,"enemies":"3 Darklings","floor":44.0,"turns":3.0},{"damage":0.0,"enemies":"Writhing Mass","floor":46.0,"turns":6.0},{"damage":0.0,"enemies":"Giant Head","floor":48.0,"turns":5.0},{"damage":1,"enemies":"Donu and Deca","floor":50,"turns":7}],"seed_played":"-2978026591589514918","potions_obtained":[{"floor":1.0,"key":"FocusPotion"},{"floor":6.0,"key":"Swift Potion"},{"floor":23.0,"key":"Fire Potion"},{"floor":25.0,"key":"SteroidPotion"},{"floor":42.0,"key":"PowerPotion"},{"floor":44.0,"key":"PotionOfCapacity"}],"is_trial":false,"path_per_floor":["M","M","?","$","M","E","R","E","T","?","$","E","?","?","R","B",null,"M","M","?","$","M","E","R","E","T","M","R","M","R","M","R","B",null,"M","M","$","?","M","E","R","E","T","M","R","M","?","E","R","B",null],"character_chosen":"DEFECT","items_purchased":["Defragment","Gash","Coolheaded","Defragment","OrangePellets","Gash"],"campfire_rested":5,"item_purchase_floors":[4,4,21,21,37,37],"current_hp_per_floor":[61,61,61,61,51,16,37,6,6,23,23,16,5,5,26,8,55,32,25,25,25,25,15,36,34,34,35,35,39,39,35,59,36,70,72,72,72,66,68,64,64,52,52,52,52,56,56,58,87,86],"gold":33,"neow_bonus":"RANDOM_COLORLESS","is_prod":false,"is_daily":false,"chose_seed":false,"campfire_upgraded":4,"win_rate":0,"timestamp":1571007017,"path_taken":["M","M","?","$","M","E","R","E","T","?","?","E","?","?","R","BOSS","M","M","?","$","?","E","R","E","T","M","R","M","R","M","R","BOSS","M","M","$","?","M","E","R","E","T","M","R","M","?","E","R","BOSS"],"build_version":"2019-10-11","purchased_purges":2,"victory":true,"max_hp_per_floor":[71,71,71,71,71,71,71,71,71,71,71,71,71,71,71,71,71,71,71,71,71,71,71,71,71,71,75,75,79,79,81,81,81,81,83,83,83,87,89,91,91,93,93,93,93,97,97,99,99,99],"card_choices":[{"not_picked":["Madness","Panacea"],"picked":"Flash of Steel","floor":0.0},{"not_picked":["Steam","Streamline"],"picked":"Conserve Battery","floor":1.0},{"not_picked":["Leap","Steam"],"picked":"Sweeping Beam","floor":2.0},{"not_picked":["Double Energy","Capacitor","Barrage"],"picked":"SKIP","floor":5.0},{"not_picked":["Chill","Loop"],"picked":"All For One","floor":6.0},{"not_picked":["Stack","Reinforced Body"],"picked":"Glacier","floor":8.0},{"not_picked":["Barrage","Streamline","Steam"],"picked":"SKIP","floor":12.0},{"not_picked":["Conserve Battery","Blizzard"],"picked":"Go for the Eyes","floor":15.0},{"not_picked":["Machine Learning","Reboot"],"picked":"Hyperbeam","floor":16.0},{"not_picked":["Ball Lightning+1","Redo"],"picked":"Reinforced Body+1","floor":18.0},{"not_picked":["Undo","Rebound"],"picked":"Gash","floor":19.0},{"not_picked":["Stack","Barrage","Beam Cell"],"picked":"SKIP","floor":22.0},{"not_picked":["Coolheaded","Turbo"],"picked":"Glacier+1","floor":23.0},{"not_picked":["Melter","Rebound"],"picked":"FTL","floor":24.0},{"not_picked":["Lockon","Turbo"],"picked":"Coolheaded","floor":25.0},{"not_picked":["Double Energy","Consume","Leap"],"picked":"Singing Bowl","floor":27.0},{"not_picked":["Conserve Battery","Glacier","Go for the Eyes"],"picked":"Singing Bowl","floor":27.0},{"not_picked":["Cold Snap","Double Energy","Tempest"],"picked":"Singing Bowl","floor":29.0},{"not_picked":["Ball Lightning","Turbo","Machine Learning"],"picked":"Singing Bowl","floor":29.0},{"not_picked":["Cold Snap","Stack","Static Discharge"],"picked":"Singing Bowl","floor":31.0},{"not_picked":["Cold Snap","Chaos"],"picked":"Coolheaded","floor":31.0},{"not_picked":["Steam","Rebound"],"picked":"Beam Cell+1","floor":32.0},{"not_picked":["Machine Learning","Electrodynamics"],"picked":"Biased Cognition","floor":33.0},{"not_picked":["Compile Driver","Steam","Beam Cell"],"picked":"Singing Bowl","floor":35.0},{"not_picked":["Streamline","Blizzard"],"picked":"Loop+1","floor":35.0},{"not_picked":["Redo","Doom and Gloom"],"picked":"Defragment","floor":36.0},{"not_picked":["Barrage","Compile Driver"],"picked":"Electrodynamics","floor":36.0},{"not_picked":["Blind","Mind Blast"],"picked":"Secret Weapon","floor":38.0},{"not_picked":["Bandage Up","Magnetism","Enlightenment"],"picked":"Singing Bowl","floor":38.0},{"not_picked":["Swift Strike","Jack Of All Trades","Impatience"],"picked":"Singing Bowl","floor":38.0},{"not_picked":["Skim","Hologram","Heatsinks"],"picked":"Singing Bowl","floor":39.0},{"not_picked":["Compile Driver+1","Barrage"],"picked":"Loop+1","floor":39.0},{"not_picked":["Self Repair","BootSequence","Static Discharge"],"picked":"Singing Bowl","floor":40.0},{"not_picked":["Go for the Eyes","Hologram","Doom and Gloom"],"picked":"Singing Bowl","floor":42.0},{"not_picked":["Undo","BootSequence+1"],"picked":"Defragment","floor":44.0},{"not_picked":["Leap","Self Repair"],"picked":"Gash","floor":44.0},{"not_picked":["Compile Driver","Core Surge","Reprogram"],"picked":"Singing Bowl","floor":46.0},{"not_picked":["Beam Cell","Sweeping Beam","Lockon"],"picked":"Singing Bowl","floor":46.0},{"not_picked":["Stack","Sunder","Lockon"],"picked":"Singing Bowl","floor":48.0},{"not_picked":["Static Discharge","Gash"],"picked":"Doom and Gloom+1","floor":49.0}],"player_experience":1028264,"relics_obtained":[{"floor":6.0,"key":"CaptainsWheel"},{"floor":8.0,"key":"Ice Cream"},{"floor":9.0,"key":"Thread and Needle"},{"floor":12.0,"key":"Dream Catcher"},{"floor":23.0,"key":"Singing Bowl"},{"floor":25.0,"key":"Prayer Wheel"},{"floor":26.0,"key":"Bottled Lightning"},{"floor":34.0,"key":"DataDisk"},{"floor":34.0,"key":"Blue Candle"},{"floor":34.0,"key":"Du-Vu Doll"},{"floor":40.0,"key":"Turnip"},{"floor":42.0,"key":"Ancient Tea Set"},{"floor":43.0,"key":"Calipers"},{"floor":48.0,"key":"Orichalcum"}],"event_choices":[{"damage_healed":0.0,"max_hp_gain":0.0,"max_hp_loss":0.0,"gold_gain":0.0,"event_name":"Big Fish","player_choice":"Box","floor":3.0,"gold_loss":0.0,"damage_taken":0.0,"relics_obtained":["Dodecahedron"],"cards_obtained":["Regret"]},{"damage_healed":17.0,"max_hp_gain":0.0,"max_hp_loss":0.0,"gold_gain":0.0,"event_name":"The Cleric","player_choice":"Healed","floor":10.0,"gold_loss":35.0,"damage_taken":0.0},{"damage_healed":0.0,"max_hp_gain":0.0,"max_hp_loss":0.0,"gold_gain":75.0,"event_name":"World of Goop","player_choice":"Gather Gold","floor":13.0,"gold_loss":0.0,"damage_taken":11.0},{"damage_healed":0.0,"max_hp_gain":0.0,"max_hp_loss":0.0,"gold_gain":74.0,"event_name":"Golden Wing","player_choice":"Gained Gold","floor":14.0,"gold_loss":0.0,"damage_taken":0.0},{"damage_healed":0.0,"max_hp_gain":0.0,"max_hp_loss":0.0,"gold_gain":0.0,"event_name":"Duplicator","player_choice":"Copied","floor":20.0,"gold_loss":0.0,"damage_taken":0.0,"cards_obtained":["All For One"]},{"damage_healed":0.0,"max_hp_gain":0.0,"max_hp_loss":0.0,"gold_gain":0.0,"event_name":"SensoryStone","player_choice":"Memory 3","floor":38.0,"gold_loss":0.0,"damage_taken":10.0},{"damage_healed":0.0,"max_hp_gain":0.0,"max_hp_loss":0.0,"gold_gain":0.0,"event_name":"Tomb of Lord Red Mask","player_choice":"Paid","floor":47.0,"gold_loss":170.0,"damage_taken":0.0,"relics_obtained":["Red Mask"]}],"is_beta":true,"boss_relics":[{"not_picked":["Inserter","SacredBark"],"picked":"Astrolabe"},{"not_picked":["Cursed Key","Sozu"],"picked":"Calling Bell"}],"items_purged_floors":[21,37],"is_endless":false,"potions_floor_spawned":[1,6,12,23,25,31,33,36,42,44,48],"ascension_level":15}