{"gold_per_floor":[112,187,34,47,47,79,79,111,163,198,198,222,241,274,274,355,355,377,402,416,451,451],"floor_reached":22,"playtime":855,"items_purged":[],"score":440,"play_id":"ef06ca31-82a3-4fc1-bc12-f97c8c76a45f","local_time":"20190919001323","is_ascension_mode":true,"campfire_choices":[{"data":"Loop","floor":7,"key":"SMITH"},{"floor":11,"key":"REST"},{"data":"Lockon","floor":15,"key":"SMITH"}],"neow_cost":"NONE","seed_source_timestamp":519423152599300,"circlet_count":0,"master_deck":["AscendersBane","Defend_B","Defend_B","Defend_B","Defend_B","Zap","Ball Lightning","Loop+1","Lockon+1","Gash","Melter","Electrodynamics","Sunder","Steam","Cold Snap","Fission","Sweeping Beam","Loop","Chill","Multi-Cast","Bite","Bite","Bite","Bite","Bite"],"relics":["Cracked Core","NeowsBlessing","CeramicFish","Ancient Tea Set","Anchor","Strawberry","InkBottle","Cursed Key"],"potions_floor_usage":[10,16,16],"damage_taken":[{"damage":0,"enemies":"Small Slimes","floor":1,"turns":1},{"damage":0,"enemies":"Jaw Worm","floor":4,"turns":1},{"damage":0,"enemies":"3 Sentries","floor":6,"turns":1},{"damage":32,"enemies":"Gremlin Nob","floor":8,"turns":4},{"damage":13,"enemies":"3 Sentries","floor":10,"turns":4},{"damage":0,"enemies":"2 Louse","floor":12,"turns":2},{"damage":0,"enemies":"2 Fungi Beasts","floor":13,"turns":2},{"damage":16,"enemies":"Gremlin Nob","floor":14,"turns":3},{"damage":11,"enemies":"The Guardian","floor":16,"turns":11},{"damage":21,"enemies":"2 Thieves","floor":18,"turns":3},{"damage":16,"enemies":"3 Byrds","floor":19,"turns":4},{"damage":28,"enemies":"Snake Plant","floor":22,"turns":3}],"seed_played":"-7927247235150831227","potions_obtained":[{"floor":1,"key":"Swift Potion"},{"floor":6,"key":"Block Potion"},{"floor":13,"key":"SkillPotion"},{"floor":16,"key":"SteroidPotion"},{"floor":18,"key":"SkillPotion"}],"is_trial":false,"path_per_floor":["M","?","$","M","?","E","R","E","T","E","R","M","M","E","R","B",null,"M","M","?","?","M"],"character_chosen":"DEFECT","items_purchased":["Loop","Lockon"],"campfire_rested":1,"item_purchase_floors":[3,3],"current_hp_per_floor":[64,53,53,53,46,46,46,14,14,8,31,31,31,15,15,4,60,39,23,23,23,0],"gold":451,"neow_bonus":"THREE_ENEMY_KILL","is_prod":false,"is_daily":false,"chose_seed":false,"campfire_upgraded":2,"win_rate":0,"timestamp":1568844803,"path_taken":["M","?","$","M","?","E","R","E","T","E","R","M","M","E","R","BOSS","M","M","?","?","M"],"build_version":"2019-09-18","purchased_purges":0,"victory":false,"max_hp_per_floor":[71,71,71,71,71,71,71,71,71,78,78,78,78,78,78,78,78,78,78,78,54,54],"card_choices":[{"not_picked":["Double Energy","Rebound"],"picked":"Ball Lightning","floor":1},{"not_picked":["Melter","Barrage"],"picked":"Gash","floor":4},{"not_picked":["Rebound","Chaos"],"picked":"Melter","floor":6},{"not_picked":["Gash","Sweeping Beam"],"picked":"Electrodynamics","floor":8},{"not_picked":["Melter","Rebound"],"picked":"Sunder","floor":10},{"not_picked":["Self Repair","Leap"],"picked":"Steam","floor":12},{"not_picked":["Doom and Gloom","Cold Snap","Beam Cell"],"picked":"SKIP","floor":13},{"not_picked":["Doom and Gloom","Beam Cell"],"picked":"Cold Snap","floor":13},{"not_picked":["Blizzard","Tempest","Beam Cell"],"picked":"SKIP","floor":14},{"not_picked":["Machine Learning","Amplify"],"picked":"Fission","floor":16},{"not_picked":["Steam","Force Field"],"picked":"Sweeping Beam","floor":18},{"not_picked":["Blizzard","Ball Lightning+1"],"picked":"Loop","floor":19}],"player_experience":880185,"relics_obtained":[{"floor":6,"key":"CeramicFish"},{"floor":8,"key":"Ancient Tea Set"},{"floor":9,"key":"Anchor"},{"floor":10,"key":"Strawberry"},{"floor":14,"key":"InkBottle"}],"event_choices":[{"damage_healed":0,"gold_gain":75,"player_choice":"Gather Gold","damage_taken":11,"max_hp_gain":0,"max_hp_loss":0,"event_name":"World of Goop","floor":2,"gold_loss":0},{"cards_removed":["Strike_B"],"damage_healed":0,"gold_gain":0,"player_choice":"Card Removal","damage_taken":7,"max_hp_gain":0,"max_hp_loss":0,"event_name":"Golden Wing","floor":5,"gold_loss":0},{"damage_healed":0,"gold_gain":0,"cards_transformed":["Strike_B","Dualcast"],"player_choice":"Became Test Subject","damage_taken":0,"max_hp_gain":0,"max_hp_loss":0,"event_name":"Drug Dealer","floor":20,"gold_loss":0,"cards_obtained":["Chill","Multi-Cast"]},{"damage_healed":0,"gold_gain":0,"player_choice":"Became a vampire","damage_taken":0,"max_hp_gain":0,"max_hp_loss":24,"event_name":"Vampires","floor":21,"gold_loss":0,"cards_obtained":["Bite","Bite","Bite","Bite","Bite"]}],"is_beta":true,"boss_relics":[{"not_picked":["Fusion Hammer","SacredBark"],"picked":"Cursed Key"}],"items_purged_floors":[],"is_endless":false,"potions_floor_spawned":[1,6,13,16,18],"killed_by":"Snake Plant","ascension_level":15}