{"gold_per_floor":[113,31,46,46,59,59,93,93,119,132,145,177,177,190,190,290,290,303,303,316,59,59,59,59,59,83,111,139,250,262,291,303,420,432,459,471,501,513,540,552,594,606,618,16,30,48,48,48,48,48],"floor_reached":51,"playtime":3221,"items_purged":["Iron Wave"],"score":712,"play_id":"5223cba4-ef9d-42d3-b96e-11cdbe311148","local_time":"20180904220014","is_ascension_mode":false,"campfire_choices":[{"data":"Whirlwind","floor":6,"key":"SMITH"},{"data":"Inflame","floor":13,"key":"SMITH"},{"data":"Sword Boomerang","floor":15,"key":"SMITH"},{"data":"Cleave","floor":23,"key":"SMITH"},{"data":"Shrug It Off","floor":25,"key":"SMITH"},{"floor":32,"key":"REST"},{"data":"Shrug It Off","floor":40,"key":"SMITH"},{"data":"Madness","floor":42,"key":"SMITH"},{"data":"Shockwave","floor":47,"key":"SMITH"},{"data":"Thunderclap","floor":49,"key":"SMITH"}],"neow_cost":"NONE","seed_source_timestamp":1713035075275419,"circlet_count":0,"master_deck":["Strike_R+1","Strike_R+1","Strike_R+1","Strike_R+1","Defend_R+1","Defend_R+1","Defend_R+1","Defend_R+1","Bash+1","Shrug It Off+1","Whirlwind+1","Thunderclap+1","Dropkick","Inflame+1","Sword Boomerang+1","Reaper","Shrug It Off+1","Cleave+1","Whirlwind+1","Heavy Blade+1","Anger+1","Warcry+1","Madness+1","Madness+1","Disarm+1","Shockwave+1","Ghostly Armor+1","Twin Strike+1","Blood for Blood+1"],"relics":["Burning Blood","Potion Belt","Juzu Bracelet","Red Skull","Eternal Feather","Molten Egg 2","MawBank","CultistMask","Philosopher\u0027s Stone","Dodecahedron","Pen Nib","Gremlin Horn","War Paint"],"potions_floor_usage":[28,33,33,33,41,41,44,50,50],"damage_taken":[{"damage":5,"enemies":"Cultist","floor":1,"turns":4},{"damage":0,"enemies":"Small Slimes","floor":3,"turns":3},{"damage":0,"enemies":"2 Louse","floor":5,"turns":2},{"damage":19,"enemies":"3 Sentries","floor":7,"turns":4},{"damage":11,"enemies":"Red Slaver","floor":10,"turns":3},{"damage":0,"enemies":"Large Slime","floor":11,"turns":3},{"damage":6,"enemies":"Gremlin Nob","floor":12,"turns":3},{"damage":9,"enemies":"Blue Slaver","floor":14,"turns":3},{"damage":39,"enemies":"Hexaghost","floor":16,"turns":6},{"damage":16,"enemies":"Shell Parasite","floor":18,"turns":5},{"damage":14,"enemies":"Spheric Guardian","floor":20,"turns":5},{"damage":2,"enemies":"Snecko","floor":27,"turns":5},{"damage":34,"enemies":"Chosen and Byrds","floor":28,"turns":5},{"damage":18,"enemies":"Snake Plant","floor":31,"turns":3},{"damage":76,"enemies":"Collector","floor":33,"turns":8},{"damage":10,"enemies":"3 Darklings","floor":35,"turns":3},{"damage":29,"enemies":"3 Shapes","floor":37,"turns":6},{"damage":22,"enemies":"3 Darklings","floor":39,"turns":5},{"damage":28,"enemies":"2 Orb Walkers","floor":41,"turns":3},{"damage":14,"enemies":"Maw","floor":45,"turns":6},{"damage":14,"enemies":"Sphere and 2 Shapes","floor":46,"turns":3},{"damage":50,"enemies":"Awakened One","floor":50,"turns":8}],"seed_played":"2945341199389255449","potions_obtained":[{"floor":7,"key":"Poison Potion"},{"floor":10,"key":"Block Potion"},{"floor":11,"key":"Weak Potion"},{"floor":27,"key":"GamblersBrew"},{"floor":28,"key":"AttackPotion"},{"floor":33,"key":"BloodPotion"},{"floor":35,"key":"GamblersBrew"},{"floor":41,"key":"BloodPotion"},{"floor":46,"key":"SmokeBomb"}],"is_trial":false,"path_per_floor":["M","$","M","?","M","R","E","?","T","M","M","E","R","M","R","B",null,"M","?","M","$","?","R","?","R","T","M","M","?","?","M","R","B",null,"M","$","M","?","M","R","E","R","T","$","M","M","R","?","R","B"],"character_chosen":"IRONCLAD","items_purchased":["Whirlwind","Molten Egg 2","Shockwave","PowerPotion","Gremlin Horn","Fruit Juice","Ghostly Armor"],"campfire_rested":1,"item_purchase_floors":[2,21,44,44,44,44,44],"current_hp_per_floor":[88,88,88,70,76,76,63,63,63,58,64,64,64,61,61,28,88,78,78,70,70,53,62,62,74,74,82,62,62,62,50,89,19,93,89,89,78,66,77,92,70,85,85,90,82,74,89,89,98,63],"gold":48,"neow_bonus":"TEN_PERCENT_HP_BONUS","is_prod":false,"is_daily":false,"chose_seed":false,"campfire_upgraded":9,"win_rate":0,"timestamp":1536112814,"path_taken":["M","$","M","?","?","R","E","?","T","M","M","E","R","M","R","BOSS","M","?","M","$","?","R","?","R","T","M","M","?","?","M","R","BOSS","M","$","M","?","M","R","E","R","T","$","M","M","R","?","R","BOSS"],"build_version":"2018-08-30","purchased_purges":1,"victory":true,"max_hp_per_floor":[88,88,88,88,88,88,88,88,88,88,88,88,88,88,88,88,88,88,88,88,88,93,93,93,93,93,93,93,93,93,93,93,93,93,93,93,93,93,93,93,93,93,93,98,98,98,98,98,98,98],"card_choices":[{"not_picked":["Heavy Blade","Combust"],"picked":"Shrug It Off","floor":1},{"not_picked":["Clothesline","Armaments"],"picked":"Thunderclap","floor":3},{"not_picked":["Entrench","Thunderclap"],"picked":"Dropkick","floor":5},{"not_picked":["Searing Blow","Warcry","Dropkick"],"picked":"SKIP","floor":7},{"not_picked":["True Grit","Heavy Blade"],"picked":"Iron Wave","floor":10},{"not_picked":["Clothesline","Thunderclap","Reckless Charge"],"picked":"SKIP","floor":11},{"not_picked":["Warcry","Dark Embrace"],"picked":"Inflame","floor":12},{"not_picked":["Metallicize","Heavy Blade"],"picked":"Sword Boomerang","floor":14},{"not_picked":["Demon Form","Fiend Fire"],"picked":"Reaper","floor":16},{"not_picked":["Havoc+1","Corruption"],"picked":"Shrug It Off","floor":18},{"not_picked":["Second Wind+1","Flex"],"picked":"Cleave","floor":20},{"not_picked":["Dropkick+1","Demon Form"],"picked":"Heavy Blade+1","floor":27},{"not_picked":["Flex+1","Spot Weakness"],"picked":"Anger+1","floor":28},{"not_picked":["Fire Breathing","Cleave+1","Clash+1"],"picked":"SKIP","floor":31},{"not_picked":["Flex+1","Whirlwind+1"],"picked":"Warcry+1","floor":35},{"not_picked":["Fire Breathing","Cleave+1","True Grit+1"],"picked":"SKIP","floor":37},{"not_picked":["Anger+1","Perfected Strike+1"],"picked":"Disarm+1","floor":39},{"not_picked":["Dark Embrace","Evolve+1","Heavy Blade+1"],"picked":"SKIP","floor":41},{"not_picked":["Flex","True Grit"],"picked":"Twin Strike+1","floor":45},{"not_picked":["Twin Strike+1","Body Slam+1"],"picked":"Blood for Blood+1","floor":46}],"player_experience":365693,"relics_obtained":[{"floor":7,"key":"Potion Belt"},{"floor":9,"key":"Juzu Bracelet"},{"floor":12,"key":"Red Skull"},{"floor":26,"key":"MawBank"},{"floor":41,"key":"Dodecahedron"},{"floor":43,"key":"Pen Nib"}],"event_choices":[{"event_name":"Shining Light","player_choice":"Entered Light","floor":4,"damage_taken":0},{"event_name":"Living Wall","player_choice":"Forget","floor":8,"damage_taken":0},{"event_name":"Back to Basics","player_choice":"Simplicity","floor":19,"damage_taken":0},{"event_name":"Forgotten Altar","player_choice":"Shed Blood","floor":22,"damage_taken":0},{"event_name":"Duplicator","player_choice":"One dupe","floor":24,"damage_taken":0},{"event_name":"Nest","player_choice":"Stole From Cult","floor":29,"damage_taken":0},{"event_name":"FaceTrader","player_choice":"Trade","floor":30,"damage_taken":0},{"event_name":"Winding Halls","player_choice":"Embrace Madness","floor":38,"damage_taken":0},{"event_name":"WeMeetAgain","player_choice":"Potion","floor":48,"damage_taken":0}],"is_beta":false,"boss_relics":[{"not_picked":["Ectoplasm","Calling Bell"],"picked":"Eternal Feather"},{"not_picked":["Coffee Dripper","Snecko Eye"],"picked":"Philosopher\u0027s Stone"}],"items_purged_floors":[44],"is_endless":false,"potions_floor_spawned":[7,10,11,27,28,33,35,41,46],"ascension_level":0}