{"gold_per_floor":[117,130,143,157,167,194,213,213,213,227,241,258,289,17,17,115,115,135,145,161,24,43,43,53,64,64,64,64,81,100,200,200,296,296,313,330,344,17,62,87,87,87,87,114,114,114,142,157,157,157],"floor_reached":51,"playtime":4683,"items_purged":["Strike_B","Strike_B","Writhe"],"score":757,"play_id":"07a09932-4c8a-4749-959c-2c06e7cc2824","local_time":"20191006042011","is_ascension_mode":false,"campfire_choices":[{"data":"Zap","floor":8,"key":"SMITH"},{"data":"Rainbow","floor":15,"key":"SMITH"},{"data":"Redo","floor":23,"key":"SMITH"},{"data":"Loop","floor":27,"key":"SMITH"},{"floor":32,"key":"REST"},{"floor":41,"key":"REST"},{"data":"Dualcast","floor":42,"key":"SMITH"},{"data":"Static Discharge","floor":46,"key":"SMITH"},{"floor":49,"key":"REST"}],"neow_cost":"NONE","seed_source_timestamp":130508979734200,"circlet_count":0,"master_deck":["Defend_B","Defend_B","Defend_B","Defend_B","Zap+1","Dualcast+1","Conserve Battery","Streamline","Beam Cell","Redo+1","Ball Lightning+1","Doom and Gloom","Loop+1","Sweeping Beam","Coolheaded","Conserve Battery","Loop","Rainbow+1","Go for the Eyes","Multi-Cast","Compile Driver+1","Static Discharge+1","Defragment","Go for the Eyes+1","Doom and Gloom+1","Leap+1","Coolheaded","Defragment+1","Echo Form","Redo","Chill+1","Hologram+1","Conserve Battery+1","Leap+1","Hologram+1","Loop"],"relics":["Empty Cage","Meat on the Bone","Ornamental Fan","Incense Burner","Velvet Choker","Question Card","Ancient Tea Set","Ice Cream","Shuriken","Black Star","Whetstone","WingedGreaves","Torii","PreservedInsect","Thread and Needle","Bag of Marbles","Happy Flower","Bag of Preparation","Pocketwatch"],"potions_floor_usage":[4,13,16,31,37,37,39,39,39,39,47,47,50,50],"damage_taken":[{"damage":7,"enemies":"Small Slimes","floor":1,"turns":4},{"damage":6,"enemies":"Jaw Worm","floor":2,"turns":5},{"damage":0,"enemies":"2 Louse","floor":3,"turns":4},{"damage":3,"enemies":"2 Fungi Beasts","floor":4,"turns":3},{"damage":13,"enemies":"Red Slaver","floor":5,"turns":2},{"damage":14,"enemies":"Lagavulin","floor":6,"turns":5},{"damage":12,"enemies":"Exordium Wildlife","floor":7,"turns":4},{"damage":23,"enemies":"Large Slime","floor":10,"turns":4},{"damage":4,"enemies":"2 Fungi Beasts","floor":11,"turns":3},{"damage":0,"enemies":"Looter","floor":12,"turns":4},{"damage":11,"enemies":"3 Sentries","floor":13,"turns":6},{"damage":20,"enemies":"Hexaghost","floor":16,"turns":9},{"damage":13,"enemies":"2 Thieves","floor":18,"turns":4},{"damage":11,"enemies":"3 Byrds","floor":19,"turns":4},{"damage":23,"enemies":"3 Cultists","floor":20,"turns":5},{"damage":7,"enemies":"Snake Plant","floor":22,"turns":5},{"damage":16,"enemies":"Chosen and Byrds","floor":24,"turns":5},{"damage":14,"enemies":"Shelled Parasite and Fungi","floor":25,"turns":5},{"damage":22,"enemies":"3 Cultists","floor":29,"turns":5},{"damage":12,"enemies":"Centurion and Healer","floor":30,"turns":5},{"damage":0,"enemies":"Colosseum Slavers","floor":31,"turns":6},{"damage":20,"enemies":"Colosseum Nobs","floor":31,"turns":4},{"damage":2,"enemies":"Collector","floor":33,"turns":8},{"damage":5,"enemies":"3 Darklings","floor":35,"turns":5},{"damage":21,"enemies":"3 Shapes","floor":36,"turns":3},{"damage":11,"enemies":"Transient","floor":37,"turns":5},{"damage":36,"enemies":"2 Orb Walkers","floor":39,"turns":6},{"damage":40,"enemies":"Giant Head","floor":40,"turns":8},{"damage":0,"enemies":"Nemesis","floor":44,"turns":5},{"damage":15,"enemies":"Reptomancer","floor":47,"turns":6},{"damage":14,"enemies":"Spire Growth","floor":48,"turns":5},{"damage":2,"enemies":"Donu and Deca","floor":50,"turns":9}],"seed_played":"-4131255970232465001","potions_obtained":[{"floor":1,"key":"SpeedPotion"},{"floor":5,"key":"FocusPotion"},{"floor":6,"key":"Poison Potion"},{"floor":13,"key":"Regen Potion"},{"floor":16,"key":"SpeedPotion"},{"floor":19,"key":"EntropicBrew"},{"floor":31,"key":"Regen Potion"},{"floor":40,"key":"EssenceOfSteel"},{"floor":44,"key":"EssenceOfSteel"},{"floor":48,"key":"EssenceOfSteel"}],"is_trial":false,"path_per_floor":["M","M","M","M","M","E","M","R","T","M","M","M","E","$","R","B",null,"M","M","M","$","M","R","M","M","T","R","?","M","M","?","R","B",null,"M","M","M","$","?","E","R","R","T","E","?","R","E","M","R","B",null],"character_chosen":"DEFECT","items_purchased":["Rainbow","Go for the Eyes","Defragment","Whetstone","Fire Potion"],"campfire_rested":3,"item_purchase_floors":[14,14,21,38,38],"current_hp_per_floor":[68,62,62,59,46,32,32,32,32,21,29,41,42,42,42,49,75,62,51,40,40,45,45,41,39,39,39,39,29,29,33,55,53,75,70,49,53,53,44,16,38,38,38,38,38,38,35,33,55,53],"gold":157,"neow_bonus":"BOSS_RELIC","is_prod":false,"is_daily":false,"chose_seed":false,"campfire_upgraded":6,"win_rate":0.0,"timestamp":1570350011,"path_taken":["M","M","M","M","M","E","M","R","T","M","M","M","E","$","R","BOSS","M","M","M","$","M","R","M","M","T","R","?","M","M","?","R","BOSS","M","M","M","$","?","E","R","R","T","E","?","R","E","M","R","BOSS"],"build_version":"2019-07-17","purchased_purges":3,"victory":true,"max_hp_per_floor":[75,75,75,75,75,75,75,75,75,75,75,75,75,75,75,75,75,75,75,75,75,75,75,75,75,75,75,75,75,75,75,75,75,75,75,75,75,75,75,75,75,75,75,75,75,75,75,75,75,75],"card_choices":[{"not_picked":["Undo","Stack"],"picked":"Conserve Battery","floor":1},{"not_picked":["Storm","Tempest"],"picked":"Streamline","floor":2},{"not_picked":["Gash","Streamline"],"picked":"Beam Cell","floor":3},{"not_picked":["Barrage","Multi-Cast"],"picked":"Redo","floor":4},{"not_picked":["Barrage","Hologram"],"picked":"Ball Lightning","floor":5},{"not_picked":["Fusion","Skim"],"picked":"Doom and Gloom","floor":6},{"not_picked":["FTL","Scrape"],"picked":"Loop","floor":7},{"not_picked":["Go for the Eyes","Reprogram"],"picked":"Sweeping Beam","floor":10},{"not_picked":["Compile Driver","Streamline"],"picked":"Coolheaded","floor":11},{"not_picked":["All For One","Fusion"],"picked":"Conserve Battery","floor":12},{"not_picked":["Gash","Barrage"],"picked":"Loop","floor":13},{"not_picked":["Biased Cognition","Fission"],"picked":"Multi-Cast","floor":16},{"not_picked":["Conserve Battery","Stack"],"picked":"Compile Driver","floor":18},{"not_picked":["Rebound","Streamline","Stack"],"picked":"SKIP","floor":19},{"not_picked":["Stack","Barrage"],"picked":"Static Discharge","floor":20},{"not_picked":["Stack","Gash+1"],"picked":"Go for the Eyes+1","floor":22},{"not_picked":["Compile Driver","Redo","Barrage+1"],"picked":"SKIP","floor":24},{"not_picked":["Cold Snap+1","Barrage"],"picked":"Doom and Gloom+1","floor":25},{"not_picked":["White Noise","Go for the Eyes","Rebound"],"picked":"Leap+1","floor":29},{"not_picked":["Hello World+1","Rainbow","White Noise+1"],"picked":"Coolheaded","floor":30},{"not_picked":["BootSequence","Gash","Steam"],"picked":"Defragment+1","floor":31},{"not_picked":["Thunder Strike","Fission","Biased Cognition"],"picked":"Echo Form","floor":33},{"not_picked":["Darkness+1","Barrage","Tempest","Steam+1"],"picked":"SKIP","floor":35},{"not_picked":["Chaos","Hello World","Stack"],"picked":"Redo","floor":36},{"not_picked":["Hello World","Coolheaded","Gash+1"],"picked":"Chill+1","floor":37},{"not_picked":["Rip and Tear+1","Sweeping Beam+1","Coolheaded+1"],"picked":"Hologram+1","floor":39},{"not_picked":["Gash+1","Sweeping Beam","Seek"],"picked":"Conserve Battery+1","floor":40},{"not_picked":["Echo Form","Stack","Sweeping Beam"],"picked":"Leap+1","floor":44},{"not_picked":["White Noise+1","Reboot","Conserve Battery+1"],"picked":"Hologram+1","floor":47},{"not_picked":["Conserve Battery","Redo","Coolheaded"],"picked":"Loop","floor":48}],"player_experience":44028,"relics_obtained":[{"floor":6,"key":"Meat on the Bone"},{"floor":9,"key":"Ornamental Fan"},{"floor":13,"key":"Incense Burner"},{"floor":26,"key":"Question Card"},{"floor":31,"key":"Ice Cream"},{"floor":31,"key":"Shuriken"},{"floor":39,"key":"WingedGreaves"},{"floor":40,"key":"Torii"},{"floor":40,"key":"PreservedInsect"},{"floor":43,"key":"Thread and Needle"},{"floor":44,"key":"Bag of Marbles"},{"floor":44,"key":"Happy Flower"},{"floor":47,"key":"Bag of Preparation"},{"floor":47,"key":"Pocketwatch"}],"event_choices":[{"damage_healed":0,"gold_gain":0,"player_choice":"Opened","damage_taken":0,"relics_obtained":["Ancient Tea Set"],"max_hp_gain":0,"max_hp_loss":0,"event_name":"The Mausoleum","floor":28,"gold_loss":0,"cards_obtained":["Writhe"]},{"damage_healed":0,"gold_gain":0,"player_choice":"Fight","damage_taken":0,"max_hp_gain":0,"max_hp_loss":0,"event_name":"Colosseum","floor":31,"gold_loss":0},{"damage_healed":0,"gold_gain":0,"player_choice":"Fought Nobs","damage_taken":0,"max_hp_gain":0,"max_hp_loss":0,"event_name":"Colosseum","floor":31,"gold_loss":0},{"damage_healed":0,"gold_gain":0,"player_choice":"Fight","damage_taken":0,"max_hp_gain":0,"max_hp_loss":0,"event_name":"Mysterious Sphere","floor":39,"gold_loss":0},{"damage_healed":0,"gold_gain":0,"player_choice":"Memory 1","damage_taken":0,"max_hp_gain":0,"max_hp_loss":0,"event_name":"SensoryStone","floor":45,"gold_loss":0}],"is_beta":false,"boss_relics":[{"not_picked":["Calling Bell","Fusion Hammer"],"picked":"Velvet Choker"},{"not_picked":["Tiny House","Snecko Eye"],"picked":"Black Star"}],"items_purged_floors":[14,21,38],"is_endless":false,"potions_floor_spawned":[1,5,6,13,16,19,24,29,30,31,40,44,48],"ascension_level":0}