{"gold_per_floor":[116,116,28,45,45,80,80,80,80,96,96,136,136,150,150,275,275,293,653,83,101,122,122,165,188,188,33,73,92,92,92,92,211,211,234,252,268,291,314,347,367,367,393,262,262,57,97,116,116,116,116,116,17,50,50],"floor_reached":56,"playtime":2823,"items_purged":["Strike_R","Strike_R","Strike_R","Defend_R"],"score":1282,"play_id":"4b7e94fa-63b2-49ee-bf4a-00baf7932414","local_time":"20190925203418","is_ascension_mode":false,"campfire_choices":[{"data":"Bash","floor":7,"key":"SMITH"},{"data":"Shrug It Off","floor":11,"key":"SMITH"},{"floor":13,"key":"REST"},{"data":"Inflame","floor":15,"key":"SMITH"},{"floor":23,"key":"REST"},{"floor":30,"key":"REST"},{"floor":32,"key":"RECALL"},{"floor":42,"key":"DIG"},{"floor":49,"key":"DIG"},{"floor":52,"key":"DIG"}],"neow_cost":"PERCENT_DAMAGE","seed_source_timestamp":1014221706198261,"circlet_count":0,"master_deck":["Defend_R","Defend_R","Defend_R","Bash+1","Hemokinesis","Shrug It Off+1","Inflame+1","Sword Boomerang","Iron Wave","Twin Strike+1","Pommel Strike+1","Reaper+1","Demon Form+1","Battle Trance","Heavy Blade+1","Whirlwind+1","Rage","Offering","Battle Trance","Exhume","Heavy Blade+1","Evolve","Reaper+1","Disarm"],"relics":["Burning Blood","Calipers","Potion Belt","Golden Idol","Darkstone Periapt","Molten Egg 2","Smiling Mask","Fusion Hammer","Blood Vial","Oddly Smooth Stone","Singing Bowl","Meat on the Bone","Shuriken","Empty Cage","Shovel","StoneCalendar","Happy Flower","Lantern","Bag of Marbles","Dodecahedron","Pear","Centennial Puzzle"],"potions_floor_usage":[6,14,22,28,28,40,41,41,55,55,55,55,55,55,55,55,55,55],"damage_taken":[{"damage":3,"enemies":"Cultist","floor":1,"turns":5},{"damage":0,"enemies":"2 Louse","floor":4,"turns":4},{"damage":19,"enemies":"Lagavulin","floor":6,"turns":6},{"damage":2,"enemies":"Jaw Worm","floor":10,"turns":3},{"damage":22,"enemies":"3 Sentries","floor":12,"turns":7},{"damage":4,"enemies":"Gremlin Gang","floor":14,"turns":3},{"damage":37,"enemies":"Hexaghost","floor":16,"turns":9},{"damage":13,"enemies":"3 Byrds","floor":18,"turns":5},{"damage":0,"enemies":"Spheric Guardian","floor":21,"turns":3},{"damage":34,"enemies":"Centurion and Healer","floor":22,"turns":7},{"damage":33,"enemies":"Book of Stabbing","floor":24,"turns":4},{"damage":9,"enemies":"Snake Plant","floor":25,"turns":3},{"damage":24,"enemies":"Slavers","floor":28,"turns":4},{"damage":4,"enemies":"Cultist and Chosen","floor":29,"turns":4},{"damage":26,"enemies":"Champ","floor":33,"turns":7},{"damage":14,"enemies":"Orb Walker","floor":35,"turns":3},{"damage":18,"enemies":"3 Shapes","floor":36,"turns":7},{"damage":34,"enemies":"3 Darklings","floor":37,"turns":7},{"damage":40,"enemies":"Maw","floor":38,"turns":7},{"damage":40,"enemies":"Spire Growth","floor":39,"turns":4},{"damage":32,"enemies":"Giant Head","floor":40,"turns":6},{"damage":68,"enemies":"Writhing Mass","floor":41,"turns":6},{"damage":35,"enemies":"Reptomancer","floor":47,"turns":7},{"damage":6,"enemies":"Transient","floor":48,"turns":5},{"damage":87,"enemies":"Time Eater","floor":50,"turns":8},{"damage":81,"enemies":"Shield and Spear","floor":54,"turns":7},{"damage":113,"enemies":"The Heart","floor":55,"turns":9}],"seed_played":"-4079970334264572387","potions_obtained":[{"floor":1,"key":"SkillPotion"},{"floor":4,"key":"Dexterity Potion"},{"floor":12,"key":"Explosive Potion"},{"floor":21,"key":"Block Potion"},{"floor":24,"key":"SkillPotion"},{"floor":28,"key":"Energy Potion"},{"floor":29,"key":"Block Potion"},{"floor":35,"key":"Energy Potion"},{"floor":40,"key":"Ancient Potion"},{"floor":41,"key":"EssenceOfSteel"},{"floor":54,"key":"Ancient Potion"}],"is_trial":false,"path_per_floor":["M","?","$","M","?","E","R","T","T","M","R","E","R","M","R","B",null,"M","?","$","M","M","R","E","M","T","$","E","M","R","?","R","B",null,"M","M","M","M","M","E","M","R","T","$","?","$","E","M","R","B",null,"R","$","E","B",null],"character_chosen":"IRONCLAD","items_purchased":["Shrug It Off","Inflame","EntropicBrew","Weak Potion","Blood Vial","Oddly Smooth Stone","Battle Trance","Offering","Disarm","Lantern","Weak Potion"],"campfire_rested":3,"item_purchase_floors":[3,3,20,20,20,20,20,27,44,46,53],"current_hp_per_floor":[59,52,52,58,38,25,25,25,25,29,29,13,37,39,39,16,80,78,38,38,46,36,60,37,42,42,42,56,60,84,84,84,64,84,78,86,86,88,83,78,56,56,56,56,56,56,72,85,85,96,96,106,106,82,34],"gold":50,"neow_bonus":"ONE_RARE_RELIC","is_prod":false,"is_daily":false,"chose_seed":false,"campfire_upgraded":3,"win_rate":0,"timestamp":1569458058,"path_taken":["M","?","$","M","?","E","R","?","T","?","R","E","R","M","R","BOSS","M","?","$","M","?","R","E","M","T","$","E","M","R","?","R","BOSS","M","M","M","?","M","E","M","R","T","$","?","$","E","M","R","BOSS","R","$","E","BOSS"],"build_version":"2019-07-17","purchased_purges":4,"victory":true,"max_hp_per_floor":[80,80,80,80,80,80,80,80,80,80,80,80,80,80,80,80,80,80,80,80,80,80,80,82,82,82,82,84,84,84,84,84,84,84,86,86,86,88,90,90,92,92,92,92,92,92,94,96,96,96,96,106,106,108,108],"card_choices":[{"not_picked":["Searing Blow","Flex"],"picked":"Hemokinesis","floor":1},{"not_picked":["Pommel Strike","Burning Pact"],"picked":"Sword Boomerang","floor":4},{"not_picked":["Sentinel","Cleave"],"picked":"Iron Wave","floor":6},{"not_picked":["Clash+1","Corruption"],"picked":"Twin Strike+1","floor":10},{"not_picked":["Corruption","Wild Strike+1"],"picked":"Pommel Strike+1","floor":12},{"not_picked":["Shrug It Off","Sword Boomerang+1"],"picked":"Reaper+1","floor":14},{"not_picked":["Dark Embrace","Berserk"],"picked":"Demon Form","floor":16},{"not_picked":["Perfected Strike+1","Armaments","Warcry"],"picked":"SKIP","floor":18},{"not_picked":["Thunderclap+1","Twin Strike+1"],"picked":"Heavy Blade+1","floor":21},{"not_picked":["Clothesline+1","Searing Blow+1"],"picked":"Whirlwind+1","floor":22},{"not_picked":["True Grit","Iron Wave+1","Body Slam+1"],"picked":"Singing Bowl","floor":24},{"not_picked":["Iron Wave+1","Wild Strike+1"],"picked":"Rage","floor":25},{"not_picked":["Reckless Charge+1","Ghostly Armor","Flex+1"],"picked":"Singing Bowl","floor":28},{"not_picked":["Cleave+1","Pommel Strike+1"],"picked":"Battle Trance","floor":29},{"not_picked":["Brutality","Bludgeon+1"],"picked":"Exhume","floor":33},{"not_picked":["Warcry","Havoc+1","Clash+1"],"picked":"Singing Bowl","floor":35},{"not_picked":["Iron Wave+1","Twin Strike+1"],"picked":"Heavy Blade+1","floor":36},{"not_picked":["Warcry","Havoc"],"picked":"Evolve","floor":37},{"not_picked":["Dropkick+1","Headbutt+1","Searing Blow+1"],"picked":"Singing Bowl","floor":38},{"not_picked":["Rupture","Iron Wave+1","Cleave+1"],"picked":"Singing Bowl","floor":39},{"not_picked":["Warcry","Sword Boomerang+1"],"picked":"Reaper+1","floor":40},{"not_picked":["Havoc+1","Twin Strike+1","Body Slam+1"],"picked":"Singing Bowl","floor":41},{"not_picked":["Havoc+1","Searing Blow+1","Armaments+1"],"picked":"Singing Bowl","floor":47},{"not_picked":["Havoc+1","Sword Boomerang+1","Combust"],"picked":"Singing Bowl","floor":48},{"not_picked":["Havoc+1","Seeing Red","Armaments"],"picked":"Singing Bowl","floor":54}],"player_experience":1311542,"relics_obtained":[{"floor":6,"key":"Darkstone Periapt"},{"floor":8,"key":"Molten Egg 2"},{"floor":12,"key":"Smiling Mask"},{"floor":24,"key":"Singing Bowl"},{"floor":26,"key":"Meat on the Bone"},{"floor":28,"key":"Shuriken"},{"floor":40,"key":"Shovel"},{"floor":42,"key":"StoneCalendar"},{"floor":43,"key":"Happy Flower"},{"floor":47,"key":"Bag of Marbles"},{"floor":49,"key":"Dodecahedron"},{"floor":52,"key":"Pear"},{"floor":54,"key":"Centennial Puzzle"}],"event_choices":[{"damage_healed":0,"gold_gain":0,"player_choice":"Success","damage_taken":7,"relics_obtained":["Potion Belt"],"max_hp_gain":0,"max_hp_loss":0,"event_name":"Scrap Ooze","floor":2,"gold_loss":0},{"damage_healed":0,"gold_gain":0,"player_choice":"Take Damage","damage_taken":20,"relics_obtained":["Golden Idol"],"max_hp_gain":0,"max_hp_loss":0,"event_name":"Golden Idol","floor":5,"gold_loss":0},{"damage_healed":0,"gold_gain":360,"player_choice":"GOLD GOLD GOLD GOLD ","damage_taken":40,"max_hp_gain":0,"max_hp_loss":0,"event_name":"Knowing Skull","floor":19,"potions_obtained":[],"gold_loss":0,"cards_obtained":[]},{"damage_healed":0,"gold_gain":0,"player_choice":"Upgraded","damage_taken":0,"max_hp_gain":0,"max_hp_loss":0,"event_name":"Upgrade Shrine","floor":31,"gold_loss":0,"cards_upgraded":["Demon Form"]},{"damage_healed":0,"gold_gain":0,"player_choice":"Ignored","damage_taken":0,"max_hp_gain":0,"max_hp_loss":0,"event_name":"Tomb of Lord Red Mask","floor":45,"gold_loss":0}],"is_beta":false,"boss_relics":[{"not_picked":["Black Blood","Mark of Pain"],"picked":"Fusion Hammer"},{"not_picked":["Eternal Feather","Orrery"],"picked":"Empty Cage"}],"items_purged_floors":[20,44,46,53],"is_endless":false,"potions_floor_spawned":[1,4,12,21,24,28,29,35,40,41,54],"ascension_level":0}