{"gold_per_floor":[113,113,127,190,205,205,230,230,230,265,265,275,325,387,387,459,459,479,333,383,433,483,483,387,416,416,416],"floor_reached":27,"playtime":1035,"items_purged":["Strike_R","Strike_R"],"score":418,"play_id":"7f0bcf2d-32fc-49c0-9307-8bfe143bccef","local_time":"20191009214027","is_ascension_mode":true,"campfire_choices":[{"data":"Carnage","floor":6.0,"key":"SMITH"},{"data":"Bludgeon","floor":8.0,"key":"SMITH"},{"data":"Bash","floor":11.0,"key":"SMITH"},{"data":"Fiend Fire","floor":15.0,"key":"SMITH"},{"data":"Feed","floor":23,"key":"SMITH"}],"neow_cost":"NONE","seed_source_timestamp":19587798730400,"circlet_count":0,"master_deck":["AscendersBane","Strike_R","Strike_R","Strike_R","Defend_R","Defend_R","Defend_R","Defend_R","Bash+1","Disarm","Iron Wave","Carnage+1","Bludgeon+1","Flame Barrier","Fiend Fire+1","Feed+1","Flame Barrier","Shrug It Off"],"special_seed":0,"relics":["Burning Blood","SsserpentHead","Bottled Flame","Paper Frog","Sundial","Velvet Choker","Charon\u0027s Ashes","Vajra"],"potions_floor_usage":[],"damage_taken":[{"damage":13.0,"enemies":"2 Louse","floor":1.0,"turns":4.0},{"damage":1.0,"enemies":"Cultist","floor":3.0,"turns":4.0},{"damage":6.0,"enemies":"Jaw Worm","floor":4.0,"turns":6.0},{"damage":0.0,"enemies":"Large Slime","floor":5.0,"turns":5.0},{"damage":19.0,"enemies":"Gremlin Nob","floor":7.0,"turns":4.0},{"damage":30.0,"enemies":"Lagavulin","floor":10.0,"turns":4.0},{"damage":0.0,"enemies":"3 Louse","floor":12.0,"turns":4.0},{"damage":6.0,"enemies":"Blue Slaver","floor":14.0,"turns":5.0},{"damage":22.0,"enemies":"Hexaghost","floor":16.0,"turns":7.0},{"damage":0.0,"enemies":"Chosen","floor":18.0,"turns":4.0},{"damage":33,"enemies":"Slavers","floor":25,"turns":7},{"damage":53,"enemies":"Gremlin Leader","floor":27,"turns":8}],"seed_played":"6660246996143061192","potions_obtained":[{"floor":3.0,"key":"SpeedPotion"},{"floor":4.0,"key":"Strength Potion"}],"is_trial":false,"path_per_floor":["M","?","M","M","M","R","E","R","T","E","R","M","?","M","R","B",null,"M","$","?","?","?","R","$","E","T","E"],"character_chosen":"IRONCLAD","items_purchased":["Flame Barrier","Shrug It Off"],"campfire_rested":0,"item_purchase_floors":[19,24],"current_hp_per_floor":[68,68,73,73,79,79,66,66,66,42,42,48,48,48,48,32,70,76,76,52,52,69,69,69,46,46,0],"gold":416,"neow_bonus":"TEN_PERCENT_HP_BONUS","is_prod":false,"is_daily":false,"chose_seed":false,"campfire_upgraded":5,"win_rate":0,"timestamp":1570650027,"path_taken":["M","?","M","?","M","R","E","R","T","E","R","M","?","?","R","BOSS","M","$","?","?","?","R","?","E","T","E"],"build_version":"2019-10-08","purchased_purges":2,"victory":false,"max_hp_per_floor":[82,82,82,82,82,82,82,82,82,82,82,82,82,82,82,82,82,82,82,87,87,87,87,87,91,91,91],"card_choices":[{"not_picked":["Pommel Strike","Wild Strike"],"picked":"Disarm","floor":1.0},{"not_picked":["Clothesline","Cleave"],"picked":"Iron Wave","floor":3.0},{"not_picked":["Seeing Red","Warcry"],"picked":"Carnage","floor":4.0},{"not_picked":["Blood for Blood","Headbutt","Seeing Red"],"picked":"SKIP","floor":5.0},{"not_picked":["Anger","Metallicize"],"picked":"Bludgeon","floor":7.0},{"not_picked":["Clash","Headbutt"],"picked":"Flame Barrier","floor":10.0},{"not_picked":["Warcry","Thunderclap","Sever Soul"],"picked":"SKIP","floor":12.0},{"not_picked":["Thunderclap","Carnage","Cleave"],"picked":"SKIP","floor":14.0},{"not_picked":["Demon Form","Reaper"],"picked":"Feed","floor":16.0},{"not_picked":["Carnage","Blood for Blood","Headbutt"],"picked":"SKIP","floor":18.0},{"not_picked":["Wild Strike","Barricade","Entrench"],"picked":"SKIP","floor":25}],"player_experience":992180,"relics_obtained":[{"floor":7.0,"key":"Bottled Flame"},{"floor":9.0,"key":"Paper Frog"},{"floor":10.0,"key":"Sundial"},{"floor":25,"key":"Charon\u0027s Ashes"},{"floor":26,"key":"Vajra"}],"event_choices":[{"damage_healed":0.0,"max_hp_gain":0.0,"max_hp_loss":0.0,"gold_gain":0.0,"event_name":"FaceTrader","player_choice":"Trade","floor":2.0,"gold_loss":0.0,"damage_taken":0.0,"relics_obtained":["SsserpentHead"]},{"damage_healed":0.0,"max_hp_gain":0.0,"max_hp_loss":0.0,"gold_gain":0.0,"event_name":"Match and Keep!","player_choice":"1 cards matched","floor":13.0,"gold_loss":0.0,"damage_taken":0.0,"cards_obtained":["Fiend Fire"]},{"damage_healed":0.0,"max_hp_gain":5.0,"max_hp_loss":0.0,"gold_gain":0.0,"event_name":"Forgotten Altar","player_choice":"Shed Blood","floor":20.0,"gold_loss":0.0,"damage_taken":29.0},{"damage_healed":0.0,"max_hp_gain":0.0,"max_hp_loss":0.0,"gold_gain":0.0,"event_name":"Vampires","player_choice":"Ignored","floor":21.0,"gold_loss":0.0,"damage_taken":0.0},{"damage_healed":17,"gold_gain":0,"player_choice":"Heal","damage_taken":0,"max_hp_gain":0,"max_hp_loss":0,"event_name":"The Library","floor":22,"gold_loss":0}],"is_beta":true,"boss_relics":[{"not_picked":["Runic Dome","Tiny House"],"picked":"Velvet Choker"}],"items_purged_floors":[19,24],"is_endless":false,"potions_floor_spawned":[3,4,5],"killed_by":"Gremlin Leader","ascension_level":15}