{"gold_per_floor":[114,114,125,55,74,108,11,11,58,69,96,96,96,122,122,227,227,238,249,249,268,268,268,285,285,312,312,342,353,353,363,363,460,460,471,471,292,303,322,354,368,368,368,383,383,394,419,90,90,90,90,90,90,124,124],"floor_reached":55,"playtime":2305,"items_purged":["Strike_R","Decay","Strike_R"],"score":717,"play_id":"70f29ba4-3b91-483a-959e-4fe689c9337c","local_time":"20190812210513","is_ascension_mode":false,"campfire_choices":[{"data":"Bash","floor":8.0,"key":"SMITH"},{"data":"Carnage","floor":13.0,"key":"SMITH"},{"data":"Shrug It Off","floor":15.0,"key":"SMITH"},{"data":"Demon Form","floor":23.0,"key":"SMITH"},{"data":"True Grit","floor":25.0,"key":"SMITH"},{"floor":27.0,"key":"REST"},{"data":"Rage","floor":32.0,"key":"SMITH"},{"floor":42.0,"key":"RECALL"},{"floor":45.0,"key":"REST"},{"floor":49.0,"key":"REST"},{"floor":52.0,"key":"REST"}],"neow_cost":"PERCENT_DAMAGE","seed_source_timestamp":1822140476338292,"circlet_count":0,"master_deck":["Strike_R","Strike_R","Defend_R+1","Defend_R+1","Defend_R","Bash+1","Iron Wave","Thunderclap","Carnage+1","Shrug It Off+1","Iron Wave","Rage+1","Demon Form+1","Immolate","True Grit+1","Anger+1","Ghostly Armor","Intimidate+1","Reaper","Uppercut","Sentinel+1","Ghostly Armor+1","Brutality","Shrug It Off"],"special_seed":0,"relics":["Burning Blood","Ancient Tea Set","War Paint","Bronze Scales","Omamori","Sozu","Red Skull","Paper Frog","Fusion Hammer","Lantern","MawBank","Happy Flower"],"potions_floor_usage":[55,55],"damage_taken":[{"damage":11.0,"enemies":"Jaw Worm","floor":1.0,"turns":5.0},{"damage":1.0,"enemies":"Cultist","floor":3.0,"turns":4.0},{"damage":2.0,"enemies":"Small Slimes","floor":5.0,"turns":3.0},{"damage":18.0,"enemies":"Gremlin Nob","floor":6.0,"turns":4.0},{"damage":0.0,"enemies":"Red Slaver","floor":10.0,"turns":2.0},{"damage":37.0,"enemies":"Lagavulin","floor":11.0,"turns":8.0},{"damage":5.0,"enemies":"Gremlin Nob","floor":14.0,"turns":4.0},{"damage":14.0,"enemies":"Hexaghost","floor":16.0,"turns":9.0},{"damage":14.0,"enemies":"Shell Parasite","floor":18.0,"turns":3.0},{"damage":0.0,"enemies":"3 Byrds","floor":19.0,"turns":3.0},{"damage":11.0,"enemies":"Snecko","floor":21.0,"turns":4.0},{"damage":21.0,"enemies":"Snake Plant","floor":24.0,"turns":3.0},{"damage":15.0,"enemies":"Book of Stabbing","floor":28.0,"turns":4.0},{"damage":11.0,"enemies":"Sentry and Sphere","floor":29.0,"turns":5.0},{"damage":2.0,"enemies":"Centurion and Healer","floor":31.0,"turns":4.0},{"damage":48.0,"enemies":"Automaton","floor":33.0,"turns":8.0},{"damage":0.0,"enemies":"3 Shapes","floor":35.0,"turns":3.0},{"damage":15.0,"enemies":"3 Darklings","floor":38.0,"turns":5.0},{"damage":0.0,"enemies":"Jaw Worm Horde","floor":39.0,"turns":4.0},{"damage":18.0,"enemies":"Nemesis","floor":40.0,"turns":5.0},{"damage":18.0,"enemies":"Sphere and 2 Shapes","floor":41.0,"turns":11.0},{"damage":25.0,"enemies":"Maw","floor":44.0,"turns":7.0},{"damage":28.0,"enemies":"Spire Growth","floor":46.0,"turns":5.0},{"damage":21.0,"enemies":"Reptomancer","floor":47.0,"turns":5.0},{"damage":57.0,"enemies":"Time Eater","floor":50.0,"turns":10.0},{"damage":44,"enemies":"Shield and Spear","floor":54,"turns":9},{"damage":77,"enemies":"The Heart","floor":55,"turns":5}],"seed_played":"-8629575417072804097","potions_obtained":[{"floor":1.0,"key":"Weak Potion"},{"floor":2.0,"key":"SmokeBomb"},{"floor":2.0,"key":"Ancient Potion"},{"floor":2.0,"key":"EntropicBrew"}],"is_trial":false,"path_per_floor":["M","?","M","$","M","E","$","R","T","M","E","?","R","E","R","B",null,"M","M","?","M","?","R","M","R","T","R","E","M","?","M","R","B",null,"M","?","$","M","M","E","M","R","T","M","R","M","E","$","R","B",null,"R","$","E","B"],"character_chosen":"IRONCLAD","items_purchased":["Carnage","Iron Wave","Uppercut","Brutality","Shrug It Off"],"campfire_rested":4,"item_purchase_floors":[4,7,37,48,48],"current_hp_per_floor":[51,51,56,56,60,48,48,48,48,54,23,23,23,24,24,31,80,72,78,63,58,58,58,43,43,43,68,59,54,46,50,50,8,85,85,85,85,85,85,85,73,73,73,54,79,57,58,58,83,70,85,85,85,64,0],"gold":124,"neow_bonus":"REMOVE_TWO","is_prod":false,"is_daily":false,"chose_seed":false,"campfire_upgraded":6,"win_rate":0,"timestamp":1565658313,"path_taken":["M","?","M","$","M","E","?","R","T","M","E","?","R","E","R","BOSS","M","M","?","M","?","R","M","R","T","R","E","M","?","M","R","BOSS","M","?","$","M","M","E","M","R","T","M","R","M","E","$","R","BOSS","R","$","E","BOSS"],"build_version":"2019-07-17","purchased_purges":3,"victory":false,"max_hp_per_floor":[80,80,80,80,80,80,80,80,80,80,80,80,80,80,80,80,80,80,80,85,85,85,85,85,85,85,85,85,85,85,85,85,85,85,85,85,85,85,85,85,85,85,85,85,85,85,85,85,85,85,85,85,85,85,85],"card_choices":[{"not_picked":["Ghostly Armor","Body Slam"],"picked":"Iron Wave","floor":1.0},{"not_picked":["Ghostly Armor","Corruption"],"picked":"Thunderclap","floor":3.0},{"not_picked":["Twin Strike","Dual Wield","Pommel Strike"],"picked":"SKIP","floor":5.0},{"not_picked":["Warcry","Blood for Blood"],"picked":"Shrug It Off","floor":6.0},{"not_picked":["Corruption","Second Wind"],"picked":"Rage","floor":10.0},{"not_picked":["Headbutt","Rage"],"picked":"Demon Form","floor":11.0},{"not_picked":["Warcry","Corruption","Clothesline"],"picked":"SKIP","floor":14.0},{"not_picked":["Demon Form","Fiend Fire"],"picked":"Immolate","floor":16.0},{"not_picked":["Clash","Flex","Seeing Red"],"picked":"SKIP","floor":18.0},{"not_picked":["Perfected Strike","Sword Boomerang+1"],"picked":"True Grit","floor":19.0},{"not_picked":["Flex","Armaments+1"],"picked":"Anger+1","floor":21.0},{"not_picked":["Double Tap","Rupture+1","Armaments"],"picked":"SKIP","floor":24.0},{"not_picked":["Flex","Warcry","Body Slam"],"picked":"SKIP","floor":28.0},{"not_picked":["Twin Strike","Brutality"],"picked":"Ghostly Armor","floor":29.0},{"not_picked":["Headbutt","Armaments"],"picked":"Intimidate+1","floor":31.0},{"not_picked":["Exhume","Offering"],"picked":"Reaper","floor":33.0},{"not_picked":["Thunderclap+1","Fire Breathing"],"picked":"Heavy Blade+1","floor":35.0},{"not_picked":["Sword Boomerang+1","Pommel Strike+1","Thunderclap"],"picked":"SKIP","floor":38.0},{"not_picked":["Twin Strike","Hemokinesis"],"picked":"Sentinel+1","floor":39.0},{"not_picked":["Headbutt","Havoc","Perfected Strike"],"picked":"SKIP","floor":40.0},{"not_picked":["Whirlwind+1","Clothesline+1","Warcry"],"picked":"SKIP","floor":41.0},{"not_picked":["Inflame+1","Armaments+1","Rampage"],"picked":"SKIP","floor":44.0},{"not_picked":["Havoc+1","Warcry+1","Flame Barrier"],"picked":"SKIP","floor":46.0},{"not_picked":["Blood for Blood+1","Fire Breathing+1"],"picked":"Ghostly Armor+1","floor":47.0},{"not_picked":["Reckless Charge+1","Bludgeon","Uppercut"],"picked":"SKIP","floor":54}],"player_experience":1234647,"relics_obtained":[{"floor":6.0,"key":"Ancient Tea Set"},{"floor":9.0,"key":"War Paint"},{"floor":11.0,"key":"Bronze Scales"},{"floor":14.0,"key":"Omamori"},{"floor":26.0,"key":"Red Skull"},{"floor":28.0,"key":"Paper Frog"},{"floor":40.0,"key":"Lantern"},{"floor":47.0,"key":"MawBank"},{"floor":54,"key":"Happy Flower"}],"event_choices":[{"damage_healed":0.0,"max_hp_gain":0.0,"max_hp_loss":0.0,"gold_gain":0.0,"event_name":"Lab","player_choice":"Got Potions","floor":2.0,"gold_loss":0.0,"damage_taken":0.0},{"damage_healed":0.0,"max_hp_gain":0.0,"max_hp_loss":0.0,"gold_gain":0.0,"event_name":"Wheel of Change","player_choice":"Cursed","floor":12.0,"gold_loss":0.0,"damage_taken":0.0,"cards_obtained":["Decay"]},{"damage_healed":0.0,"max_hp_gain":5.0,"max_hp_loss":0.0,"gold_gain":0.0,"event_name":"Forgotten Altar","player_choice":"Shed Blood","floor":20.0,"gold_loss":0.0,"damage_taken":20.0},{"damage_healed":0.0,"max_hp_gain":0.0,"max_hp_loss":0.0,"gold_gain":0.0,"event_name":"Ghosts","player_choice":"Ignored","floor":22.0,"gold_loss":0.0,"damage_taken":0.0},{"damage_healed":0.0,"max_hp_gain":0.0,"max_hp_loss":0.0,"gold_gain":0.0,"event_name":"Knowing Skull","player_choice":"","floor":30.0,"potions_obtained":[],"gold_loss":0.0,"damage_taken":8.0,"cards_obtained":[]},{"cards_removed":["Heavy Blade"],"damage_healed":0.0,"max_hp_gain":0.0,"max_hp_loss":0.0,"gold_gain":0.0,"event_name":"Falling","player_choice":"Removed Attack","floor":36.0,"gold_loss":0.0,"damage_taken":0.0}],"is_beta":false,"boss_relics":[{"not_picked":["Astrolabe","Runic Cube"],"picked":"Sozu"},{"not_picked":["Runic Pyramid","Calling Bell"],"picked":"Fusion Hammer"}],"items_purged_floors":[7,37,48],"is_endless":false,"potions_floor_spawned":[1,3,5,18,21,31,35,39,40,46],"killed_by":"The Heart","ascension_level":0}