{"gold_per_floor":[112,112,131,131,131,131,151,151,151,161,195,195,195,214,214,309,309,320,320,118,128,128,128,145,161,212,229,254,270,270,287,287,287],"floor_reached":33,"playtime":3134,"items_purged":[],"score":390,"play_id":"0d029ca8-83c5-4d5d-9ae4-49b4b0b686ff","local_time":"20180910205148","is_ascension_mode":true,"campfire_choices":[{"data":"Flame Barrier","floor":6,"key":"SMITH"},{"data":"Iron Wave","floor":8,"key":"SMITH"},{"data":"Warcry","floor":12,"key":"SMITH"},{"data":"Bash","floor":15,"key":"SMITH"},{"data":"Secret Technique","floor":23,"key":"SMITH"},{"floor":30,"key":"REST"},{"floor":32,"key":"REST"}],"neow_cost":"NONE","seed_source_timestamp":349020572881911,"circlet_count":0,"master_deck":["Strike_R+1","Strike_R+1","Strike_R+1","Strike_R+1","Defend_R+1","Defend_R+1","Defend_R+1","Defend_R+1","Bash+1","Flame Barrier+1","Body Slam+1","Shrug It Off","Iron Wave+1","Thunderclap","Warcry+1","Iron Wave","Limit Break","Clothesline","Secret Technique+1","Cleave","Flex+1","Warcry+1","Shrug It Off+1"],"relics":["Burning Blood","FossilizedHelix","Letter Opener","Happy Flower","Orichalcum","Runic Dome","Nilry\u0027s Codex","Art of War","Toxic Egg 2"],"potions_floor_usage":[7,11,28,33,33],"damage_taken":[{"damage":1,"enemies":"2 Louse","floor":1,"turns":5},{"damage":22,"enemies":"Jaw Worm","floor":3,"turns":6},{"damage":0,"enemies":"Cultist","floor":7,"turns":3},{"damage":0,"enemies":"Blue Slaver","floor":10,"turns":4},{"damage":9,"enemies":"Gremlin Nob","floor":11,"turns":3},{"damage":0,"enemies":"Large Slime","floor":14,"turns":6},{"damage":62,"enemies":"Hexaghost","floor":16,"turns":12},{"damage":8,"enemies":"Chosen","floor":18,"turns":6},{"damage":0,"enemies":"3 Byrds","floor":21,"turns":3},{"damage":4,"enemies":"Snecko","floor":24,"turns":6},{"damage":18,"enemies":"Centurion and Healer","floor":25,"turns":5},{"damage":11,"enemies":"Cultist and Chosen","floor":27,"turns":5},{"damage":7,"enemies":"Slavers","floor":28,"turns":3},{"damage":16,"enemies":"Snake Plant","floor":29,"turns":2},{"damage":17,"enemies":"Centurion and Healer","floor":31,"turns":4},{"damage":78,"enemies":"Champ","floor":33,"turns":11}],"seed_played":"-7711044414676563603","potions_obtained":[{"floor":3,"key":"SkillPotion"},{"floor":7,"key":"Fruit Juice"},{"floor":10,"key":"Explosive Potion"},{"floor":25,"key":"Energy Potion"},{"floor":27,"key":"SkillPotion"},{"floor":28,"key":"AttackPotion"}],"is_trial":false,"path_per_floor":["M","?","M","?","?","R","M","R","T","M","E","R","?","M","R","B",null,"M","?","$","M","?","R","M","M","T","M","E","M","R","M","R"],"character_chosen":"IRONCLAD","items_purchased":["Secret Technique"],"campfire_rested":2,"item_purchase_floors":[20],"current_hp_per_floor":[77,77,61,61,54,54,65,65,65,71,68,68,68,74,74,18,68,66,50,50,56,56,56,58,46,46,41,40,30,55,50,75,0],"gold":287,"neow_bonus":"TRANSFORM_CARD","is_prod":false,"is_daily":false,"chose_seed":false,"campfire_upgraded":5,"win_rate":0,"timestamp":1536627108,"path_taken":["M","?","M","?","?","R","?","R","T","M","E","R","?","M","R","BOSS","M","?","$","M","?","R","M","M","T","M","E","M","R","M","R","BOSS"],"build_version":"2018-09-06","purchased_purges":0,"victory":false,"max_hp_per_floor":[80,80,80,80,80,80,85,85,85,85,85,85,85,85,85,85,85,85,85,85,85,85,85,85,85,85,85,85,85,85,85,85,85],"card_choices":[{"not_picked":["Evolve","Wild Strike"],"picked":"Body Slam","floor":1},{"not_picked":["Burning Pact","Bloodletting"],"picked":"Shrug It Off","floor":3},{"not_picked":["Thunderclap","Feel No Pain"],"picked":"Iron Wave","floor":7},{"not_picked":["Perfected Strike","Wild Strike"],"picked":"Thunderclap","floor":10},{"not_picked":["Offering","Thunderclap"],"picked":"Warcry","floor":11},{"not_picked":["Perfected Strike","Flex"],"picked":"Iron Wave","floor":14},{"not_picked":["Dark Embrace","Impervious"],"picked":"Limit Break","floor":16},{"not_picked":["Wild Strike+1","Iron Wave"],"picked":"Clothesline","floor":18},{"not_picked":["Twin Strike","Blood for Blood"],"picked":"Cleave","floor":21},{"not_picked":["Rampage","Sentinel","Searing Blow"],"picked":"SKIP","floor":24},{"not_picked":["Pommel Strike","Iron Wave","Sword Boomerang"],"picked":"SKIP","floor":25},{"not_picked":["Feel No Pain","Shrug It Off+1"],"picked":"Flex+1","floor":27},{"not_picked":["Cleave","Perfected Strike","Carnage"],"picked":"SKIP","floor":28},{"not_picked":["Body Slam","Rupture"],"picked":"Warcry+1","floor":29},{"not_picked":["Fiend Fire","Sword Boomerang"],"picked":"Shrug It Off+1","floor":31}],"player_experience":406434,"relics_obtained":[{"floor":9,"key":"Letter Opener"},{"floor":11,"key":"Happy Flower"},{"floor":19,"key":"Nilry\u0027s Codex"},{"floor":26,"key":"Art of War"},{"floor":28,"key":"Toxic Egg 2"}],"event_choices":[{"event_name":"Big Fish","player_choice":"Box","floor":2,"damage_taken":0},{"event_name":"Upgrade Shrine","player_choice":"Upgraded","floor":4,"damage_taken":0},{"event_name":"Golden Wing","player_choice":"Card Removal","floor":5,"damage_taken":0},{"event_name":"WeMeetAgain","player_choice":"Potion","floor":13,"damage_taken":0},{"event_name":"Cursed Tome","player_choice":"Obtained Book","floor":19,"damage_taken":0},{"event_name":"Back to Basics","player_choice":"Simplicity","floor":22,"damage_taken":0}],"is_beta":false,"boss_relics":[{"not_picked":["Philosopher\u0027s Stone","Orrery"],"picked":"Runic Dome"}],"items_purged_floors":[],"is_endless":false,"potions_floor_spawned":[3,7,10,25,27,28],"killed_by":"Champ","ascension_level":9}