{"gold_per_floor":[119,119,119,140,164,164,178,191,214,250,250,269,269,342,342,461,461,480,503,503,521,521,521,115,115,140,140,153,172,172,212,212,212],"floor_reached":33,"playtime":2653,"items_purged":["Decay"],"score":377,"play_id":"176d141d-b079-4f2e-8d53-75f948286307","local_time":"20180907231048","is_ascension_mode":true,"campfire_choices":[{"floor":6,"key":"REST"},{"floor":11,"key":"REST"},{"data":"Bane","floor":13,"key":"SMITH"},{"data":"Dash","floor":15,"key":"SMITH"},{"data":"Malaise","floor":23,"key":"SMITH"},{"floor":30,"key":"REST"},{"floor":32,"key":"REST"}],"neow_cost":"NONE","seed_source_timestamp":98641925982013,"circlet_count":0,"master_deck":["Defend_G","Defend_G","Defend_G","Defend_G","Strike_G","Strike_G","Strike_G","Survivor","Neutralize","Backflip+1","Grand Finale+1","Corpse Explosion+1","Backflip","Bane+1","Leg Sweep","Deflect","Sucker Punch","Deadly Poison","Dash+1","Malaise+1","Quick Slash","Writhe","Poisoned Stab","Reflex","Underhanded Strike","Tactician","Tools of the Trade","Eviscerate"],"relics":["Astrolabe","Golden Idol","Dream Catcher","Snake Skull","Strawberry","HoveringKite","Gremlin Horn","TwistedFunnel","MutagenicStrength","Juzu Bracelet","Bottled Flame","Vajra"],"potions_floor_usage":[10,16,16,19,22,29,33],"damage_taken":[{"damage":0,"enemies":"2 Louse","floor":1,"turns":2},{"damage":0,"enemies":"Cultist","floor":4,"turns":4},{"damage":11,"enemies":"Jaw Worm","floor":5,"turns":4},{"damage":11,"enemies":"Looter","floor":7,"turns":4},{"damage":0,"enemies":"Lots of Slimes","floor":8,"turns":1},{"damage":16,"enemies":"Lagavulin","floor":10,"turns":7},{"damage":10,"enemies":"2 Fungi Beasts","floor":12,"turns":3},{"damage":1,"enemies":"3 Sentries","floor":14,"turns":3},{"damage":28,"enemies":"Slime Boss","floor":16,"turns":10},{"damage":3,"enemies":"Shell Parasite","floor":18,"turns":5},{"damage":2,"enemies":"2 Thieves","floor":19,"turns":4},{"damage":5,"enemies":"Cultist and Chosen","floor":21,"turns":5},{"damage":0,"enemies":"Centurion and Healer","floor":22,"turns":3},{"damage":0,"enemies":"3 Cultists","floor":28,"turns":2},{"damage":13,"enemies":"Snake Plant","floor":29,"turns":4},{"damage":16,"enemies":"Slavers","floor":31,"turns":2},{"damage":69,"enemies":"Champ","floor":33,"turns":12}],"seed_played":"-3199378510103760336","potions_obtained":[{"floor":4,"key":"EssenceOfSteel"},{"floor":8,"key":"Strength Potion"},{"floor":14,"key":"SkillPotion"},{"floor":16,"key":"SmokeBomb"},{"floor":18,"key":"Block Potion"},{"floor":19,"key":"Block Potion"},{"floor":31,"key":"SteroidPotion"}],"is_trial":false,"path_per_floor":["M","?","?","M","M","R","M","M","T","E","R","M","R","?","R","B",null,"M","M","?","M","M","R","$","?","T","T","M","M","R","E","R"],"character_chosen":"THE_SILENT","items_purchased":["TwistedFunnel","Reflex","Dexterity Potion"],"campfire_rested":4,"item_purchase_floors":[24,24,24],"current_hp_per_floor":[63,63,46,46,35,56,45,45,45,29,50,40,40,46,46,18,62,59,57,57,52,52,52,52,52,52,52,52,39,62,46,69,0],"gold":212,"neow_bonus":"BOSS_RELIC","is_prod":false,"is_daily":false,"chose_seed":false,"campfire_upgraded":3,"win_rate":0,"timestamp":1536376248,"path_taken":["M","?","?","M","?","R","M","M","T","E","R","?","R","?","R","BOSS","M","M","?","M","?","R","$","?","T","?","M","M","R","E","R","BOSS"],"build_version":"2018-09-06","purchased_purges":1,"victory":false,"max_hp_per_floor":[70,70,70,70,70,70,70,70,70,70,70,70,70,77,77,77,77,77,77,77,77,77,77,77,77,77,77,77,77,77,77,77,77],"card_choices":[{"not_picked":["Flying Knee","Slice"],"picked":"Backflip","floor":1},{"not_picked":["Flying Knee","Expertise"],"picked":"Bane","floor":4},{"not_picked":["Slice","Caltrops"],"picked":"Leg Sweep","floor":5},{"not_picked":["Blade Dance","Crippling Poison"],"picked":"Deflect","floor":7},{"not_picked":["Slice","Dagger Throw"],"picked":"Sucker Punch","floor":8},{"not_picked":["Riddle With Holes","Grand Finale"],"picked":"Deadly Poison","floor":10},{"not_picked":["Footwork","Underhanded Strike","PiercingWail"],"picked":"SKIP","floor":12},{"not_picked":["Finisher","Heel Hook"],"picked":"Dash","floor":14},{"not_picked":["Storm of Steel","Grand Finale"],"picked":"Malaise","floor":16},{"not_picked":["Concentrate","Finisher","Dodge and Roll"],"picked":"SKIP","floor":18},{"not_picked":["Deadly Poison","Acrobatics"],"picked":"Quick Slash","floor":19},{"not_picked":["Riddle With Holes","Crippling Poison"],"picked":"Poisoned Stab","floor":21},{"not_picked":["Prepared","Quick Slash+1"],"picked":"Underhanded Strike","floor":28},{"not_picked":["Leg Sweep","Flechettes+1"],"picked":"Tactician","floor":29},{"not_picked":["Quick Slash","Backstab"],"picked":"Tools of the Trade","floor":30},{"not_picked":["Predator","Flying Knee","Glass Knife"],"picked":"SKIP","floor":31},{"not_picked":["Underhanded Strike+1","Slice"],"picked":"Eviscerate","floor":32}],"player_experience":391268,"relics_obtained":[{"floor":9,"key":"Dream Catcher"},{"floor":10,"key":"Snake Skull"},{"floor":14,"key":"Strawberry"},{"floor":26,"key":"Juzu Bracelet"},{"floor":27,"key":"Bottled Flame"},{"floor":31,"key":"Vajra"}],"event_choices":[{"event_name":"Wheel of Change","player_choice":"Curse","floor":2,"damage_taken":0},{"event_name":"Golden Idol","player_choice":"Take Damage","floor":3,"damage_taken":0},{"event_name":"Dead Adventurer","player_choice":"Searched \u00273\u0027 times","floor":14,"damage_taken":0},{"event_name":"The Mausoleum","player_choice":"Yes","floor":20,"damage_taken":0},{"event_name":"Drug Dealer","player_choice":"Inject Mutagens","floor":25,"damage_taken":0}],"is_beta":false,"boss_relics":[{"not_picked":["Runic Dome","Tiny House"],"picked":"HoveringKite"}],"items_purged_floors":[24],"is_endless":false,"potions_floor_spawned":[4,8,14,16,18,19,31],"killed_by":"Champ","ascension_level":8}