{"gold_per_floor":[118,135,210,225,241,270,270,44,44,79,79,109,109,45,45,140,140,155,173,185,198,198,198,198],"floor_reached":24,"playtime":1351,"items_purged":[],"score":216,"play_id":"86a20d98-4f16-41b7-b260-e463f48ce860","local_time":"20190831053443","is_ascension_mode":true,"campfire_choices":[{"data":"Genetic Algorithm","floor":7,"key":"SMITH"},{"floor":11,"key":"REST"},{"floor":13,"key":"REST"},{"data":"Go for the Eyes","floor":15,"key":"SMITH"},{"floor":23,"key":"REST"}],"neow_cost":"NONE","seed_source_timestamp":1240118451309616,"circlet_count":0,"master_deck":["Strike_B","Strike_B","Strike_B","Strike_B","Defend_B","Defend_B+1","Defend_B","Defend_B","Zap","Dualcast","Go for the Eyes+1","Genetic Algorithm+1","Coolheaded+1","Scrape","Chill","Core Surge","Gash","Streamline","Gash+1","All For One","Rebound"],"relics":["Cracked Core","Vajra","Matryoshka","Pen Nib","Bag of Marbles","Bottled Flame","War Paint","Dream Catcher","Orrery"],"potions_floor_usage":[6,10,10,20],"damage_taken":[{"damage":3,"enemies":"Jaw Worm","floor":1,"turns":3},{"damage":1,"enemies":"Small Slimes","floor":2,"turns":4},{"damage":3,"enemies":"Cultist","floor":4,"turns":3},{"damage":12,"enemies":"Looter","floor":5,"turns":3},{"damage":22,"enemies":"Gremlin Nob","floor":6,"turns":4},{"damage":11,"enemies":"Lagavulin","floor":10,"turns":7},{"damage":37,"enemies":"Slime Boss","floor":16,"turns":10},{"damage":16,"enemies":"2 Thieves","floor":18,"turns":3},{"damage":13,"enemies":"3 Byrds","floor":19,"turns":7},{"damage":12,"enemies":"Centurion and Healer","floor":20,"turns":7},{"damage":18,"enemies":"Snake Plant","floor":21,"turns":5},{"damage":42,"enemies":"Book of Stabbing","floor":24,"turns":4}],"seed_played":"-8785595180750232557","potions_obtained":[{"floor":1,"key":"Strength Potion"},{"floor":5,"key":"Weak Potion"},{"floor":6,"key":"SteroidPotion"},{"floor":16,"key":"Poison Potion"}],"is_trial":false,"path_per_floor":["M","M","?","M","M","E","R","$","T","E","R","?","R","?","R","B",null,"M","M","M","M","?","R","E"],"character_chosen":"DEFECT","items_purchased":["Chill","Pen Nib"],"campfire_rested":3,"item_purchase_floors":[8,8],"current_hp_per_floor":[72,71,60,57,45,23,23,23,23,12,34,34,56,56,56,19,75,59,46,34,16,16,38,0],"gold":198,"neow_bonus":"RANDOM_COMMON_RELIC","is_prod":false,"is_daily":false,"chose_seed":false,"campfire_upgraded":2,"win_rate":0,"timestamp":1567197283,"path_taken":["M","M","?","M","M","E","R","$","T","E","R","?","R","?","R","BOSS","M","M","M","M","?","R","E"],"build_version":"2019-07-05","purchased_purges":0,"victory":false,"max_hp_per_floor":[75,75,75,75,75,75,75,75,75,75,75,75,75,75,75,75,75,75,75,75,75,75,75,75],"card_choices":[{"not_picked":["Tempest","Double Energy"],"picked":"Go for the Eyes","floor":1},{"not_picked":["Undo","Steam"],"picked":"Genetic Algorithm","floor":2},{"not_picked":["Turbo","Compile Driver"],"picked":"Coolheaded","floor":4},{"not_picked":["Ball Lightning","Leap"],"picked":"Scrape","floor":5},{"not_picked":["Stack","BootSequence","Tempest"],"picked":"SKIP","floor":6},{"not_picked":["Barrage","Redo","Ball Lightning"],"picked":"SKIP","floor":10},{"not_picked":["Buffer","Fission"],"picked":"Core Surge","floor":16},{"not_picked":["Steam","Compile Driver"],"picked":"Gash","floor":17},{"not_picked":["Auto Shields","Double Energy"],"picked":"Streamline","floor":17},{"not_picked":["Aggregate","Conserve Battery","BootSequence"],"picked":"SKIP","floor":18},{"not_picked":["Fission","Consume","Steam+1"],"picked":"SKIP","floor":19},{"not_picked":["Recycle","Turbo"],"picked":"Gash+1","floor":20},{"not_picked":["Gash","Leap+1"],"picked":"All For One","floor":21},{"not_picked":["Hologram+1","Ball Lightning+1"],"picked":"Rebound","floor":23}],"player_experience":638950,"relics_obtained":[{"floor":6,"key":"Matryoshka"},{"floor":9,"key":"Bag of Marbles"},{"floor":9,"key":"Bottled Flame"},{"floor":10,"key":"War Paint"}],"event_choices":[{"damage_healed":0,"gold_gain":75,"player_choice":"Gather Gold","damage_taken":11,"max_hp_gain":0,"max_hp_loss":0,"event_name":"World of Goop","floor":3,"gold_loss":0},{"damage_healed":0,"gold_gain":30,"player_choice":"Searched \u00271\u0027 times","damage_taken":0,"max_hp_gain":0,"max_hp_loss":0,"event_name":"Dead Adventurer","floor":12,"gold_loss":0},{"damage_healed":0,"gold_gain":0,"player_choice":"Paid Gold","damage_taken":0,"relics_obtained":["Dream Catcher"],"max_hp_gain":0,"max_hp_loss":0,"event_name":"WeMeetAgain","floor":14,"gold_loss":64},{"damage_healed":0,"gold_gain":0,"player_choice":"Ignored","damage_taken":0,"max_hp_gain":0,"max_hp_loss":0,"event_name":"Ghosts","floor":22,"gold_loss":0}],"is_beta":false,"boss_relics":[{"not_picked":["Philosopher\u0027s Stone","Runic Pyramid"],"picked":"Orrery"}],"items_purged_floors":[],"is_endless":false,"potions_floor_spawned":[1,5,6,16],"killed_by":"Book of Stabbing","ascension_level":1}