{"gold_per_floor":[118,72,72,87,37,37,49,109,109,60,135,87,87,104,104,207,207],"floor_reached":17,"playtime":780,"items_purged":[],"score":143,"play_id":"fc4eb2a4-1941-4bee-bae0-a9badbd5285f","local_time":"20181227104343","is_ascension_mode":false,"campfire_choices":[{"data":"Perfected Strike","floor":6,"key":"SMITH"},{"data":"True Grit","floor":13,"key":"SMITH"},{"floor":15,"key":"REST"}],"neow_cost":"NONE","seed_source_timestamp":226942863977278,"circlet_count":0,"master_deck":["Strike_R","Strike_R","Defend_R","Defend_R","Defend_R","Defend_R","Bash","Shrug It Off","Perfected Strike+1","Flex","Clothesline","Fire Breathing","True Grit+1","Clash","Headbutt","Barricade","Spot Weakness+1","Ghostly Armor+1","Fiend Fire+1"],"relics":["Burning Blood","Anchor","Bag of Preparation","Astrolabe"],"potions_floor_usage":[],"damage_taken":[{"damage":1,"enemies":"Cultist","floor":1,"turns":4},{"damage":6,"enemies":"2 Louse","floor":4,"turns":2},{"damage":0,"enemies":"Small Slimes","floor":7,"turns":3},{"damage":34,"enemies":"Lagavulin Event","floor":8,"turns":7},{"damage":5,"enemies":"Exordium Thugs","floor":14,"turns":5},{"damage":61,"enemies":"Slime Boss","floor":16,"turns":16}],"seed_played":"513213665215360553","potions_obtained":[{"floor":4,"key":"GamblersBrew"},{"floor":7,"key":"SpeedPotion"},{"floor":8,"key":"BloodPotion"}],"is_trial":false,"path_per_floor":["M","$","T","M","?","R","M","?","T","$","?","$","R","M","R","B",null],"character_chosen":"IRONCLAD","items_purchased":["Perfected Strike","True Grit","Clash"],"campfire_rested":1,"item_purchase_floors":[2,10,12],"current_hp_per_floor":[80,80,80,80,80,80,80,52,52,52,41,41,41,42,66,11,80],"gold":207,"neow_bonus":"RANDOM_COLORLESS","is_prod":false,"is_daily":false,"chose_seed":false,"campfire_upgraded":2,"win_rate":0,"timestamp":1545875023,"path_taken":["M","?","?","M","?","R","M","?","T","$","?","?","R","M","R","BOSS"],"build_version":"2018-12-20","purchased_purges":0,"victory":false,"max_hp_per_floor":[80,80,80,80,80,80,80,80,80,80,80,80,80,80,80,80,80],"card_choices":[{"not_picked":["Cleave","Disarm"],"picked":"Shrug It Off","floor":1},{"not_picked":["Headbutt","Intimidate"],"picked":"Flex","floor":4},{"not_picked":["Iron Wave","Dropkick"],"picked":"Clothesline","floor":7},{"not_picked":["Clothesline","Iron Wave"],"picked":"Fire Breathing","floor":8},{"not_picked":["Intimidate","Burning Pact"],"picked":"Headbutt","floor":14},{"not_picked":["Double Tap","Juggernaut"],"picked":"Barricade","floor":16}],"player_experience":4852,"relics_obtained":[{"floor":8,"key":"Anchor"},{"floor":9,"key":"Bag of Preparation"}],"event_choices":[{"cards_removed":["Purity"],"damage_healed":0,"gold_gain":0,"player_choice":"Card Removal","damage_taken":0,"max_hp_gain":0,"max_hp_loss":0,"event_name":"The Cleric","floor":5,"gold_loss":50},{"damage_healed":0,"gold_gain":0,"player_choice":"Searched \u00272\u0027 times","damage_taken":0,"max_hp_gain":0,"max_hp_loss":0,"event_name":"Dead Adventurer","floor":8,"gold_loss":0},{"damage_healed":0,"gold_gain":75,"player_choice":"Gather Gold","damage_taken":11,"max_hp_gain":0,"max_hp_loss":0,"event_name":"World of Goop","floor":11,"gold_loss":0}],"is_beta":false,"boss_relics":[{"not_picked":["Busted Crown","Black Blood"],"picked":"Astrolabe"}],"items_purged_floors":[],"is_endless":false,"potions_floor_spawned":[4,7,8],"ascension_level":0}