{"gold_per_floor":[13,113,67,79,79,104,104,118,118,129,144,158,190,204,204,300,300,300,255,255,44,44,44,44,44,44,44,44,44,6,6,6,6,6,6,6,6,6,6,6,6,6,6,6,6,6,6,6,6,6],"floor_reached":50,"playtime":4019,"items_purged":[],"score":578,"play_id":"e23b9c93-e5a2-4d67-9b5c-4ceee13eed2b","local_time":"20190822190411","is_ascension_mode":false,"campfire_choices":[{"floor":7,"key":"REST"},{"floor":15,"key":"REST"},{"data":"Backstab","floor":23,"key":"SMITH"},{"floor":25,"key":"REST"},{"floor":32,"key":"REST"},{"floor":40,"key":"REST"},{"floor":44,"key":"REST"},{"floor":47,"key":"REST"},{"floor":49,"key":"REST"}],"neow_cost":"NO_GOLD","seed_source_timestamp":647692488382100,"circlet_count":0,"master_deck":["Strike_G","Strike_G","Strike_G","Strike_G","Strike_G","Defend_G","Defend_G","Defend_G","Defend_G","Defend_G","Survivor","Neutralize","After Image","Blade Dance","Blade Dance+1","Dodge and Roll","Adrenaline","Riddle With Holes","Neutralize","Predator","Glass Knife","Caltrops","Flying Knee","Masterful Stab","Blade Dance+1","Backstab","Corpse Explosion","Poisoned Stab","Dash","Poisoned Stab","Magnetism","Backstab+1","Flying Knee","Burst","Noxious Fumes","Predator","Riddle With Holes+1","Corpse Explosion","Poisoned Stab+1","Dodge and Roll+1","Distraction+1","Finisher+1","Blade Dance+1","Blur+1","Parasite","Blade Dance","Blade Dance+1"],"relics":["Ring of the Snake","Bottled Flame","FossilizedHelix","Centennial Puzzle","Ectoplasm","Bottled Lightning","Tiny Chest","Gambling Chip","WristBlade","Peace Pipe","StoneCalendar","War Paint","Shuriken"],"potions_floor_usage":[42,46,50,50],"damage_taken":[{"damage":1,"enemies":"2 Louse","floor":1,"turns":5},{"damage":2,"enemies":"Cultist","floor":4,"turns":4},{"damage":31,"enemies":"Lagavulin","floor":6,"turns":10},{"damage":0,"enemies":"Small Slimes","floor":8,"turns":2},{"damage":0,"enemies":"Red Slaver","floor":10,"turns":3},{"damage":10,"enemies":"Large Slime","floor":11,"turns":5},{"damage":0,"enemies":"Exordium Thugs","floor":12,"turns":3},{"damage":0,"enemies":"Gremlin Nob","floor":13,"turns":3},{"damage":0,"enemies":"Blue Slaver","floor":14,"turns":3},{"damage":44,"enemies":"Hexaghost","floor":16,"turns":10},{"damage":10,"enemies":"3 Byrds","floor":18,"turns":3},{"damage":0,"enemies":"2 Thieves","floor":19,"turns":3},{"damage":25,"enemies":"Slavers","floor":24,"turns":4},{"damage":3,"enemies":"Cultist and Chosen","floor":27,"turns":3},{"damage":0,"enemies":"3 Cultists","floor":28,"turns":2},{"damage":10,"enemies":"Snecko","floor":31,"turns":4},{"damage":46,"enemies":"Automaton","floor":33,"turns":10},{"damage":0,"enemies":"3 Darklings","floor":35,"turns":2},{"damage":21,"enemies":"2 Orb Walkers","floor":36,"turns":3},{"damage":22,"enemies":"3 Shapes","floor":38,"turns":2},{"damage":18,"enemies":"Transient","floor":39,"turns":5},{"damage":19,"enemies":"4 Shapes","floor":41,"turns":3},{"damage":22,"enemies":"Maw","floor":42,"turns":7},{"damage":1,"enemies":"Writhing Mass","floor":46,"turns":4},{"damage":0,"enemies":"Jaw Worm Horde","floor":48,"turns":2},{"damage":67,"enemies":"Awakened One","floor":50,"turns":5}],"seed_played":"-2518357507332452684","potions_obtained":[{"floor":8,"key":"Strength Potion"},{"floor":12,"key":"Explosive Potion"},{"floor":13,"key":"FearPotion"},{"floor":28,"key":"GhostInAJar"},{"floor":35,"key":"Block Potion"},{"floor":39,"key":"Regen Potion"},{"floor":46,"key":"Energy Potion"}],"is_trial":false,"path_per_floor":["M","?","$","M","?","E","R","M","T","M","M","M","E","M","R","B",null,"M","M","?","$","?","R","E","R","T","M","M","T","$","M","R","B",null,"M","?","T","M","M","R","M","M","T","R","T","M","R","M","R","B"],"character_chosen":"THE_SILENT","items_purchased":["Blade Dance","Poisoned Stab","Magnetism","Predator"],"campfire_rested":8,"item_purchase_floors":[3,21,21,30],"current_hp_per_floor":[69,69,69,67,67,36,57,57,57,57,47,47,47,47,68,24,70,60,60,60,60,60,60,35,56,56,53,53,53,53,43,64,18,70,70,49,49,27,9,30,11,4,4,25,25,24,45,45,66,0],"gold":6,"neow_bonus":"THREE_RARE_CARDS","is_prod":false,"is_daily":false,"chose_seed":false,"campfire_upgraded":1,"win_rate":0.0,"timestamp":1566525851,"path_taken":["M","?","$","?","?","E","R","M","T","M","?","M","E","M","R","BOSS","M","M","?","?","?","R","E","R","T","?","M","?","$","?","R","BOSS","M","?","?","M","M","R","M","M","T","R","?","M","R","M","R","BOSS"],"build_version":"2019-07-17","purchased_purges":0,"victory":false,"max_hp_per_floor":[70,70,70,70,70,70,70,70,70,70,70,70,70,70,70,70,70,70,70,70,70,70,70,70,70,70,70,70,70,70,70,70,70,70,70,70,70,70,70,70,70,70,70,70,70,70,70,70,70,70],"card_choices":[{"not_picked":["Malaise","Venomology"],"picked":"After Image","floor":0},{"not_picked":["Catalyst","Outmaneuver"],"picked":"Blade Dance","floor":1},{"not_picked":["Outmaneuver","Dagger Throw"],"picked":"Dodge and Roll","floor":4},{"not_picked":["Slice","Sucker Punch"],"picked":"Predator","floor":6},{"not_picked":["Expertise","Catalyst"],"picked":"Glass Knife","floor":8},{"not_picked":["Flechettes","Sucker Punch"],"picked":"Caltrops","floor":10},{"not_picked":["Underhanded Strike","Slice"],"picked":"Flying Knee","floor":11},{"not_picked":["Tactician","Crippling Poison"],"picked":"Masterful Stab","floor":12},{"not_picked":["Slice","Caltrops"],"picked":"Blade Dance","floor":13},{"not_picked":["Dagger Spray","Blade Dance"],"picked":"Backstab","floor":14},{"not_picked":["Burst","Phantasmal Killer"],"picked":"Corpse Explosion","floor":16},{"not_picked":["Caltrops","Well Laid Plans"],"picked":"Poisoned Stab","floor":18},{"not_picked":["Quick Slash","Dodge and Roll"],"picked":"Dash","floor":19},{"not_picked":["Doppelganger","Prepared"],"picked":"Flying Knee","floor":24},{"not_picked":["Underhanded Strike+1","Sucker Punch"],"picked":"Burst","floor":27},{"not_picked":["Flying Knee+1","Expertise+1"],"picked":"Noxious Fumes","floor":28},{"not_picked":["Dagger Throw","Deadly Poison+1"],"picked":"Riddle With Holes+1","floor":31},{"not_picked":["Venomology","Doppelganger"],"picked":"Corpse Explosion","floor":33},{"not_picked":["Dagger Throw+1","Outmaneuver+1"],"picked":"Poisoned Stab+1","floor":35},{"not_picked":["Bouncing Flask","Predator"],"picked":"Dodge and Roll+1","floor":36},{"not_picked":["Underhanded Strike","Choke+1"],"picked":"Distraction+1","floor":38},{"not_picked":["Bane+1","Bouncing Flask+1"],"picked":"Finisher+1","floor":39},{"not_picked":["Poisoned Stab","Deflect"],"picked":"Blade Dance+1","floor":41},{"not_picked":["Expertise+1","Acrobatics+1"],"picked":"Blur+1","floor":42},{"not_picked":["Footwork","Bouncing Flask"],"picked":"Blade Dance","floor":46},{"not_picked":["Bane","Crippling Poison+1"],"picked":"Blade Dance+1","floor":48}],"player_experience":22612,"relics_obtained":[{"floor":6,"key":"Bottled Flame"},{"floor":9,"key":"FossilizedHelix"},{"floor":13,"key":"Centennial Puzzle"},{"floor":24,"key":"Bottled Lightning"},{"floor":26,"key":"Tiny Chest"},{"floor":29,"key":"Gambling Chip"},{"floor":36,"key":"Peace Pipe"},{"floor":37,"key":"StoneCalendar"},{"floor":43,"key":"War Paint"},{"floor":45,"key":"Shuriken"}],"event_choices":[{"damage_healed":0,"gold_gain":100,"player_choice":"Pray","damage_taken":0,"max_hp_gain":0,"max_hp_loss":0,"event_name":"Golden Shrine","floor":2,"gold_loss":0},{"damage_healed":0,"gold_gain":0,"player_choice":"3 cards matched","damage_taken":0,"max_hp_gain":0,"max_hp_loss":0,"event_name":"Match and Keep!","floor":5,"gold_loss":0,"cards_obtained":["Adrenaline","Riddle With Holes","Neutralize"]},{"damage_healed":0,"gold_gain":200,"player_choice":"Gold","damage_taken":0,"max_hp_gain":0,"max_hp_loss":0,"event_name":"Wheel of Change","floor":20,"gold_loss":0},{"damage_healed":0,"gold_gain":0,"player_choice":"Copied","damage_taken":0,"max_hp_gain":0,"max_hp_loss":0,"event_name":"Duplicator","floor":22,"gold_loss":0,"cards_obtained":["Backstab"]},{"damage_healed":0,"gold_gain":0,"player_choice":"Fight","damage_taken":0,"max_hp_gain":0,"max_hp_loss":0,"event_name":"Mysterious Sphere","floor":36,"gold_loss":0}],"is_beta":false,"boss_relics":[{"not_picked":["Runic Dome","Cursed Key"],"picked":"Ectoplasm"},{"not_picked":["Busted Crown","Empty Cage"],"picked":"WristBlade"}],"items_purged_floors":[],"is_endless":false,"potions_floor_spawned":[8,12,13,16,18,27,28,35,39,41,46],"killed_by":"Awakened One","ascension_level":0}