{"gold_per_floor":[113,129,129,143,143,155,166,341,367,367,367,380,380,380,380,380],"floor_reached":16,"playtime":549,"items_purged":[],"score":92,"play_id":"6e665235-7260-4301-8b45-11a08a0b6f00","local_time":"20190815013639","is_ascension_mode":false,"campfire_choices":[{"floor":10,"key":"REST"},{"floor":15,"key":"REST"}],"neow_cost":"PERCENT_DAMAGE","seed_source_timestamp":1976599453809283,"circlet_count":0,"master_deck":["Strike_B","Strike_B","Strike_B","Defend_B","Defend_B","Defend_B","Zap","Dualcast","Darkness+1","Defragment","Capacitor","Doubt"],"relics":["Cracked Core","Pen Nib","Potion Belt"],"potions_floor_usage":[7,16,16,16],"damage_taken":[{"damage":1,"enemies":"2 Louse","floor":1,"turns":2},{"damage":6,"enemies":"Jaw Worm","floor":2,"turns":2},{"damage":1,"enemies":"Cultist","floor":4,"turns":3},{"damage":19,"enemies":"3 Louse","floor":6,"turns":3},{"damage":19,"enemies":"Lots of Slimes","floor":7,"turns":4},{"damage":17,"enemies":"Large Slime","floor":12,"turns":5},{"damage":30,"enemies":"The Guardian","floor":16,"turns":5}],"seed_played":"-2687426457822093727","potions_obtained":[{"floor":1,"key":"GamblersBrew"},{"floor":6,"key":"Swift Potion"},{"floor":7,"key":"Explosive Potion"},{"floor":14,"key":"Swift Potion"},{"floor":14,"key":"SkillPotion"},{"floor":14,"key":"FocusPotion"}],"is_trial":false,"path_per_floor":["M","M","?","M","?","M","M","?","T","R","?","M","?","?","R","B"],"character_chosen":"DEFECT","items_purchased":[],"campfire_rested":2,"item_purchase_floors":[],"current_hp_per_floor":[53,47,40,39,39,20,1,1,1,23,23,6,6,6,28,0],"gold":380,"neow_bonus":"REMOVE_TWO","is_prod":false,"is_daily":false,"chose_seed":false,"campfire_upgraded":0,"win_rate":0,"timestamp":1565800599,"path_taken":["M","M","?","M","?","M","?","?","T","R","?","?","?","?","R","BOSS"],"build_version":"2019-07-05","purchased_purges":0,"victory":false,"max_hp_per_floor":[75,75,75,75,75,75,75,75,75,75,75,75,75,75,75,75],"card_choices":[{"not_picked":["Ball Lightning","Stack"],"picked":"Darkness","floor":1},{"not_picked":["Rebound","Chill"],"picked":"Defragment","floor":2},{"not_picked":["FTL","Beam Cell","Cold Snap"],"picked":"SKIP","floor":4},{"not_picked":["Sweeping Beam","Go for the Eyes"],"picked":"Capacitor","floor":6},{"not_picked":["Self Repair","Gash","Go for the Eyes"],"picked":"SKIP","floor":7},{"not_picked":["Chill","Streamline","Leap"],"picked":"SKIP","floor":12}],"player_experience":491585,"relics_obtained":[{"floor":9,"key":"Potion Belt"}],"event_choices":[{"damage_healed":0,"gold_gain":0,"player_choice":"Success","damage_taken":7,"relics_obtained":["Pen Nib"],"max_hp_gain":0,"max_hp_loss":0,"event_name":"Scrap Ooze","floor":3,"gold_loss":0},{"damage_healed":0,"gold_gain":0,"player_choice":"Bought 0 Potions","damage_taken":0,"max_hp_gain":0,"max_hp_loss":0,"event_name":"The Woman in Blue","floor":5,"gold_loss":0},{"damage_healed":0,"gold_gain":175,"player_choice":"AGREE","damage_taken":0,"max_hp_gain":0,"max_hp_loss":0,"event_name":"Liars Game","floor":8,"gold_loss":0,"cards_obtained":["Doubt"]},{"damage_healed":0,"gold_gain":0,"player_choice":"Upgraded","damage_taken":0,"max_hp_gain":0,"max_hp_loss":0,"event_name":"Upgrade Shrine","floor":11,"gold_loss":0,"cards_upgraded":["Darkness"]},{"damage_healed":0,"gold_gain":0,"player_choice":"Ignored","damage_taken":0,"max_hp_gain":0,"max_hp_loss":0,"event_name":"Shining Light","floor":13,"gold_loss":0},{"damage_healed":0,"gold_gain":0,"player_choice":"Got Potions","damage_taken":0,"max_hp_gain":0,"max_hp_loss":0,"event_name":"Lab","floor":14,"gold_loss":0}],"is_beta":false,"boss_relics":[],"items_purged_floors":[],"is_endless":false,"potions_floor_spawned":[1,6,7],"killed_by":"The Guardian","ascension_level":0}