{"path_per_floor":["M","?","?","M","M","E","R","M","T","R","M","?","R","M","R","B",null,"M","M","?","?","T","R","E","M","T","R","?","M","?","$","R"],"character_chosen":"IRONCLAD","items_purchased":["Apotheosis","Warcry"],"gold_per_floor":[118,118,98,117,130,159,159,171,171,171,185,185,185,195,195,299,299,309,321,236,236,236,236,261,281,330,330,330,341,264,28,28,28],"floor_reached":33,"campfire_rested":2,"playtime":1401,"current_hp_per_floor":[77,77,77,77,78,53,53,48,48,48,58,58,58,64,64,17,90,86,96,96,96,96,96,44,21,21,51,51,33,33,33,54,0],"items_purged":[],"gold":28,"score":303,"play_id":"b893fac2-a4bc-47b7-a002-59c5e8d73ff3","local_time":"20180521203122","is_prod":false,"is_daily":false,"chose_seed":false,"is_ascension_mode":true,"campfire_upgraded":5,"timestamp":1526927482,"campfire_choices":[{"data":"Spot Weakness","floor":7,"key":"SMITH"},{"data":"Spot Weakness","floor":10,"key":"SMITH"},{"data":"Immolate","floor":13,"key":"SMITH"},{"data":"Bludgeon","floor":15,"key":"SMITH"},{"data":"True Grit","floor":23,"key":"SMITH"},{"floor":27,"key":"REST"},{"floor":32,"key":"REST"}],"path_taken":["M","?","?","M","M","E","R","M","T","R","?","?","R","M","R","BOSS","M","M","?","?","?","R","E","M","T","R","?","?","?","?","R","BOSS"],"build_version":"2018-05-17","seed_source_timestamp":472663313612913,"purchased_purges":0,"victory":false,"master_deck":["Bash","Evolve","Wild Strike","Clash","Cleave","Spot Weakness+1","Spot Weakness+1","Immolate+1","Pommel Strike","Bludgeon+1","Pommel Strike","Feed","True Grit+1","Wild Strike","Clothesline","Feel No Pain","Seeing Red","Flex","Twin Strike","Armaments+1","Anger","Wild Strike","Intimidate","Limit Break","Bite","Bite","Bite","Bite","Bite","Whirlwind+1","J.A.X.","Apotheosis","Warcry"],"max_hp_per_floor":[80,80,80,80,80,90,90,90,90,90,90,90,90,90,90,90,90,93,97,97,97,97,97,100,100,100,100,70,73,73,73,73,73],"relics":["Burning Blood","Pear","Toolbox","Pandora\u0027s Box","Shuriken","Bottled Lightning","Potion Belt","Orichalcum"],"card_choices":[{"not_picked":["Power Through","Blood for Blood"],"picked":"Evolve","floor":0},{"not_picked":["Feel No Pain","Sword Boomerang"],"picked":"Wild Strike","floor":1},{"not_picked":["Perfected Strike","Combust"],"picked":"Clash","floor":4},{"not_picked":["Havoc","Sever Soul"],"picked":"Cleave","floor":5},{"not_picked":["Shockwave","Clothesline"],"picked":"Spot Weakness","floor":6},{"not_picked":["Combust","Disarm"],"picked":"Spot Weakness","floor":8},{"not_picked":["Rupture","Warcry"],"picked":"Immolate","floor":11},{"not_picked":["Searing Blow","Sword Boomerang"],"picked":"Pommel Strike","floor":14},{"not_picked":["Berserk","Dark Embrace"],"picked":"Feed","floor":16},{"not_picked":["Reckless Charge+1","Havoc"],"picked":"Anger","floor":18},{"not_picked":["Feel No Pain","Sword Boomerang"],"picked":"Wild Strike","floor":19},{"not_picked":["Feel No Pain","Anger"],"picked":"Intimidate","floor":24},{"not_picked":["Body Slam","Perfected Strike"],"picked":"Limit Break","floor":25},{"not_picked":["Dropkick","Entrench"],"picked":"Whirlwind+1","floor":29}],"player_experience":129745,"potions_floor_usage":[8,11,16,33,33,33],"damage_taken":[{"damage":9,"enemies":"Jaw Worm","floor":1,"turns":4},{"damage":6,"enemies":"Cultist","floor":4,"turns":3},{"damage":5,"enemies":"2 Louse","floor":5,"turns":2},{"damage":41,"enemies":"Lagavulin","floor":6,"turns":6},{"damage":11,"enemies":"Lots of Slimes","floor":8,"turns":2},{"damage":0,"enemies":"3 Louse","floor":11,"turns":3},{"damage":0,"enemies":"Blue Slaver","floor":14,"turns":2},{"damage":53,"enemies":"Hexaghost","floor":16,"turns":7},{"damage":13,"enemies":"3 Byrds","floor":18,"turns":3},{"damage":0,"enemies":"Chosen","floor":19,"turns":5},{"damage":61,"enemies":"Slavers","floor":24,"turns":4},{"damage":29,"enemies":"Slaver and Parasite","floor":25,"turns":4},{"damage":31,"enemies":"Cultist and Chosen","floor":29,"turns":5},{"damage":69,"enemies":"Automaton","floor":33,"turns":6}],"relics_obtained":[{"floor":6,"key":"Pear"},{"floor":9,"key":"Toolbox"},{"floor":22,"key":"Bottled Lightning"},{"floor":24,"key":"Potion Belt"},{"floor":26,"key":"Orichalcum"}],"event_choices":[{"event_name":"Wheel of Change","player_choice":"Card Removal","floor":2,"damage_taken":0},{"event_name":"The Woman in Blue","player_choice":"Bought 1 Potion","floor":3,"damage_taken":0},{"event_name":"Match and Keep!","player_choice":"2 cards matched","floor":12,"damage_taken":0},{"event_name":"Addict","player_choice":"Obtained Relic","floor":20,"damage_taken":0},{"event_name":"Upgrade Shrine","player_choice":"Upgraded","floor":21,"damage_taken":0},{"event_name":"Vampires","player_choice":"Became a vampire","floor":28,"damage_taken":0},{"event_name":"Drug Dealer","player_choice":"Got JAXXED","floor":30,"damage_taken":0}],"boss_relics":[{"not_picked":["Runic Dome","Runic Pyramid"],"picked":"Pandora\u0027s Box"}],"potions_floor_spawned":[1,6,14,18,24,25],"seed_played":"6095578816484495277","killed_by":"Automaton","ascension_level":1,"potions_obtained":[{"floor":1,"key":"Poison Potion"},{"floor":3,"key":"Swift Potion"},{"floor":6,"key":"SpeedPotion"},{"floor":14,"key":"SkillPotion"},{"floor":18,"key":"SpeedPotion"},{"floor":24,"key":"EssenceOfSteel"},{"floor":25,"key":"FearPotion"}],"is_trial":false}