{"gold_per_floor":[118,118,118,293,304,304,304,317,340,358,374,390,403,403],"floor_reached":14,"playtime":644,"items_purged":[],"score":92,"play_id":"71df3c20-ae48-4985-876f-81910bb680be","local_time":"20180722165258","is_ascension_mode":true,"campfire_choices":[{"floor":6,"key":"REST"}],"neow_cost":"NONE","seed_source_timestamp":1837886362308380,"circlet_count":0,"master_deck":["Defend_G","Defend_G","Defend_G","Defend_G","Strike_G","Strike_G","Strike_G","Strike_G","Strike_G","Survivor","Neutralize","Noxious Fumes+1","Doubt","Poisoned Stab","Footwork","Well Laid Plans","Catalyst","Noxious Fumes","Prepared","Deflect"],"relics":["Ring of the Snake","Dream Catcher","Pantograph","Boot"],"potions_floor_usage":[11,12,13],"damage_taken":[{"damage":10,"enemies":"Cultist","floor":1,"turns":4},{"damage":1,"enemies":"2 Louse","floor":5,"turns":3},{"damage":10,"enemies":"Small Slimes","floor":8,"turns":4},{"damage":30,"enemies":"Gremlin Gang","floor":10,"turns":4},{"damage":13,"enemies":"Large Slime","floor":11,"turns":6},{"damage":7,"enemies":"Blue Slaver","floor":12,"turns":4},{"damage":7,"enemies":"3 Louse","floor":13,"turns":4},{"damage":6,"enemies":"2 Fungi Beasts","floor":14,"turns":2}],"seed_played":"-4784505304711387870","potions_obtained":[{"floor":8,"key":"SpeedPotion"},{"floor":11,"key":"Swift Potion"},{"floor":12,"key":"GhostInAJar"}],"is_trial":false,"path_per_floor":["M","?","?","?","M","R","?","M","T","M","M","M","M"],"character_chosen":"THE_SILENT","items_purchased":[],"campfire_rested":1,"item_purchase_floors":[],"current_hp_per_floor":[60,60,48,48,47,68,68,58,58,28,15,8,1,0],"gold":403,"neow_bonus":"RANDOM_COMMON_RELIC","is_prod":false,"is_daily":false,"chose_seed":false,"campfire_upgraded":0,"win_rate":0,"timestamp":1532271178,"path_taken":["M","?","?","?","M","R","?","M","T","?","M","M","M","?"],"build_version":"2018-07-19v2","purchased_purges":0,"victory":false,"max_hp_per_floor":[70,70,70,70,70,70,70,70,70,70,70,70,70,70],"card_choices":[{"not_picked":["Flying Knee","Choke"],"picked":"Noxious Fumes","floor":1},{"not_picked":["Well Laid Plans","Underhanded Strike"],"picked":"Poisoned Stab","floor":5},{"not_picked":["Poisoned Stab","Flying Knee"],"picked":"Footwork","floor":6},{"not_picked":["Sucker Punch","Expertise"],"picked":"Well Laid Plans","floor":8},{"not_picked":["Poisoned Stab","Quick Slash"],"picked":"Catalyst","floor":10},{"not_picked":["Backflip","Distraction"],"picked":"Noxious Fumes","floor":11},{"not_picked":["PiercingWail","Outmaneuver"],"picked":"Prepared","floor":12},{"not_picked":["Tactician","Flying Knee"],"picked":"Deflect","floor":13}],"player_experience":179378,"relics_obtained":[{"floor":9,"key":"Boot"}],"event_choices":[{"event_name":"Purifier","player_choice":"One Purge","floor":2,"damage_taken":0},{"event_name":"Scrap Ooze","player_choice":"success","floor":3,"damage_taken":12},{"event_name":"Liars Game","player_choice":"agreed","floor":4,"damage_taken":0},{"event_name":"Living Wall","player_choice":"Grow","floor":7,"damage_taken":0}],"is_beta":false,"boss_relics":[],"items_purged_floors":[],"is_endless":false,"potions_floor_spawned":[8,11,12],"killed_by":"2 Fungi Beasts","ascension_level":2}