{"gold_per_floor":[111,129,61,72,40,40,50,50,73,96,96,117,42,63,63,63],"floor_reached":16,"playtime":1009,"items_purged":["Strike_G"],"score":96,"play_id":"eb4832b8-d280-4b34-a796-beb6dd918a81","local_time":"20181227102953","is_ascension_mode":false,"campfire_choices":[{"data":"Neutralize","floor":6,"key":"SMITH"},{"floor":11,"key":"REST"},{"floor":15,"key":"REST"}],"neow_cost":"NONE","seed_source_timestamp":225884492620201,"circlet_count":0,"master_deck":["Defend_G","Defend_G","Defend_G","Defend_G","Defend_G","Strike_G","Strike_G","Strike_G","Strike_G","Survivor","Neutralize+1","Dagger Throw","Backflip","Dash","Backflip","Doppelganger","Acrobatics","Endless Agony","Blade Dance","Flying Knee"],"relics":["Ring of the Snake","NeowsBlessing","Golden Idol","Bag of Preparation"],"potions_floor_usage":[],"damage_taken":[{"damage":0,"enemies":"Cultist","floor":1,"turns":1},{"damage":0,"enemies":"Jaw Worm","floor":2,"turns":1},{"damage":0,"enemies":"Small Slimes","floor":4,"turns":1},{"damage":6,"enemies":"Exordium Thugs","floor":5,"turns":5},{"damage":2,"enemies":"3 Louse","floor":7,"turns":5},{"damage":15,"enemies":"Gremlin Gang","floor":10,"turns":7},{"damage":0,"enemies":"Exordium Wildlife","floor":12,"turns":3},{"damage":7,"enemies":"2 Fungi Beasts","floor":14,"turns":3},{"damage":69,"enemies":"Hexaghost","floor":16,"turns":14}],"seed_played":"-4802947317454678033","potions_obtained":[{"floor":2,"key":"PowerPotion"},{"floor":4,"key":"Block Potion"},{"floor":5,"key":"AttackPotion"}],"is_trial":false,"path_per_floor":["M","M","$","M","M","R","M","?","T","M","R","M","$","M","R","B"],"character_chosen":"THE_SILENT","items_purchased":["Dash"],"campfire_rested":2,"item_purchase_floors":[3],"current_hp_per_floor":[70,70,70,70,64,64,62,45,45,30,51,51,51,44,65,0],"gold":63,"neow_bonus":"THREE_ENEMY_KILL","is_prod":false,"is_daily":false,"chose_seed":false,"campfire_upgraded":1,"win_rate":0.0,"timestamp":1545874193,"path_taken":["M","M","$","?","M","R","M","?","T","M","R","M","$","M","R","BOSS"],"build_version":"2018-12-20","purchased_purges":1,"victory":false,"max_hp_per_floor":[70,70,70,70,70,70,70,70,70,70,70,70,70,70,70,70],"card_choices":[{"not_picked":["Slice","Skewer"],"picked":"Dagger Throw","floor":1},{"not_picked":["Blade Dance","Poisoned Stab"],"picked":"Backflip","floor":2},{"not_picked":["Predator","Prepared"],"picked":"Backflip","floor":4},{"not_picked":["Flechettes","Quick Slash"],"picked":"Doppelganger","floor":5},{"not_picked":["Flying Knee","Underhanded Strike"],"picked":"Acrobatics","floor":7},{"not_picked":["Flechettes","Doppelganger"],"picked":"Endless Agony","floor":10},{"not_picked":["Reflex","Deflect"],"picked":"Blade Dance","floor":12},{"not_picked":["Crippling Poison","Masterful Stab"],"picked":"Flying Knee","floor":14}],"player_experience":3843,"relics_obtained":[{"floor":9,"key":"Bag of Preparation"}],"event_choices":[{"damage_healed":0,"gold_gain":0,"player_choice":"Take Damage","damage_taken":17,"relics_obtained":["Golden Idol"],"max_hp_gain":0,"max_hp_loss":0,"event_name":"Golden Idol","floor":8,"gold_loss":0}],"is_beta":false,"boss_relics":[],"items_purged_floors":[13],"is_endless":false,"potions_floor_spawned":[2,4,5],"killed_by":"Hexaghost","ascension_level":0}