{"gold_per_floor":[117,131,12,12,12,24,24,34,34,59,74,74,137,167,167,244,244,260,260,278,293,106,106,106,141,193,205,218,54,54,70,70,148,148,167,187,201,218,232,232,266,73,153,179,179,14,64,77,77,77],"floor_reached":50,"playtime":2798,"items_purged":["Normality","Strike_R","Writhe"],"score":1011,"play_id":"ff7ed435-ceda-4d35-9530-2a9703de1bd4","local_time":"20190829140538","is_ascension_mode":true,"campfire_choices":[{"data":"Bash","floor":7,"key":"SMITH"},{"data":"Rupture","floor":15,"key":"SMITH"},{"data":"Combust","floor":23,"key":"SMITH"},{"data":"Combust","floor":30,"key":"SMITH"},{"floor":32,"key":"REST"},{"floor":40,"key":"REST"},{"floor":49,"key":"REST"}],"neow_cost":"CURSE","seed_source_timestamp":834460065547700,"circlet_count":0,"master_deck":["AscendersBane","Strike_R","Strike_R","Defend_R","Defend_R","Defend_R","Defend_R","Bash+1","Shrug It Off","Anger","Combust+1","Fire Breathing","Carnage","Immolate+1","Warcry","Rupture+1","Metallicize","Reaper+1","Battle Trance","Combust+1","Rupture","Warcry+1","Anger+1","Offering","Offering","Juggernaut","Battle Trance","Combust","Juggernaut","Magnetism","Metallicize+1","Metallicize","Warcry+1"],"relics":["Black Blood","Singing Bowl","Molten Egg 2","Orichalcum","Meat on the Bone","Enchiridion","Strawberry","Regal Pillow","Vajra","Fusion Hammer","Bottled Tornado","Pear","Toxic Egg 2"],"potions_floor_usage":[13,20,25,25,33,33,41,44,50],"damage_taken":[{"damage":10,"enemies":"2 Louse","floor":1,"turns":2},{"damage":5,"enemies":"Cultist","floor":2,"turns":6},{"damage":5,"enemies":"Small Slimes","floor":6,"turns":3},{"damage":17,"enemies":"Looter","floor":8,"turns":3},{"damage":20,"enemies":"Gremlin Nob","floor":10,"turns":4},{"damage":7,"enemies":"3 Louse","floor":11,"turns":2},{"damage":12,"enemies":"3 Sentries","floor":13,"turns":3},{"damage":19,"enemies":"3 Sentries","floor":14,"turns":4},{"damage":32,"enemies":"The Guardian","floor":16,"turns":11},{"damage":20,"enemies":"Chosen","floor":18,"turns":5},{"damage":8,"enemies":"3 Byrds","floor":20,"turns":3},{"damage":42,"enemies":"Snake Plant","floor":21,"turns":4},{"damage":72,"enemies":"Book of Stabbing","floor":25,"turns":6},{"damage":23,"enemies":"Centurion and Healer","floor":27,"turns":5},{"damage":15,"enemies":"Snecko","floor":28,"turns":3},{"damage":31,"enemies":"Snake Plant","floor":31,"turns":4},{"damage":43,"enemies":"Collector","floor":33,"turns":5},{"damage":24,"enemies":"3 Darklings","floor":35,"turns":3},{"damage":17,"enemies":"Orb Walker","floor":36,"turns":3},{"damage":38,"enemies":"Maw","floor":37,"turns":6},{"damage":6,"enemies":"Jaw Worm Horde","floor":38,"turns":2},{"damage":26,"enemies":"3 Darklings","floor":39,"turns":3},{"damage":54,"enemies":"Reptomancer","floor":41,"turns":5},{"damage":81,"enemies":"Nemesis","floor":44,"turns":6},{"damage":39,"enemies":"Sphere and 2 Shapes","floor":48,"turns":4},{"damage":140,"enemies":"Time Eater","floor":50,"turns":7}],"seed_played":"587679255722764610","potions_obtained":[{"floor":8,"key":"BloodPotion"},{"floor":10,"key":"BloodPotion"},{"floor":13,"key":"GamblersBrew"},{"floor":18,"key":"Regen Potion"},{"floor":21,"key":"Regen Potion"},{"floor":25,"key":"SkillPotion"},{"floor":31,"key":"Swift Potion"},{"floor":37,"key":"SpeedPotion"},{"floor":38,"key":"Dexterity Potion"},{"floor":39,"key":"Block Potion"},{"floor":48,"key":"Regen Potion"}],"is_trial":false,"path_per_floor":["M","M","$","?","$","M","R","M","T","E","M","?","?","E","R","B",null,"M","?","M","M","$","R","T","E","T","M","M","$","R","M","R","B",null,"M","M","M","M","M","R","E","$","T","E","?","$","?","M","R","B"],"character_chosen":"IRONCLAD","items_purchased":["Combust","Rupture","Offering","Magnetism","Metallicize"],"campfire_rested":3,"item_purchase_floors":[3,22,29,42,46],"current_hp_per_floor":[78,79,79,79,79,80,80,69,69,55,56,56,72,59,59,45,80,79,58,69,49,49,49,56,48,48,57,64,64,64,55,100,89,99,85,78,64,77,92,108,76,76,86,28,52,52,52,45,95,0],"gold":77,"neow_bonus":"TWENTY_PERCENT_HP_BONUS","is_prod":false,"is_daily":false,"chose_seed":false,"campfire_upgraded":4,"win_rate":0,"timestamp":1567112738,"path_taken":["M","M","$","?","?","M","R","M","T","E","M","?","?","E","R","BOSS","M","?","M","M","$","R","?","E","T","?","M","$","R","M","R","BOSS","M","M","M","M","M","R","E","?","T","E","?","$","?","M","R","BOSS"],"build_version":"2019-07-17","purchased_purges":3,"victory":false,"max_hp_per_floor":[89,89,89,89,89,89,89,89,89,89,91,91,91,91,91,91,91,93,93,93,93,93,93,100,102,102,102,102,102,102,102,102,102,102,102,102,104,106,108,108,108,108,118,118,118,118,118,118,118,118],"card_choices":[{"not_picked":["Havoc","Cleave"],"picked":"Shrug It Off","floor":1},{"not_picked":["Sword Boomerang","Flex"],"picked":"Anger","floor":2},{"not_picked":["Iron Wave","Whirlwind","Sword Boomerang"],"picked":"SKIP","floor":6},{"not_picked":["Inflame","Sever Soul"],"picked":"Carnage","floor":8},{"not_picked":["Sword Boomerang","Clash"],"picked":"Immolate","floor":10},{"not_picked":["Flex","Thunderclap+1","True Grit"],"picked":"Singing Bowl","floor":11},{"not_picked":["Sword Boomerang+1","Iron Wave+1"],"picked":"Rupture","floor":13},{"not_picked":["Heavy Blade+1","Second Wind"],"picked":"Metallicize","floor":14},{"not_picked":["Impervious","Double Tap"],"picked":"Reaper+1","floor":16},{"not_picked":["Body Slam+1","Intimidate","Twin Strike+1"],"picked":"Singing Bowl","floor":18},{"not_picked":["Bloodletting","Blood for Blood+1"],"picked":"Battle Trance","floor":20},{"not_picked":["Heavy Blade+1","Body Slam+1"],"picked":"Combust","floor":21},{"not_picked":["Bloodletting+1","Seeing Red","Hemokinesis+1"],"picked":"Singing Bowl","floor":25},{"not_picked":["Thunderclap+1","Rage"],"picked":"Warcry+1","floor":27},{"not_picked":["Clash+1","Pommel Strike+1"],"picked":"Anger+1","floor":28},{"not_picked":["Hemokinesis+1","Infernal Blade"],"picked":"Offering","floor":31},{"not_picked":["Fiend Fire+1","Immolate+1"],"picked":"Juggernaut","floor":33},{"not_picked":["Twin Strike+1","Clothesline+1"],"picked":"Battle Trance","floor":35},{"not_picked":["Inflame","Evolve+1"],"picked":"Combust","floor":36},{"not_picked":["Cleave+1","Perfected Strike+1","Wild Strike+1"],"picked":"Singing Bowl","floor":37},{"not_picked":["Limit Break","Pommel Strike+1","Shrug It Off"],"picked":"Singing Bowl","floor":38},{"not_picked":["Pommel Strike+1","Wild Strike+1","Sword Boomerang+1"],"picked":"Singing Bowl","floor":39},{"not_picked":["Twin Strike+1","Wild Strike+1"],"picked":"Juggernaut","floor":41},{"not_picked":["Inflame","Evolve"],"picked":"Metallicize+1","floor":44},{"not_picked":["Twin Strike+1","Clothesline+1"],"picked":"Warcry+1","floor":48}],"player_experience":294411,"relics_obtained":[{"floor":9,"key":"Singing Bowl"},{"floor":10,"key":"Molten Egg 2"},{"floor":13,"key":"Orichalcum"},{"floor":14,"key":"Meat on the Bone"},{"floor":19,"key":"Enchiridion"},{"floor":24,"key":"Strawberry"},{"floor":25,"key":"Regal Pillow"},{"floor":26,"key":"Vajra"},{"floor":41,"key":"Bottled Tornado"},{"floor":43,"key":"Pear"},{"floor":44,"key":"Toxic Egg 2"}],"event_choices":[{"damage_healed":0,"gold_gain":0,"cards_transformed":["Strike_R"],"player_choice":"Transformed","damage_taken":0,"max_hp_gain":0,"max_hp_loss":0,"event_name":"Transmorgrifier","floor":4,"gold_loss":0,"cards_obtained":["Fire Breathing"]},{"damage_healed":0,"gold_gain":0,"cards_transformed":["Strike_R"],"player_choice":"Change","damage_taken":0,"max_hp_gain":0,"max_hp_loss":0,"event_name":"Living Wall","floor":12,"gold_loss":0,"cards_obtained":["Warcry"]},{"damage_healed":0,"gold_gain":30,"player_choice":"Searched \u00272\u0027 times","damage_taken":0,"max_hp_gain":0,"max_hp_loss":0,"event_name":"Dead Adventurer","floor":13,"gold_loss":0},{"damage_healed":0,"gold_gain":0,"player_choice":"Obtained Book","damage_taken":21,"max_hp_gain":0,"max_hp_loss":0,"event_name":"Cursed Tome","floor":19,"gold_loss":0},{"damage_healed":24,"gold_gain":0,"player_choice":"Writhe","damage_taken":0,"max_hp_gain":0,"max_hp_loss":0,"event_name":"Winding Halls","floor":45,"gold_loss":0,"cards_obtained":["Writhe"]},{"damage_healed":0,"gold_gain":50,"player_choice":"Pray","damage_taken":0,"max_hp_gain":0,"max_hp_loss":0,"event_name":"Golden Shrine","floor":47,"gold_loss":0}],"is_beta":false,"boss_relics":[{"not_picked":["Astrolabe","Calling Bell"],"picked":"Black Blood"},{"not_picked":["White Beast Statue","Mark of Pain"],"picked":"Fusion Hammer"}],"items_purged_floors":[3,22,46],"is_endless":false,"potions_floor_spawned":[8,10,11,13,16,18,21,25,31,37,38,39,48],"killed_by":"Time Eater","ascension_level":16}