{"gold_per_floor":[111,131,131,21,40,71,71,97,121,150,168,198,215,231,231,231],"floor_reached":16,"playtime":1804,"items_purged":[],"score":173,"play_id":"2439e68c-3d51-4b00-9255-8ce8e232eb46","local_time":"20190622195830","is_ascension_mode":true,"campfire_choices":[{"data":"Hologram","floor":7,"key":"SMITH"},{"floor":15,"key":"REST"}],"neow_cost":"PERCENT_DAMAGE","seed_source_timestamp":63705834925913,"circlet_count":0,"master_deck":["Strike_B","Strike_B","Defend_B","Defend_B","Defend_B","Zap","Dualcast","White Noise","Turbo","Discovery","Compile Driver","Meteor Strike","Hologram+1","Conserve Battery","Compile Driver","Cold Snap","Cold Snap","Stack","Conserve Battery"],"relics":["Cracked Core","Potion Belt","Blood Vial","Oddly Smooth Stone","Boot","Bag of Preparation"],"potions_floor_usage":[8,12,12],"damage_taken":[{"damage":2,"enemies":"Jaw Worm","floor":1,"turns":3},{"damage":0,"enemies":"Cultist","floor":2,"turns":3},{"damage":0,"enemies":"2 Louse","floor":5,"turns":2},{"damage":14,"enemies":"Gremlin Nob","floor":6,"turns":3},{"damage":14,"enemies":"3 Sentries","floor":8,"turns":6},{"damage":0,"enemies":"Lagavulin","floor":10,"turns":4},{"damage":0,"enemies":"Exordium Thugs","floor":11,"turns":3},{"damage":17,"enemies":"Gremlin Nob","floor":12,"turns":4},{"damage":0,"enemies":"3 Louse","floor":13,"turns":2},{"damage":3,"enemies":"Blue Slaver","floor":14,"turns":3},{"damage":41,"enemies":"Hexaghost","floor":16,"turns":12}],"seed_played":"6561231057543803778","potions_obtained":[{"floor":2,"key":"GamblersBrew"},{"floor":6,"key":"Fire Potion"},{"floor":8,"key":"FearPotion"},{"floor":10,"key":"Dexterity Potion"},{"floor":11,"key":"Explosive Potion"}],"is_trial":false,"path_per_floor":["M","M","?","$","M","E","R","E","T","E","M","E","M","M","R","B"],"character_chosen":"DEFECT","items_purchased":["Discovery","Compile Driver"],"campfire_rested":1,"item_purchase_floors":[4,4],"current_hp_per_floor":[52,52,52,52,52,38,38,24,24,26,28,13,15,14,36,0],"gold":231,"neow_bonus":"REMOVE_TWO","is_prod":false,"is_daily":false,"chose_seed":false,"campfire_upgraded":1,"win_rate":0,"timestamp":1561247910,"path_taken":["M","M","?","$","?","E","R","E","T","E","M","E","M","M","R","BOSS"],"build_version":"2019-01-23","purchased_purges":0,"victory":false,"max_hp_per_floor":[75,75,75,75,75,75,75,75,75,75,75,75,75,75,75,75],"card_choices":[{"not_picked":["Barrage","Rebound"],"picked":"White Noise","floor":1},{"not_picked":["Go for the Eyes","Compile Driver"],"picked":"Turbo","floor":2},{"not_picked":["Sunder","Redo"],"picked":"Meteor Strike","floor":5},{"not_picked":["Cold Snap","Doom and Gloom"],"picked":"Hologram","floor":6},{"not_picked":["Ball Lightning","Lockon"],"picked":"Conserve Battery","floor":8},{"not_picked":["Barrage","Leap"],"picked":"Compile Driver","floor":10},{"not_picked":["Go for the Eyes","Static Discharge"],"picked":"Cold Snap","floor":11},{"not_picked":["Coolheaded","Go for the Eyes"],"picked":"Cold Snap","floor":12},{"not_picked":["Melter","Cold Snap"],"picked":"Stack","floor":13},{"not_picked":["Amplify","White Noise"],"picked":"Conserve Battery","floor":14}],"player_experience":90746,"relics_obtained":[{"floor":6,"key":"Potion Belt"},{"floor":8,"key":"Blood Vial"},{"floor":9,"key":"Oddly Smooth Stone"},{"floor":10,"key":"Boot"},{"floor":12,"key":"Bag of Preparation"}],"event_choices":[{"cards_removed":["Strike_B"],"damage_healed":0,"gold_gain":0,"player_choice":"Purged","damage_taken":0,"max_hp_gain":0,"max_hp_loss":0,"event_name":"Purifier","floor":3,"gold_loss":0}],"is_beta":false,"boss_relics":[],"items_purged_floors":[],"is_endless":false,"potions_floor_spawned":[2,6,8,10,11],"killed_by":"Hexaghost","ascension_level":2}