{"gold_per_floor":[115,115,130,149,149,166,183,196,196,213,67,67,67,79,79,178,178,198,198,198,212,162,197,197],"floor_reached":24,"playtime":1744,"items_purged":[],"score":235,"play_id":"f7ed4d57-994f-4a71-a444-e2a909458c39","local_time":"20190825214612","is_ascension_mode":false,"campfire_choices":[{"floor":12,"key":"REST"},{"floor":15,"key":"REST"}],"neow_cost":"NONE","seed_source_timestamp":918890898164400,"circlet_count":0,"master_deck":["Strike_B","Strike_B","Strike_B","Strike_B","Defend_B","Defend_B","Defend_B+1","Defend_B+1","Zap","Dualcast","Cold Snap","Lockon","Auto Shields","Conserve Battery","Streamline","Beam Cell","Defragment+1","Darkness","Melter","Ball Lightning","Machine Learning","Coolheaded","Necronomicurse","Static Discharge","Self Repair+1"],"relics":["FrozenCore","Pantograph","Necronomicon","War Paint"],"potions_floor_usage":[23],"damage_taken":[{"damage":2,"enemies":"2 Louse","floor":1,"turns":4},{"damage":1,"enemies":"Jaw Worm","floor":3,"turns":3},{"damage":0,"enemies":"Small Slimes","floor":4,"turns":3},{"damage":14,"enemies":"Gremlin Gang","floor":6,"turns":5},{"damage":8,"enemies":"Large Slime","floor":7,"turns":6},{"damage":15,"enemies":"Lots of Slimes","floor":8,"turns":4},{"damage":18,"enemies":"Exordium Thugs","floor":10,"turns":5},{"damage":0,"enemies":"Blue Slaver","floor":14,"turns":3},{"damage":20,"enemies":"The Guardian","floor":16,"turns":9},{"damage":14,"enemies":"Chosen","floor":18,"turns":4},{"damage":10,"enemies":"Shell Parasite","floor":21,"turns":7},{"damage":22,"enemies":"Book of Stabbing","floor":23,"turns":6},{"damage":18,"enemies":"Cultist and Chosen","floor":24,"turns":4}],"seed_played":"-3214916558521269882","potions_obtained":[{"floor":1,"key":"SteroidPotion"},{"floor":3,"key":"Fire Potion"},{"floor":7,"key":"Swift Potion"}],"is_trial":false,"path_per_floor":["M","?","M","M","?","M","M","M","T","M","$","R","?","M","R","B",null,"M","?","?","M","?","E","M"],"character_chosen":"DEFECT","items_purchased":["Darkness","Melter"],"campfire_rested":2,"item_purchase_floors":[11,11],"current_hp_per_floor":[80,80,79,79,84,70,62,47,47,29,29,55,55,55,81,67,87,73,56,40,30,30,8,0],"gold":197,"neow_bonus":"TEN_PERCENT_HP_BONUS","is_prod":false,"is_daily":false,"chose_seed":false,"campfire_upgraded":0,"win_rate":0.0,"timestamp":1566794772,"path_taken":["M","?","M","M","?","M","M","M","T","?","$","R","?","M","R","BOSS","M","?","?","M","?","E","?"],"build_version":"2019-07-17","purchased_purges":0,"victory":false,"max_hp_per_floor":[82,82,82,82,87,87,87,87,87,87,87,87,87,87,87,87,87,87,92,92,92,92,92,92],"card_choices":[{"not_picked":["Fusion","Undo"],"picked":"Cold Snap","floor":1},{"not_picked":["Rebound","Auto Shields"],"picked":"Lockon","floor":3},{"not_picked":["Force Field","Rebound"],"picked":"Auto Shields","floor":4},{"not_picked":["Reprogram","Undo"],"picked":"Conserve Battery","floor":6},{"not_picked":["Beam Cell","Conserve Battery"],"picked":"Streamline","floor":7},{"not_picked":["Lockon","Steam"],"picked":"Beam Cell","floor":8},{"not_picked":["BootSequence","Auto Shields"],"picked":"Defragment","floor":10},{"not_picked":["Reboot","Barrage"],"picked":"Ball Lightning","floor":14},{"not_picked":["Seek","Fission"],"picked":"Machine Learning","floor":16},{"not_picked":["Conserve Battery","Reinforced Body"],"picked":"Coolheaded","floor":18},{"not_picked":["Compile Driver","Ball Lightning"],"picked":"Static Discharge","floor":21},{"not_picked":["Storm","Conserve Battery"],"picked":"Self Repair+1","floor":23}],"player_experience":71630,"relics_obtained":[{"floor":9,"key":"Pantograph"},{"floor":20,"key":"Necronomicon"},{"floor":23,"key":"War Paint"}],"event_choices":[{"damage_healed":0,"gold_gain":0,"player_choice":"Ignored","damage_taken":0,"max_hp_gain":0,"max_hp_loss":0,"event_name":"Golden Wing","floor":2,"gold_loss":0},{"damage_healed":0,"gold_gain":0,"player_choice":"Donut","damage_taken":0,"max_hp_gain":5,"max_hp_loss":0,"event_name":"Big Fish","floor":5,"gold_loss":0},{"damage_healed":0,"gold_gain":0,"player_choice":"Grow","damage_taken":0,"max_hp_gain":0,"max_hp_loss":0,"event_name":"Living Wall","floor":13,"gold_loss":0,"cards_upgraded":["Defragment"]},{"damage_healed":0,"gold_gain":0,"player_choice":"Shed Blood","damage_taken":22,"max_hp_gain":5,"max_hp_loss":0,"event_name":"Forgotten Altar","floor":19,"gold_loss":0},{"damage_healed":0,"gold_gain":0,"player_choice":"Obtained Book","damage_taken":16,"max_hp_gain":0,"max_hp_loss":0,"event_name":"Cursed Tome","floor":20,"gold_loss":0},{"damage_healed":0,"gold_gain":0,"player_choice":"Bet on Owner","damage_taken":0,"max_hp_gain":0,"max_hp_loss":0,"event_name":"The Joust","floor":22,"gold_loss":50}],"is_beta":false,"boss_relics":[{"not_picked":["Philosopher\u0027s Stone","Astrolabe"],"picked":"FrozenCore"}],"items_purged_floors":[],"is_endless":false,"potions_floor_spawned":[1,3,7,8,16,18,21],"killed_by":"Cultist and Chosen","ascension_level":0}