{"gold_per_floor":[110,129,146,162,7,17,36,36,36,36,36,46,20,37,37,139,139,154,154,254,237,11,11,24,24,24,24,37,37,37,37],"floor_reached":31,"playtime":2838,"items_purged":[],"score":254,"play_id":"4ef150e6-f55f-4c90-8a7f-523dec84a5dd","local_time":"20190824224819","is_ascension_mode":false,"campfire_choices":[{"data":"Metallicize","floor":11,"key":"SMITH"},{"data":"Power Through","floor":15,"key":"SMITH"},{"data":"Double Tap","floor":23,"key":"SMITH"},{"floor":25,"key":"REST"},{"floor":29,"key":"REST"}],"neow_cost":"NONE","seed_source_timestamp":28427554197478,"circlet_count":0,"master_deck":["Strike_R","Strike_R","Strike_R","Strike_R","Strike_R","Defend_R","Defend_R","Defend_R","Defend_R","Bash+1","Wild Strike","Metallicize+1","Anger","Armaments+1","Power Through+1","Burning Pact","True Grit","Body Slam","Rage","Feed","Corruption","Necronomicurse","Sword Boomerang+1","Double Tap+1","Infernal Blade","Battle Trance+1"],"relics":["Burning Blood","Blood Vial","Calipers","Philosopher\u0027s Stone","Necronomicon","Juzu Bracelet","Singing Bowl"],"potions_floor_usage":[14,16,21,28,30,31],"damage_taken":[{"damage":1,"enemies":"Cultist","floor":1,"turns":4},{"damage":2,"enemies":"Small Slimes","floor":2,"turns":3},{"damage":5,"enemies":"Jaw Worm","floor":3,"turns":4},{"damage":8,"enemies":"Blue Slaver","floor":4,"turns":3},{"damage":15,"enemies":"Looter","floor":6,"turns":3},{"damage":0,"enemies":"Red Slaver","floor":7,"turns":5},{"damage":3,"enemies":"Blue Slaver","floor":12,"turns":3},{"damage":3,"enemies":"Large Slime","floor":14,"turns":7},{"damage":60,"enemies":"Hexaghost","floor":16,"turns":13},{"damage":0,"enemies":"Chosen","floor":18,"turns":4},{"damage":7,"enemies":"2 Thieves","floor":21,"turns":4},{"damage":42,"enemies":"Snake Plant","floor":24,"turns":6},{"damage":47,"enemies":"Centurion and Healer","floor":28,"turns":7},{"damage":53,"enemies":"Colosseum Slavers","floor":30,"turns":5},{"damage":22,"enemies":"Book of Stabbing","floor":31,"turns":3}],"seed_played":"6366733460808105137","potions_obtained":[{"floor":3,"key":"SneckoOil"},{"floor":7,"key":"Strength Potion"},{"floor":12,"key":"FearPotion"},{"floor":16,"key":"Ancient Potion"},{"floor":18,"key":"LiquidBronze"},{"floor":28,"key":"Fire Potion"}],"is_trial":false,"path_per_floor":["M","M","M","M","$","M","M","?","T","?","R","M","$","M","R","B",null,"M","?","?","M","$","R","M","R","T","?","M","R","?","E"],"character_chosen":"IRONCLAD","items_purchased":["Blood Vial","Body Slam","Juzu Bracelet","Double Tap"],"campfire_rested":2,"item_purchase_floors":[5,13,22,22],"current_hp_per_floor":[88,88,88,86,86,79,87,92,92,73,73,78,78,83,83,31,93,93,77,77,78,78,78,44,71,71,71,36,65,20,0],"gold":37,"neow_bonus":"TEN_PERCENT_HP_BONUS","is_prod":false,"is_daily":false,"chose_seed":false,"campfire_upgraded":3,"win_rate":0.0,"timestamp":1566658099,"path_taken":["M","?","M","M","?","M","M","?","T","?","R","M","?","M","R","BOSS","M","?","?","?","$","R","M","R","T","?","M","R","?","E"],"build_version":"2019-07-17","purchased_purges":0,"victory":false,"max_hp_per_floor":[88,88,88,88,88,88,88,93,93,93,93,93,93,93,93,93,93,93,93,93,93,93,93,93,93,93,93,97,97,97,97],"card_choices":[{"not_picked":["Warcry","Sword Boomerang"],"picked":"Wild Strike","floor":1},{"not_picked":["Blood for Blood","Twin Strike"],"picked":"Metallicize","floor":2},{"not_picked":["Spot Weakness","Havoc"],"picked":"Anger","floor":3},{"not_picked":["Sword Boomerang","Exhume"],"picked":"Armaments","floor":4},{"not_picked":["Perfected Strike","Anger"],"picked":"Power Through","floor":6},{"not_picked":["Anger","True Grit"],"picked":"Burning Pact","floor":7},{"not_picked":["Sever Soul","Hemokinesis"],"picked":"True Grit","floor":12},{"not_picked":["Second Wind","Twin Strike"],"picked":"Rage","floor":14},{"not_picked":["Berserk","Double Tap"],"picked":"Feed","floor":16},{"not_picked":["Inflame","Flex"],"picked":"Corruption","floor":18},{"not_picked":["Flex","Clash"],"picked":"Sword Boomerang+1","floor":21},{"not_picked":["Clash","Iron Wave"],"picked":"Infernal Blade","floor":24},{"not_picked":["Clothesline","Body Slam"],"picked":"Battle Trance+1","floor":28}],"player_experience":71065,"relics_obtained":[{"floor":9,"key":"Calipers"},{"floor":19,"key":"Necronomicon"},{"floor":26,"key":"Singing Bowl"}],"event_choices":[{"damage_healed":0,"gold_gain":0,"player_choice":"Donut","damage_taken":0,"max_hp_gain":5,"max_hp_loss":0,"event_name":"Big Fish","floor":8,"gold_loss":0},{"damage_healed":0,"gold_gain":0,"player_choice":"Entered Light","damage_taken":19,"max_hp_gain":0,"max_hp_loss":0,"event_name":"Shining Light","floor":10,"gold_loss":0,"cards_upgraded":["Armaments","Bash"]},{"damage_healed":0,"gold_gain":0,"player_choice":"Obtained Book","damage_taken":16,"max_hp_gain":0,"max_hp_loss":0,"event_name":"Cursed Tome","floor":19,"gold_loss":0},{"damage_healed":0,"gold_gain":100,"player_choice":"Pray","damage_taken":0,"max_hp_gain":0,"max_hp_loss":0,"event_name":"Golden Shrine","floor":20,"gold_loss":0},{"damage_healed":0,"gold_gain":0,"player_choice":"Ignored","damage_taken":0,"max_hp_gain":0,"max_hp_loss":0,"event_name":"Ghosts","floor":27,"gold_loss":0},{"damage_healed":0,"gold_gain":0,"player_choice":"Fight","damage_taken":0,"max_hp_gain":0,"max_hp_loss":0,"event_name":"Colosseum","floor":30,"gold_loss":0},{"damage_healed":0,"gold_gain":0,"player_choice":"Fled From Nobs","damage_taken":0,"max_hp_gain":0,"max_hp_loss":0,"event_name":"Colosseum","floor":30,"gold_loss":0}],"is_beta":false,"boss_relics":[{"not_picked":["Cursed Key","Ectoplasm"],"picked":"Philosopher\u0027s Stone"}],"items_purged_floors":[],"is_endless":false,"potions_floor_spawned":[3,7,12,16,18,28],"killed_by":"Book of Stabbing","ascension_level":0}