{"path_per_floor":["M","M","?","?","M","E","M","M","T","E","R","E","M","M","R","B",null,"M","M","M","M","$","E","?","R","T","?","M","M","M","M","R"],"character_chosen":"IRONCLAD","items_purchased":["Double Tap","Dual Wield","Mind Blast"],"gold_per_floor":[117,133,133,208,222,251,261,275,349,374,374,407,418,438,438,533,533,546,560,573,591,289,323,268,268,346,346,365,383,403,416,416],"floor_reached":33,"campfire_rested":1,"playtime":2639,"current_hp_per_floor":[80,80,77,66,68,60,52,53,53,47,47,40,44,49,49,43,80,80,79,72,56,56,44,44,44,44,20,23,29,32,25,64],"items_purged":[],"gold":416,"play_id":"1863d7c5-41eb-48f7-955f-bf7b4694fc3d","is_prod":false,"is_daily":false,"is_ascension_mode":false,"campfire_upgraded":3,"path_taken":["M","M","?","?","M","E","M","M","T","E","R","E","M","M","R","BOSS","M","?","M","M","$","E","?","R","T","?","M","?","M","M","R","BOSS"],"build_version":"2018-01-25-PROD3","purchased_purges":1,"victory":false,"master_deck":["Strike_R","Strike_R","Strike_R","Strike_R","Defend_R","Defend_R","Defend_R","Defend_R","Bash+1","Anger","Shrug It Off","Dropkick","Clash","Seeing Red","Shockwave","Clash","Cleave","Whirlwind+1","Clash","Cleave","Double Tap","Infernal Blade+1","Inflame","Thunderclap+1","Twin Strike+1","Double Tap","Dual Wield","Mind Blast","Clash","Bandage Up","Trip","Metallicize+1","Limit Break","Dual Wield","Sword Boomerang+1"],"max_hp_per_floor":[80,80,80,80,80,80,80,80,80,80,80,80,80,80,80,80,80,80,80,80,80,80,80,80,80,80,80,80,80,80,80,80],"relics":["Burning Blood","Vajra","Toolbox","Shuriken","Kunai","Torii","Mark of Pain","Regal Pillow","Tiny Chest","Gremlin Horn"],"card_choices":[{"not_picked":["Flex","Seeing Red"],"picked":"Shrug It Off"},{"not_picked":["Infernal Blade","Rage"],"picked":"Dropkick"},{"not_picked":["Warcry","Disarm"],"picked":"Clash"},{"not_picked":["Combust","Brutality"],"picked":"Seeing Red"},{"not_picked":["Heavy Blade","Headbutt"],"picked":"Shockwave"},{"not_picked":["Twin Strike","Rage"],"picked":"Clash"},{"not_picked":["Flame Barrier","Brutality"],"picked":"Cleave"},{"not_picked":["Juggernaut","Sword Boomerang"],"picked":"Whirlwind"},{"not_picked":["Thunderclap","Rupture"],"picked":"Clash"},{"not_picked":["Second Wind","True Grit"],"picked":"Cleave"},{"not_picked":["Berserk","Barricade"],"picked":"Double Tap"},{"not_picked":["Power Through","Flex"],"picked":"Infernal Blade"},{"not_picked":["Second Wind","Heavy Blade"],"picked":"Inflame"},{"not_picked":["Warcry","Rupture"],"picked":"Thunderclap"},{"not_picked":["Feel No Pain","Bloodletting"],"picked":"Twin Strike"},{"not_picked":["Battle Trance","Clothesline"],"picked":"Clash"},{"not_picked":["Pommel Strike","Thunderclap"],"picked":"Metallicize"},{"not_picked":["Corruption","Pummel"],"picked":"Limit Break"},{"not_picked":["Combust","Clothesline"],"picked":"Dual Wield"},{"not_picked":["Corruption","Thunderclap"],"picked":"Sword Boomerang"}],"player_experience":26216,"potions_floor_usage":[16,16,19,20,28,28,31,31,31],"damage_taken":[{"damage":0,"enemies":"Small Slimes","floor":1,"turns":3},{"damage":0,"enemies":"Cultist","floor":2,"turns":3},{"damage":4,"enemies":"Blue Slaver","floor":5,"turns":4},{"damage":14,"enemies":"Lagavulin","floor":6,"turns":6},{"damage":14,"enemies":"3 Louse","floor":7,"turns":3},{"damage":5,"enemies":"Large Slime","floor":8,"turns":4},{"damage":12,"enemies":"Gremlin Nob","floor":10,"turns":4},{"damage":13,"enemies":"Lagavulin","floor":12,"turns":3},{"damage":2,"enemies":"Exordium Thugs","floor":13,"turns":3},{"damage":1,"enemies":"Looter","floor":14,"turns":2},{"damage":24,"enemies":"The Guardian","floor":16,"turns":6},{"damage":0,"enemies":"Spheric Guardian","floor":18,"turns":2},{"damage":7,"enemies":"2 Thieves","floor":19,"turns":2},{"damage":13,"enemies":"Chosen and Byrds","floor":20,"turns":5},{"damage":22,"enemies":"Snake Plant","floor":21,"turns":3},{"damage":18,"enemies":"Gremlin Leader","floor":23,"turns":3},{"damage":23,"enemies":"Snecko","floor":28,"turns":5},{"damage":0,"enemies":"3 Cultists","floor":29,"turns":1},{"damage":7,"enemies":"Centurion and Healer","floor":30,"turns":3},{"damage":30,"enemies":"Snecko","floor":31,"turns":4},{"damage":85,"enemies":"Automaton","floor":33,"turns":6}],"event_choices":[{"event_name":"Scrap Ooze","player_choice":"success","floor":3,"damage_taken":3},{"event_name":"World of Goop","player_choice":"Gather Gold","floor":4,"damage_taken":0},{"event_name":"Addict","player_choice":"Obtained Relic","floor":24,"damage_taken":0},{"event_name":"Knowing Skull","player_choice":"CARD CARD ","floor":27,"damage_taken":0}],"boss_relics":[{"not_picked":["Runic Cube","Philosopher\u0027s Stone"],"picked":"Mark of Pain"}],"potions_floor_spawned":[2,7,12,13,16,18,19,21,29,30],"seed_played":"-4250370811024206969","killed_by":"Automaton","ascension_level":0,"is_trial":false}