{"gold_per_floor":[119,119,138,151,151,151,165,165,241,241,253,287,305,315,315,417,417,428,428,156,168,178,178],"floor_reached":23,"playtime":970,"items_purged":["Strike_B"],"score":195,"play_id":"4a6fa373-d2d5-4249-8d90-f66a4f169340","local_time":"20190815080015","is_ascension_mode":false,"campfire_choices":[{"data":"Defragment","floor":6,"key":"SMITH"},{"data":"Loop","floor":8,"key":"SMITH"},{"data":"Zap","floor":10,"key":"SMITH"},{"data":"Multi-Cast","floor":15,"key":"SMITH"}],"neow_cost":"NONE","seed_source_timestamp":1999194231259514,"circlet_count":0,"master_deck":["Strike_B","Strike_B","Defend_B","Defend_B","Defend_B","Zap+1","Dualcast","Defragment+1","Loop+1","Lockon","Multi-Cast+1","Seek","Loop","Capacitor+1"],"relics":["Cracked Core","Cables","Oddly Smooth Stone","Nuclear Battery","Medical Kit"],"potions_floor_usage":[12,16,23],"damage_taken":[{"damage":0,"enemies":"Small Slimes","floor":1,"turns":3},{"damage":0,"enemies":"2 Louse","floor":3,"turns":1},{"damage":6,"enemies":"Cultist","floor":4,"turns":3},{"damage":10,"enemies":"Looter","floor":7,"turns":2},{"damage":0,"enemies":"Exordium Wildlife","floor":11,"turns":2},{"damage":11,"enemies":"Lagavulin","floor":12,"turns":5},{"damage":7,"enemies":"Red Slaver","floor":13,"turns":2},{"damage":4,"enemies":"Looter","floor":14,"turns":3},{"damage":18,"enemies":"Hexaghost","floor":16,"turns":6},{"damage":12,"enemies":"Shell Parasite","floor":18,"turns":3},{"damage":22,"enemies":"2 Thieves","floor":21,"turns":3},{"damage":28,"enemies":"Centurion and Healer","floor":22,"turns":4},{"damage":13,"enemies":"Cultist and Chosen","floor":23,"turns":4}],"seed_played":"-5584256837904716538","potions_obtained":[{"floor":3,"key":"PowerPotion"},{"floor":4,"key":"Weak Potion"},{"floor":13,"key":"Ancient Potion"}],"is_trial":false,"path_per_floor":["M","?","M","M","$","R","M","R","T","R","M","E","M","M","R","B",null,"M","?","$","M","M","M"],"character_chosen":"DEFECT","items_purchased":["Medical Kit"],"campfire_rested":0,"item_purchase_floors":[20],"current_hp_per_floor":[75,75,75,69,69,69,59,59,59,59,59,48,41,37,37,19,75,63,63,63,41,13,0],"gold":178,"neow_bonus":"REMOVE_CARD","is_prod":false,"is_daily":false,"chose_seed":false,"campfire_upgraded":4,"win_rate":0,"timestamp":1565823615,"path_taken":["M","?","M","M","$","R","M","R","T","R","M","E","M","M","R","BOSS","M","?","$","M","M","?"],"build_version":"2019-07-05","purchased_purges":1,"victory":false,"max_hp_per_floor":[75,75,75,75,75,75,75,75,75,75,75,75,75,75,75,75,75,75,75,75,75,75,75],"card_choices":[{"not_picked":["Coolheaded","Sunder","Ball Lightning"],"picked":"SKIP","floor":1},{"not_picked":["Blizzard","Ball Lightning"],"picked":"Defragment","floor":3},{"not_picked":["Cold Snap","Coolheaded"],"picked":"Loop","floor":4},{"not_picked":["Sweeping Beam","Streamline","Skim"],"picked":"SKIP","floor":7},{"not_picked":["Coolheaded","Steam","Streamline"],"picked":"SKIP","floor":11},{"not_picked":["Sweeping Beam","Stack"],"picked":"Lockon","floor":12},{"not_picked":["White Noise","Coolheaded"],"picked":"Multi-Cast","floor":13},{"not_picked":["Steam","Ball Lightning","Gash"],"picked":"SKIP","floor":14},{"not_picked":["Amplify","Meteor Strike"],"picked":"Seek","floor":16},{"not_picked":["Heatsinks","Ball Lightning","Auto Shields"],"picked":"SKIP","floor":18},{"not_picked":["Stack+1","Rebound+1"],"picked":"Loop","floor":21},{"not_picked":["Doom and Gloom","Gash"],"picked":"Capacitor+1","floor":22}],"player_experience":499790,"relics_obtained":[{"floor":9,"key":"Cables"},{"floor":12,"key":"Oddly Smooth Stone"}],"event_choices":[{"damage_healed":0,"gold_gain":0,"player_choice":"Ignored","damage_taken":0,"max_hp_gain":0,"max_hp_loss":0,"event_name":"Liars Game","floor":2,"gold_loss":0},{"cards_removed":["Strike_B"],"damage_healed":0,"gold_gain":0,"player_choice":"Purged","damage_taken":0,"max_hp_gain":0,"max_hp_loss":0,"event_name":"Purifier","floor":19,"gold_loss":0}],"is_beta":false,"boss_relics":[{"not_picked":["FrozenCore","Snecko Eye"],"picked":"Nuclear Battery"}],"items_purged_floors":[20],"is_endless":false,"potions_floor_spawned":[3,4,13],"killed_by":"Cultist and Chosen","ascension_level":0}