{"gold_per_floor":[109,122,39,39,56,56,81,81,159,170,222,256,256,271,271,345,345,356,271,287,287,287],"floor_reached":22,"playtime":1010,"items_purged":[],"score":488,"play_id":"b0245b21-9264-4337-8d1a-0075cb6652fa","local_time":"20190820200345","is_ascension_mode":true,"campfire_choices":[{"data":"Chaos","floor":6,"key":"SMITH"},{"floor":8,"key":"REST"},{"data":"Loop","floor":13,"key":"SMITH"},{"data":"Streamline","floor":15,"key":"SMITH"}],"neow_cost":"NONE","seed_source_timestamp":3151367011300,"circlet_count":0,"master_deck":["AscendersBane","Strike_B","Strike_B","Strike_B","Defend_B","Defend_B","Defend_B","Defend_B","Zap","Dualcast","Lockon","Ball Lightning","Chaos+1","Doom and Gloom","Leap","Streamline+1","Loop+1","Sweeping Beam","Amplify","Consume"],"relics":["Busted Crown","Ancient Tea Set","Mummified Hand","Vajra","Ornamental Fan","Inserter","Lantern"],"potions_floor_usage":[7,12,22],"damage_taken":[{"damage":1,"enemies":"Small Slimes","floor":1,"turns":4},{"damage":0,"enemies":"Cultist","floor":2,"turns":3},{"damage":14,"enemies":"2 Louse","floor":5,"turns":3},{"damage":25,"enemies":"3 Sentries","floor":7,"turns":5},{"damage":4,"enemies":"Large Slime","floor":10,"turns":2},{"damage":10,"enemies":"Gremlin Nob","floor":12,"turns":3},{"damage":13,"enemies":"Exordium Thugs","floor":14,"turns":3},{"damage":0,"enemies":"Slime Boss","floor":16,"turns":6},{"damage":7,"enemies":"Spheric Guardian","floor":18,"turns":3},{"damage":40,"enemies":"3 Byrds","floor":20,"turns":4},{"damage":40,"enemies":"3 Cultists","floor":22,"turns":4}],"seed_played":"8409118270559531459","potions_obtained":[{"floor":1,"key":"EssenceOfSteel"},{"floor":2,"key":"Regen Potion"},{"floor":7,"key":"PowerPotion"},{"floor":20,"key":"Ancient Potion"}],"is_trial":false,"path_per_floor":["M","M","$","?","M","R","E","R","T","M","T","E","R","M","R","B",null,"M","?","M","?","M"],"character_chosen":"DEFECT","items_purchased":["Chaos"],"campfire_rested":1,"item_purchase_floors":[3],"current_hp_per_floor":[63,63,63,63,49,49,38,59,59,55,55,45,45,32,32,32,61,54,54,14,28,0],"gold":287,"neow_bonus":"BOSS_RELIC","is_prod":false,"is_daily":false,"chose_seed":false,"campfire_upgraded":3,"win_rate":0,"timestamp":1566345825,"path_taken":["M","M","$","?","?","R","E","R","T","M","?","E","R","M","R","BOSS","M","?","M","?","?"],"build_version":"2019-07-17","purchased_purges":0,"victory":false,"max_hp_per_floor":[71,71,71,71,71,71,71,71,71,71,71,71,71,71,71,71,71,71,71,71,71,71],"card_choices":[{"not_picked":[],"picked":"Lockon","floor":1},{"not_picked":[],"picked":"Ball Lightning","floor":2},{"not_picked":[],"picked":"Doom and Gloom","floor":5},{"not_picked":[],"picked":"Leap","floor":7},{"not_picked":[],"picked":"Streamline","floor":10},{"not_picked":[],"picked":"Loop","floor":12},{"not_picked":[],"picked":"Sweeping Beam","floor":14},{"not_picked":[],"picked":"Amplify","floor":16},{"not_picked":["Gash"],"picked":"SKIP","floor":18},{"not_picked":[],"picked":"Consume","floor":20}],"player_experience":423777,"relics_obtained":[{"floor":7,"key":"Ancient Tea Set"},{"floor":9,"key":"Mummified Hand"},{"floor":11,"key":"Vajra"},{"floor":12,"key":"Ornamental Fan"}],"event_choices":[{"cards_removed":["Strike_B"],"damage_healed":0,"gold_gain":0,"player_choice":"Offered Basic","damage_taken":0,"max_hp_gain":0,"max_hp_loss":0,"event_name":"Bonfire Elementals","floor":4,"gold_loss":0},{"damage_healed":0,"gold_gain":0,"player_choice":"Obtained Relic","damage_taken":0,"relics_obtained":["Lantern"],"max_hp_gain":0,"max_hp_loss":0,"event_name":"Addict","floor":19,"gold_loss":85},{"damage_healed":14,"gold_gain":0,"player_choice":"Heal","damage_taken":0,"max_hp_gain":0,"max_hp_loss":0,"event_name":"The Library","floor":21,"gold_loss":0}],"is_beta":false,"boss_relics":[{"not_picked":["Tiny House","Ectoplasm"],"picked":"Inserter"}],"items_purged_floors":[],"is_endless":false,"potions_floor_spawned":[1,2,7,10,20],"killed_by":"3 Cultists","ascension_level":20}