{"gold_per_floor":[116,132,150,150,21,21,39,51,51,64,74,74,84,100,100,197,197,216,216,230,17,17,17,36,36,110,123,141,159,159,159],"floor_reached":31,"playtime":2703,"items_purged":["Pain"],"score":235,"play_id":"db3cb8eb-4566-4ab8-b214-492961d01d51","local_time":"20190822215546","is_ascension_mode":false,"campfire_choices":[{"data":"Armaments","floor":6.0,"key":"SMITH"},{"data":"Inflame","floor":12.0,"key":"SMITH"},{"data":"Whirlwind","floor":15.0,"key":"SMITH"},{"data":"RitualDagger","floor":23,"key":"SMITH"},{"floor":25,"key":"REST"}],"neow_cost":"NONE","seed_source_timestamp":0,"circlet_count":0,"master_deck":["Strike_R","Strike_R","Strike_R","Strike_R","Strike_R","Defend_R","Defend_R","Defend_R","Bash","Reckless Charge","Rage","Fire Breathing","Armaments+1","Flex","Intimidate","Inflame+1","Wild Strike","Anger","Whirlwind+1","Blood for Blood","Reaper","Searing Blow","Headbutt","Intimidate","RitualDagger+1","Evolve","Headbutt","Armaments+1","Metallicize"],"special_seed":0,"relics":["Burning Blood","WarpedTongs","Strawberry","Eternal Feather","Membership Card","Question Card"],"potions_floor_usage":[20,24,29],"damage_taken":[{"damage":0.0,"enemies":"Small Slimes","floor":1.0,"turns":3.0},{"damage":9.0,"enemies":"Cultist","floor":2.0,"turns":4.0},{"damage":11.0,"enemies":"Jaw Worm","floor":3.0,"turns":3.0},{"damage":4.0,"enemies":"2 Fungi Beasts","floor":7.0,"turns":3.0},{"damage":3.0,"enemies":"Looter","floor":8.0,"turns":3.0},{"damage":3.0,"enemies":"3 Louse","floor":10.0,"turns":4.0},{"damage":5.0,"enemies":"Exordium Thugs","floor":11.0,"turns":4.0},{"damage":12.0,"enemies":"Exordium Wildlife","floor":13.0,"turns":2.0},{"damage":9.0,"enemies":"Large Slime","floor":14.0,"turns":3.0},{"damage":39.0,"enemies":"Slime Boss","floor":16.0,"turns":10.0},{"damage":22,"enemies":"Spheric Guardian","floor":18,"turns":5},{"damage":25,"enemies":"Shell Parasite","floor":20,"turns":5},{"damage":33,"enemies":"3 Cultists","floor":24,"turns":5},{"damage":20,"enemies":"Centurion and Healer","floor":27,"turns":5},{"damage":37,"enemies":"Snecko","floor":28,"turns":5},{"damage":36,"enemies":"Sentry and Sphere","floor":29,"turns":4},{"damage":20,"enemies":"Centurion and Healer","floor":31,"turns":1}],"seed_played":"3537066089174539965","potions_obtained":[{"floor":1.0,"key":"Strength Potion"},{"floor":2.0,"key":"SteroidPotion"},{"floor":7.0,"key":"Dexterity Potion"},{"floor":8.0,"key":"EssenceOfSteel"},{"floor":16.0,"key":"Poison Potion"},{"floor":20,"key":"Weak Potion"},{"floor":28,"key":"SteroidPotion"},{"floor":29,"key":"FairyPotion"}],"is_trial":false,"path_per_floor":["M","M","M","?","$","R","M","M","T","M","M","R","M","M","R","B",null,"M","?","M","$","?","R","M","R","T","M","M","M","?","M"],"character_chosen":"IRONCLAD","items_purchased":["Flex","Membership Card","Intimidate"],"campfire_rested":1,"item_purchase_floors":[5,21,21],"current_hp_per_floor":[80,77,72,72,72,72,74,77,84,87,87,87,81,78,78,45,87,71,71,52,52,46,61,34,75,75,69,42,12,12,0],"gold":159,"neow_bonus":"TRANSFORM_CARD","is_prod":false,"is_daily":false,"chose_seed":false,"campfire_upgraded":4,"win_rate":0.0,"timestamp":1566482146,"path_taken":["M","M","M","?","$","R","M","M","T","M","M","R","M","M","R","BOSS","M","?","M","$","?","R","?","R","T","M","M","M","?","M"],"build_version":"2019-07-17","purchased_purges":1,"victory":false,"max_hp_per_floor":[80,80,80,80,80,80,80,80,87,87,87,87,87,87,87,87,87,87,87,87,87,87,87,87,87,87,87,87,87,87,87],"card_choices":[{"not_picked":["Perfected Strike","Body Slam"],"picked":"Rage","floor":1.0},{"not_picked":["Ghostly Armor","Headbutt"],"picked":"Fire Breathing","floor":2.0},{"not_picked":["Perfected Strike","Uppercut"],"picked":"Armaments","floor":3.0},{"not_picked":["Uppercut","Sword Boomerang"],"picked":"Intimidate","floor":7.0},{"not_picked":["Shrug It Off","Perfected Strike"],"picked":"Inflame","floor":8.0},{"not_picked":["Perfected Strike","Clash"],"picked":"Wild Strike","floor":10.0},{"not_picked":["Twin Strike","Armaments"],"picked":"Anger","floor":11.0},{"not_picked":["True Grit","Iron Wave"],"picked":"Whirlwind","floor":13.0},{"not_picked":["Offering","Shockwave"],"picked":"Blood for Blood","floor":14.0},{"not_picked":["Brutality","Barricade"],"picked":"Reaper","floor":16.0},{"not_picked":["Sword Boomerang","Heavy Blade+1"],"picked":"Searing Blow","floor":18},{"not_picked":["Second Wind","True Grit"],"picked":"Headbutt","floor":20},{"not_picked":["Battle Trance","Flame Barrier"],"picked":"Evolve","floor":24},{"not_picked":["Iron Wave","Clothesline","Flex"],"picked":"Headbutt","floor":27},{"not_picked":["Evolve+1","Clash","Anger"],"picked":"Armaments+1","floor":28},{"not_picked":["Clothesline","True Grit","Pommel Strike"],"picked":"Metallicize","floor":29}],"player_experience":49605,"relics_obtained":[{"floor":9.0,"key":"Strawberry"},{"floor":26,"key":"Question Card"}],"event_choices":[{"damage_healed":0.0,"max_hp_gain":0.0,"max_hp_loss":0.0,"gold_gain":0.0,"event_name":"Accursed Blacksmith","player_choice":"Rummage","floor":4.0,"gold_loss":0.0,"damage_taken":0.0,"relics_obtained":["WarpedTongs"],"cards_obtained":["Pain"]},{"damage_healed":0,"gold_gain":0,"player_choice":"Ignored","damage_taken":0,"max_hp_gain":0,"max_hp_loss":0,"event_name":"Vampires","floor":19,"gold_loss":0},{"damage_healed":0,"gold_gain":0,"player_choice":"Joined the Cult","damage_taken":6,"max_hp_gain":0,"max_hp_loss":0,"event_name":"Nest","floor":22,"gold_loss":0,"cards_obtained":["RitualDagger"]},{"damage_healed":0,"gold_gain":0,"player_choice":"Ignored","damage_taken":0,"max_hp_gain":0,"max_hp_loss":0,"event_name":"Ghosts","floor":30,"gold_loss":0}],"is_beta":false,"boss_relics":[{"not_picked":["Astrolabe","Philosopher\u0027s Stone"],"picked":"Eternal Feather"}],"items_purged_floors":[5],"is_endless":false,"potions_floor_spawned":[1,2,7,8,16,20,28,29],"killed_by":"Centurion and Healer","ascension_level":0}