{"gold_per_floor":[10,285,50,63,74,74,105,105,105,132,132,157,174,209,209,280,280,293,293,23,23,23,78,78,104,104,139,217,217,217,246,246,246],"floor_reached":33,"playtime":2516,"items_purged":["Regret"],"score":745,"play_id":"ab196bce-3327-4409-8192-0a29f2308600","local_time":"20190819205244","is_ascension_mode":true,"campfire_choices":[{"data":"Beam Cell","floor":6,"key":"SMITH"},{"floor":8,"key":"REST"},{"data":"Seek","floor":15,"key":"SMITH"},{"floor":24,"key":"REST"},{"floor":30,"key":"REST"},{"floor":32,"key":"REST"}],"neow_cost":"NO_GOLD","seed_source_timestamp":85633298255300,"circlet_count":0,"master_deck":["AscendersBane","Defend_B","Defend_B","Defend_B","Zap","Dualcast","Beam Cell+1","Seek+1","FTL","Gash","Ball Lightning","Glacier","Go for the Eyes","BootSequence","Gash","Reboot","Hologram","Bite","Bite","Bite","Bite","Bite","Tempest","Stack","Fission+1","Reprogram+1"],"relics":["Cracked Core","Bag of Preparation","Mercury Hourglass","Smiling Mask","Boot","Regal Pillow","Black Star","Enchiridion","Cables","Incense Burner","Tiny Chest","Bag of Marbles","Anchor","Toxic Egg 2","Unceasing Top","Orichalcum","Bird Faced Urn","Lantern"],"potions_floor_usage":[7,7,14,18,27,31,33],"damage_taken":[{"damage":2,"enemies":"2 Louse","floor":1,"turns":3},{"damage":0,"enemies":"Cultist","floor":4,"turns":2},{"damage":0,"enemies":"Jaw Worm","floor":5,"turns":1},{"damage":15,"enemies":"3 Sentries","floor":7,"turns":4},{"damage":11,"enemies":"Lagavulin","floor":12,"turns":4},{"damage":0,"enemies":"Exordium Thugs","floor":13,"turns":2},{"damage":0,"enemies":"Gremlin Nob","floor":14,"turns":2},{"damage":32,"enemies":"Slime Boss","floor":16,"turns":9},{"damage":6,"enemies":"Chosen","floor":18,"turns":4},{"damage":39,"enemies":"Slavers","floor":23,"turns":5},{"damage":36,"enemies":"Book of Stabbing","floor":25,"turns":5},{"damage":8,"enemies":"Slavers","floor":27,"turns":4},{"damage":40,"enemies":"Gremlin Leader","floor":31,"turns":6},{"damage":82,"enemies":"Champ","floor":33,"turns":11}],"seed_played":"-1967077649287184003","potions_obtained":[{"floor":4,"key":"EntropicBrew"},{"floor":13,"key":"AttackPotion"},{"floor":23,"key":"Strength Potion"},{"floor":27,"key":"Strength Potion"},{"floor":31,"key":"Swift Potion"}],"is_trial":false,"path_per_floor":["M","?","$","M","M","R","E","R","T","T","?","E","M","E","R","B",null,"M","?","$","?","?","E","R","E","T","E","T","?","R","E","R","B"],"character_chosen":"DEFECT","items_purchased":["Seek","FTL","Cables"],"campfire_rested":4,"item_purchase_floors":[3,3,20],"current_hp_per_floor":[62,62,62,62,62,62,47,68,68,68,68,57,57,57,57,25,60,54,33,33,47,47,12,41,15,15,15,15,15,44,19,48,0],"gold":246,"neow_bonus":"REMOVE_TWO","is_prod":false,"is_daily":false,"chose_seed":false,"campfire_upgraded":2,"win_rate":0,"timestamp":1566262364,"path_taken":["M","?","$","M","?","R","E","R","T","?","?","E","M","E","R","BOSS","M","?","$","?","?","E","R","E","T","E","?","?","R","E","R","BOSS"],"build_version":"2019-07-17","purchased_purges":1,"victory":false,"max_hp_per_floor":[71,71,71,71,71,71,71,71,71,71,71,71,71,71,71,71,71,71,71,71,71,49,49,49,49,49,49,49,49,49,49,49,49],"card_choices":[{"not_picked":["Rebound","Stack"],"picked":"Beam Cell","floor":1},{"not_picked":["Conserve Battery","Coolheaded"],"picked":"Gash","floor":4},{"not_picked":["Melter","Stack"],"picked":"Ball Lightning","floor":5},{"not_picked":["Multi-Cast","Reprogram"],"picked":"Glacier","floor":7},{"not_picked":["Leap","Meteor Strike"],"picked":"Go for the Eyes","floor":12},{"not_picked":["Self Repair","Sweeping Beam"],"picked":"BootSequence","floor":13},{"not_picked":["Heatsinks","Darkness"],"picked":"Gash","floor":14},{"not_picked":["Electrodynamics","Hyperbeam"],"picked":"Reboot","floor":16},{"not_picked":["Hello World","White Noise"],"picked":"Hologram","floor":18},{"not_picked":["Capacitor","Redo"],"picked":"Tempest","floor":23},{"not_picked":["White Noise","Conserve Battery"],"picked":"Stack","floor":25},{"not_picked":["Conserve Battery+1","Stack+1"],"picked":"Fission+1","floor":27},{"not_picked":["Darkness+1","Static Discharge"],"picked":"Reprogram+1","floor":31}],"player_experience":418293,"relics_obtained":[{"floor":7,"key":"Bag of Preparation"},{"floor":9,"key":"Mercury Hourglass"},{"floor":10,"key":"Smiling Mask"},{"floor":12,"key":"Boot"},{"floor":14,"key":"Regal Pillow"},{"floor":19,"key":"Enchiridion"},{"floor":23,"key":"Incense Burner"},{"floor":23,"key":"Tiny Chest"},{"floor":25,"key":"Bag of Marbles"},{"floor":25,"key":"Anchor"},{"floor":26,"key":"Toxic Egg 2"},{"floor":27,"key":"Unceasing Top"},{"floor":27,"key":"Orichalcum"},{"floor":31,"key":"Bird Faced Urn"},{"floor":31,"key":"Lantern"}],"event_choices":[{"damage_healed":0,"gold_gain":275,"player_choice":"Desecrate","damage_taken":0,"max_hp_gain":0,"max_hp_loss":0,"event_name":"Golden Shrine","floor":2,"gold_loss":0,"cards_obtained":["Regret"]},{"damage_healed":0,"gold_gain":0,"player_choice":"Ignored","damage_taken":0,"max_hp_gain":0,"max_hp_loss":0,"event_name":"Liars Game","floor":11,"gold_loss":0},{"damage_healed":0,"gold_gain":0,"player_choice":"Obtained Book","damage_taken":21,"max_hp_gain":0,"max_hp_loss":0,"event_name":"Cursed Tome","floor":19,"gold_loss":0},{"damage_healed":14,"gold_gain":0,"player_choice":"Heal","damage_taken":0,"max_hp_gain":0,"max_hp_loss":0,"event_name":"The Library","floor":21,"gold_loss":0},{"damage_healed":0,"gold_gain":0,"player_choice":"Became a vampire","damage_taken":0,"max_hp_gain":0,"max_hp_loss":22,"event_name":"Vampires","floor":22,"gold_loss":0,"cards_obtained":["Bite","Bite","Bite","Bite","Bite"]},{"damage_healed":0,"gold_gain":0,"player_choice":"Ignored","damage_taken":0,"max_hp_gain":0,"max_hp_loss":0,"event_name":"Ghosts","floor":29,"gold_loss":0}],"is_beta":false,"boss_relics":[{"not_picked":["Busted Crown","Astrolabe"],"picked":"Black Star"}],"items_purged_floors":[3],"is_endless":false,"potions_floor_spawned":[4,13,23,27,31],"killed_by":"Champ","ascension_level":20}