{"gold_per_floor":[110,110,123,136,136,136,136,150,150,160,160,178,16,27,27,123,123,134,134,134,148,148,148,165,183,210,226,18,18,18,30,30,30],"floor_reached":33,"playtime":2723,"items_purged":["Doubt"],"score":291,"play_id":"32111c1c-00d3-4003-ae96-36843b564648","local_time":"20190824104344","is_ascension_mode":false,"campfire_choices":[{"data":"Bash","floor":6,"key":"SMITH"},{"floor":11,"key":"REST"},{"data":"Bandage Up","floor":15,"key":"SMITH"},{"floor":23,"key":"REST"},{"floor":30,"key":"REST"},{"floor":32,"key":"REST"}],"neow_cost":"NONE","seed_source_timestamp":493852409926666,"circlet_count":0,"master_deck":["Defend_R","Defend_R","Defend_R","Defend_R","Bash","Pommel Strike","Bash+1","Cleave+1","Dual Wield","Whirlwind","Iron Wave","Rupture","Bandage Up+1","Inflame","Brutality","Shrug It Off+1","Armaments","True Grit+1","Perfected Strike+1","Evolve+1","Body Slam+1","Bite","Bite","Bite","Bite","Bite","Iron Wave"],"relics":["Burning Blood","White Beast Statue","Enchiridion","Centennial Puzzle","Chemical X"],"potions_floor_usage":[10,16,24,27,27,27,27,31,31,31,33],"damage_taken":[{"damage":1,"enemies":"2 Louse","floor":1,"turns":3},{"damage":5,"enemies":"Cultist","floor":3,"turns":4},{"damage":2,"enemies":"Small Slimes","floor":4,"turns":4},{"damage":10,"enemies":"3 Louse","floor":8,"turns":2},{"damage":19,"enemies":"Blue Slaver","floor":10,"turns":3},{"damage":10,"enemies":"Looter","floor":12,"turns":3},{"damage":0,"enemies":"Exordium Wildlife","floor":14,"turns":3},{"damage":53,"enemies":"Slime Boss","floor":16,"turns":10},{"damage":12,"enemies":"Chosen","floor":18,"turns":4},{"damage":41,"enemies":"Spheric Guardian","floor":21,"turns":6},{"damage":34,"enemies":"Snecko","floor":24,"turns":5},{"damage":42,"enemies":"Cultist and Chosen","floor":25,"turns":6},{"damage":33,"enemies":"Shelled Parasite and Fungi","floor":27,"turns":7},{"damage":50,"enemies":"Centurion and Healer","floor":31,"turns":6},{"damage":70,"enemies":"Automaton","floor":33,"turns":6}],"seed_played":"-4797193236441104057","potions_obtained":[{"floor":3,"key":"LiquidBronze"},{"floor":10,"key":"EntropicBrew"},{"floor":14,"key":"GamblersBrew"},{"floor":18,"key":"BloodPotion"},{"floor":21,"key":"Swift Potion"},{"floor":24,"key":"Dexterity Potion"},{"floor":25,"key":"Block Potion"},{"floor":27,"key":"Explosive Potion"},{"floor":31,"key":"Explosive Potion"}],"is_trial":false,"path_per_floor":["M","?","M","M","?","R","?","M","T","M","R","M","$","M","R","B",null,"M","?","?","M","?","R","M","M","T","M","$","?","R","M","R","B"],"character_chosen":"IRONCLAD","items_purchased":["Bandage Up","Chemical X"],"campfire_rested":4,"item_purchase_floors":[13,28],"current_hp_per_floor":[88,88,88,88,70,70,75,71,71,60,87,85,85,93,93,46,93,87,71,71,44,26,55,59,31,31,12,12,12,41,15,44,0],"gold":30,"neow_bonus":"TEN_PERCENT_HP_BONUS","is_prod":false,"is_daily":false,"chose_seed":false,"campfire_upgraded":2,"win_rate":0.0,"timestamp":1566614624,"path_taken":["M","?","?","M","?","R","?","M","T","M","R","M","$","M","R","BOSS","M","?","?","M","?","R","M","M","T","?","$","?","R","M","R","BOSS"],"build_version":"2019-07-17","purchased_purges":1,"victory":false,"max_hp_per_floor":[88,88,88,88,88,88,93,93,93,93,93,93,93,93,93,93,93,93,93,93,93,98,98,98,98,98,98,98,98,98,98,98,98],"card_choices":[{"not_picked":["Warcry","Anger"],"picked":"Pommel Strike","floor":1},{"not_picked":["Disarm","Sever Soul"],"picked":"Cleave","floor":3},{"not_picked":["Clash","Sword Boomerang"],"picked":"Dual Wield","floor":4},{"not_picked":["Clash","Combust"],"picked":"Whirlwind","floor":8},{"not_picked":["Immolate","Warcry"],"picked":"Iron Wave","floor":10},{"not_picked":["Shrug It Off","True Grit"],"picked":"Rupture","floor":12},{"not_picked":["Sword Boomerang","Thunderclap"],"picked":"Inflame","floor":14},{"not_picked":["Dark Embrace","Bludgeon"],"picked":"Brutality","floor":16},{"not_picked":["Cleave+1","Thunderclap"],"picked":"Shrug It Off+1","floor":18},{"not_picked":["Hemokinesis","Second Wind"],"picked":"True Grit+1","floor":21},{"not_picked":["Clothesline","Thunderclap"],"picked":"Perfected Strike+1","floor":24},{"not_picked":["Dual Wield+1","Flex"],"picked":"Evolve+1","floor":25},{"not_picked":["Twin Strike","Perfected Strike"],"picked":"Body Slam+1","floor":27},{"not_picked":["Headbutt","Twin Strike"],"picked":"Iron Wave","floor":31}],"player_experience":63503,"relics_obtained":[{"floor":9,"key":"Blood Vial"},{"floor":19,"key":"Enchiridion"},{"floor":26,"key":"Centennial Puzzle"}],"event_choices":[{"damage_healed":0,"gold_gain":0,"player_choice":"2 cards matched","damage_taken":0,"max_hp_gain":0,"max_hp_loss":0,"event_name":"Match and Keep!","floor":2,"gold_loss":0,"cards_obtained":["Bash","Doubt"]},{"damage_healed":0,"gold_gain":0,"player_choice":"Entered Light","damage_taken":18,"max_hp_gain":0,"max_hp_loss":0,"event_name":"Shining Light","floor":5,"gold_loss":0,"cards_upgraded":["Cleave","Strike_R"]},{"damage_healed":0,"gold_gain":0,"player_choice":"Donut","damage_taken":0,"max_hp_gain":5,"max_hp_loss":0,"event_name":"Big Fish","floor":7,"gold_loss":0},{"damage_healed":0,"gold_gain":0,"player_choice":"Obtained Book","damage_taken":16,"max_hp_gain":0,"max_hp_loss":0,"event_name":"Cursed Tome","floor":19,"gold_loss":0},{"damage_healed":0,"gold_gain":0,"player_choice":"Read","damage_taken":0,"max_hp_gain":0,"max_hp_loss":0,"event_name":"The Library","floor":20,"gold_loss":0,"cards_obtained":["Armaments"]},{"damage_healed":0,"gold_gain":0,"player_choice":"Shed Blood","damage_taken":23,"max_hp_gain":5,"max_hp_loss":0,"event_name":"Forgotten Altar","floor":22,"gold_loss":0},{"damage_healed":0,"gold_gain":0,"player_choice":"Became a vampire (Vial)","damage_taken":0,"max_hp_gain":0,"max_hp_loss":0,"event_name":"Vampires","floor":29,"relics_lost":["Blood Vial"],"gold_loss":0,"cards_obtained":["Bite","Bite","Bite","Bite","Bite"]}],"is_beta":false,"boss_relics":[{"not_picked":["Lizard Tail","Fusion Hammer"],"picked":"White Beast Statue"}],"items_purged_floors":[13],"is_endless":false,"potions_floor_spawned":[3,10,14,18,21,24,25,27,31],"killed_by":"Automaton","ascension_level":0}