{"gold_per_floor":[111,111,111,111,121,121,141,153,153,153,179,179,179,193,193,295,295,308,308,320,335,335,335,172,172,199,199,211,211],"floor_reached":29,"playtime":1720,"items_purged":["Regret"],"score":223,"play_id":"006d85aa-c571-4ece-992a-b87e90ea2596","local_time":"20190627140638","is_ascension_mode":false,"campfire_choices":[{"data":"Streamline","floor":6,"key":"SMITH"},{"data":"Streamline","floor":10,"key":"SMITH"},{"floor":12,"key":"REST"},{"data":"Coolheaded","floor":15,"key":"SMITH"},{"data":"Static Discharge","floor":23,"key":"SMITH"},{"data":"Self Repair","floor":27,"key":"SMITH"}],"neow_cost":"PERCENT_DAMAGE","seed_source_timestamp":722123575166429,"circlet_count":0,"master_deck":["Strike_B","Strike_B","Strike_B+1","Strike_B","Defend_B","Defend_B+1","Defend_B","Zap","Dualcast","Streamline+1","Streamline+1","Coolheaded+1","Core Surge","Static Discharge+1","Force Field+1","Self Repair+1","Rebound"],"relics":["Cracked Core","Mango","StoneCalendar","Calipers","Lantern","Dodecahedron","Black Star","Boot"],"potions_floor_usage":[11,16,21],"damage_taken":[{"damage":2,"enemies":"2 Louse","floor":1,"turns":2},{"damage":0,"enemies":"Small Slimes","floor":5,"turns":2},{"damage":13,"enemies":"Jaw Worm","floor":7,"turns":2},{"damage":12,"enemies":"2 Fungi Beasts","floor":8,"turns":3},{"damage":30,"enemies":"Lagavulin","floor":11,"turns":5},{"damage":2,"enemies":"Large Slime","floor":14,"turns":3},{"damage":15,"enemies":"Slime Boss","floor":16,"turns":7},{"damage":6,"enemies":"Spheric Guardian","floor":18,"turns":3},{"damage":12,"enemies":"Chosen","floor":20,"turns":4},{"damage":26,"enemies":"Centurion and Healer","floor":21,"turns":5},{"damage":28,"enemies":"Colosseum Slavers","floor":22,"turns":4},{"damage":16,"enemies":"Snake Plant","floor":28,"turns":4},{"damage":5,"enemies":"Cultist and Chosen","floor":29,"turns":1}],"seed_played":"8879185270087841609","potions_obtained":[{"floor":7,"key":"FairyPotion"},{"floor":8,"key":"Block Potion"},{"floor":14,"key":"EssenceOfSteel"},{"floor":20,"key":"LiquidBronze"}],"is_trial":false,"path_per_floor":["M","?","?","?","M","R","M","M","T","R","E","R","?","M","R","B",null,"M","?","M","M","?","R","$","?","T","R","M","M"],"character_chosen":"DEFECT","items_purchased":["Self Repair","Rebound"],"campfire_rested":1,"item_purchase_floors":[24,24],"current_hp_per_floor":[66,66,66,48,48,48,35,23,23,23,2,28,21,19,19,4,89,83,83,71,45,17,17,17,17,17,17,1,0],"gold":211,"neow_bonus":"ONE_RARE_RELIC","is_prod":false,"is_daily":false,"chose_seed":false,"campfire_upgraded":5,"win_rate":0.0,"timestamp":1561611998,"path_taken":["M","?","?","?","M","R","M","M","T","R","E","R","?","M","R","BOSS","M","?","M","M","?","R","$","?","T","R","M","?"],"build_version":"2019-01-23","purchased_purges":1,"victory":false,"max_hp_per_floor":[89,89,89,89,89,89,89,89,89,89,89,89,89,89,89,89,89,89,89,89,89,89,89,89,89,89,89,89,89],"card_choices":[{"not_picked":["Lockon","Barrage"],"picked":"Streamline","floor":1},{"not_picked":["Leap","Cold Snap","Auto Shields"],"picked":"SKIP","floor":5},{"not_picked":["Lockon","Cold Snap","Blizzard"],"picked":"SKIP","floor":7},{"not_picked":["Lockon","Leap"],"picked":"Streamline","floor":8},{"not_picked":["Redo","Beam Cell"],"picked":"Coolheaded","floor":11},{"not_picked":["White Noise","Beam Cell","Steam"],"picked":"SKIP","floor":14},{"not_picked":["Meteor Strike","Thunder Strike"],"picked":"Core Surge","floor":16},{"not_picked":["Fusion","Gash","Beam Cell"],"picked":"SKIP","floor":18},{"not_picked":["Melter","Auto Shields"],"picked":"Static Discharge","floor":20},{"not_picked":["FTL","Coolheaded"],"picked":"Force Field+1","floor":21},{"not_picked":["Gash","Steam","Barrage"],"picked":"SKIP","floor":28}],"player_experience":57016,"relics_obtained":[{"floor":9,"key":"Calipers"},{"floor":11,"key":"Lantern"},{"floor":26,"key":"Boot"}],"event_choices":[{"cards_removed":["Defend_B"],"damage_healed":0,"gold_gain":0,"player_choice":"Forget","damage_taken":0,"max_hp_gain":0,"max_hp_loss":0,"event_name":"Living Wall","floor":2,"gold_loss":0},{"damage_healed":0,"gold_gain":0,"player_choice":"Box","damage_taken":0,"relics_obtained":["StoneCalendar"],"max_hp_gain":0,"max_hp_loss":0,"event_name":"Big Fish","floor":3,"gold_loss":0,"cards_obtained":["Regret"]},{"damage_healed":0,"gold_gain":0,"player_choice":"Entered Light","damage_taken":18,"max_hp_gain":0,"max_hp_loss":0,"event_name":"Shining Light","floor":4,"gold_loss":0,"cards_upgraded":["Defend_B","Strike_B"]},{"damage_healed":0,"gold_gain":0,"player_choice":"Success","damage_taken":7,"relics_obtained":["Dodecahedron"],"max_hp_gain":0,"max_hp_loss":0,"event_name":"Scrap Ooze","floor":13,"gold_loss":0},{"damage_healed":0,"gold_gain":0,"player_choice":"Ignored","damage_taken":0,"max_hp_gain":0,"max_hp_loss":0,"event_name":"Vampires","floor":19,"gold_loss":0},{"damage_healed":0,"gold_gain":0,"player_choice":"Fight","damage_taken":0,"max_hp_gain":0,"max_hp_loss":0,"event_name":"Colosseum","floor":22,"gold_loss":0},{"damage_healed":0,"gold_gain":0,"player_choice":"Fled From Nobs","damage_taken":0,"max_hp_gain":0,"max_hp_loss":0,"event_name":"Colosseum","floor":22,"gold_loss":0},{"damage_healed":0,"gold_gain":0,"player_choice":"Ignored","damage_taken":0,"max_hp_gain":0,"max_hp_loss":0,"event_name":"Cursed Tome","floor":25,"gold_loss":0}],"is_beta":false,"boss_relics":[{"not_picked":["Eternal Feather","Snecko Eye"],"picked":"Black Star"}],"items_purged_floors":[24],"is_endless":false,"potions_floor_spawned":[7,8,14,20,22],"killed_by":"Cultist and Chosen","ascension_level":0}