{"path_per_floor":["M","$","M","M","M","E","M","R","T","M","$","M","M","M","R","B",null,"M","?","?","M","$","M","M","M","T","M","$","R","M","?","R"],"character_chosen":"IRONCLAD","items_purchased":["Metallicize","Body Slam","Flame Barrier","Shrug It Off","Trip","Double Tap"],"gold_per_floor":[209,4,15,29,40,66,82,82,131,147,29,42,52,63,63,159,159,179,179,94,114,64,81,97,110,110,129,3,3,20,20,20],"floor_reached":33,"campfire_rested":3,"playtime":2854,"current_hp_per_floor":[73,73,78,83,75,49,49,75,75,69,69,72,76,77,77,46,98,85,85,85,78,78,62,48,38,38,16,16,46,32,32,63],"items_purged":["Pain","Regret"],"gold":20,"play_id":"f9387407-c9c8-453f-b253-d10a4c1a36f2","is_prod":false,"is_daily":false,"is_ascension_mode":false,"campfire_upgraded":1,"path_taken":["M","$","M","M","M","E","M","R","T","M","?","M","M","M","R","BOSS","M","?","?","M","$","M","M","M","T","M","$","R","M","?","R","BOSS"],"build_version":"2018-01-25-PROD3","purchased_purges":2,"victory":false,"master_deck":["Strike_R","Strike_R","Strike_R","Strike_R","Strike_R","Defend_R","Defend_R","Defend_R","Defend_R","Bash","Rampage","Metallicize","Body Slam","Flame Barrier+1","Feed+1","Clothesline","Warcry+1","Body Slam","Demon Form+1","Perfected Strike","Iron Wave","Shrug It Off","Trip","Anger","Pommel Strike","Perfected Strike","Impervious","Injury","Headbutt+1","Headbutt","Whirlwind+1","Inflame+1","Armaments","Perfected Strike","Double Tap","Flame Barrier+1","Clash","Power Through"],"max_hp_per_floor":[80,80,80,83,83,86,89,89,89,92,92,95,95,98,98,98,98,102,102,102,102,102,102,102,102,102,102,102,102,106,106,106],"relics":["Burning Blood","Dream Catcher","War Paint","Calling Bell","Shuriken","Smiling Mask","Oddly Smooth Stone","Bronze Scales","Calipers"],"card_choices":[{"not_picked":["Anger","Twin Strike"],"picked":"Rampage"},{"not_picked":["Uppercut","Corruption"],"picked":"Feed"},{"not_picked":["Sword Boomerang","Heavy Blade"],"picked":"Clothesline"},{"not_picked":["True Grit","Spot Weakness"],"picked":"Warcry"},{"not_picked":["Dual Wield","Shockwave"],"picked":"Body Slam"},{"not_picked":["Sword Boomerang","True Grit"],"picked":"Demon Form"},{"not_picked":["Warcry","Rage"],"picked":"Perfected Strike"},{"not_picked":["Inflame","Sword Boomerang"],"picked":"Iron Wave"},{"not_picked":["True Grit","Cleave"],"picked":"Anger"},{"not_picked":["Combust","Berserk"],"picked":"Pommel Strike"},{"not_picked":["Thunderclap","Seeing Red"],"picked":"Perfected Strike"},{"not_picked":["Barricade","Juggernaut"],"picked":"Impervious"},{"not_picked":["Pommel Strike","True Grit"],"picked":"Headbutt"},{"not_picked":["Spot Weakness","Rupture"],"picked":"Headbutt"},{"not_picked":["Dropkick","Thunderclap"],"picked":"Whirlwind"},{"not_picked":["Dual Wield","Whirlwind"],"picked":"Inflame"},{"not_picked":["Dropkick","Inflame"],"picked":"Armaments"},{"not_picked":["Offering","Battle Trance"],"picked":"Perfected Strike"},{"not_picked":["Infernal Blade","Shrug It Off"],"picked":"Flame Barrier"},{"not_picked":["Dropkick","True Grit"],"picked":"Clash"},{"not_picked":["Flex","Rage"],"picked":"Power Through"}],"player_experience":28855,"potions_floor_usage":[16,23,25,33],"damage_taken":[{"damage":13,"enemies":"Blue Slaver","floor":1,"turns":6},{"damage":1,"enemies":"Cultist","floor":3,"turns":5},{"damage":2,"enemies":"Small Slimes","floor":4,"turns":6},{"damage":14,"enemies":"Exordium Thugs","floor":5,"turns":4},{"damage":35,"enemies":"3 Sentries","floor":6,"turns":10},{"damage":9,"enemies":"Exordium Wildlife","floor":7,"turns":6},{"damage":15,"enemies":"2 Fungi Beasts","floor":10,"turns":4},{"damage":6,"enemies":"3 Louse","floor":12,"turns":4},{"damage":2,"enemies":"Looter","floor":13,"turns":3},{"damage":8,"enemies":"2 Fungi Beasts","floor":14,"turns":3},{"damage":37,"enemies":"The Guardian","floor":16,"turns":9},{"damage":23,"enemies":"2 Thieves","floor":18,"turns":4},{"damage":13,"enemies":"Chosen","floor":21,"turns":3},{"damage":22,"enemies":"Sentry and Sphere","floor":23,"turns":7},{"damage":20,"enemies":"Snake Plant","floor":24,"turns":3},{"damage":16,"enemies":"Snecko","floor":25,"turns":4},{"damage":28,"enemies":"Slaver and Parasite","floor":27,"turns":7},{"damage":24,"enemies":"Sentry and Sphere","floor":30,"turns":6},{"damage":65,"enemies":"Champ","floor":33,"turns":7}],"event_choices":[{"event_name":"Upgrade Shrine","player_choice":"Upgraded","floor":19,"damage_taken":0},{"event_name":"Addict","player_choice":"Obtained Relic","floor":20,"damage_taken":0},{"event_name":"Vampires","player_choice":"Ignored","floor":31,"damage_taken":0}],"boss_relics":[{"not_picked":["Black Star","Question Card"],"picked":"Calling Bell"}],"potions_floor_spawned":[4,5,6,13,16,18,21],"seed_played":"-8255616101945144455","killed_by":"Champ","ascension_level":0,"is_trial":false}