{"gold_per_floor":[117,129,145,145,145,204,204,232,232,232],"floor_reached":10,"playtime":694,"items_purged":[],"score":114,"play_id":"1a3e95e1-5849-4abe-864b-8f225a997f48","local_time":"20190714165056","is_ascension_mode":true,"campfire_choices":[{"floor":7,"key":"REST"}],"neow_cost":"NONE","seed_source_timestamp":16179155276593,"circlet_count":0,"master_deck":["AscendersBane","Strike_B","Strike_B","Strike_B","Defend_B","Defend_B","Defend_B","Defend_B","Zap","Dualcast","Steam Power","Consume","Go for the Eyes","Cold Snap","Creative AI"],"relics":["Cracked Core","Tiny Chest","Question Card","Shuriken"],"potions_floor_usage":[6,8],"damage_taken":[{"damage":4,"enemies":"2 Louse","floor":1,"turns":2},{"damage":0,"enemies":"Small Slimes","floor":2,"turns":4},{"damage":7,"enemies":"Jaw Worm","floor":3,"turns":3},{"damage":43,"enemies":"Gremlin Nob","floor":6,"turns":5},{"damage":30,"enemies":"Lagavulin","floor":8,"turns":8},{"damage":35,"enemies":"Gremlin Nob","floor":10,"turns":4}],"seed_played":"8375593587616764203","potions_obtained":[{"floor":1,"key":"SpeedPotion"},{"floor":3,"key":"Energy Potion"}],"is_trial":false,"path_per_floor":["M","M","M","?","?","E","R","E","T","E"],"character_chosen":"DEFECT","items_purchased":[],"campfire_rested":1,"item_purchase_floors":[],"current_hp_per_floor":[71,71,64,57,62,19,45,15,15,0],"gold":232,"neow_bonus":"TEN_PERCENT_HP_BONUS","is_prod":false,"is_daily":false,"chose_seed":false,"campfire_upgraded":0,"win_rate":0,"timestamp":1563137456,"path_taken":["M","M","M","?","?","E","R","E","T","E"],"build_version":"2019-07-05","purchased_purges":0,"victory":false,"max_hp_per_floor":[82,82,82,82,87,87,87,87,87,87],"card_choices":[{"not_picked":["Beam Cell","Scrape"],"picked":"Steam Power","floor":1},{"not_picked":["Recycle","Gash"],"picked":"Consume","floor":2},{"not_picked":["Barrage","Gash"],"picked":"Go for the Eyes","floor":3},{"not_picked":["Beam Cell","Gash"],"picked":"Cold Snap","floor":6},{"not_picked":["Conserve Battery","Lockon"],"picked":"Creative AI","floor":8}],"player_experience":233182,"relics_obtained":[{"floor":6,"key":"Tiny Chest"},{"floor":8,"key":"Question Card"},{"floor":9,"key":"Shuriken"}],"event_choices":[{"cards_removed":["Strike_B"],"damage_healed":0,"gold_gain":0,"player_choice":"Card Removal","damage_taken":7,"max_hp_gain":0,"max_hp_loss":0,"event_name":"Golden Wing","floor":4,"gold_loss":0},{"damage_healed":0,"gold_gain":0,"player_choice":"Donut","damage_taken":0,"max_hp_gain":5,"max_hp_loss":0,"event_name":"Big Fish","floor":5,"gold_loss":0}],"is_beta":false,"boss_relics":[],"items_purged_floors":[],"is_endless":false,"potions_floor_spawned":[1,3],"killed_by":"Gremlin Nob","ascension_level":10}