{"gold_per_floor":[359,375,107,72,27,61,80,80,135,135,152,152,166,183,183,280,280,280,280,235,235,235,235,235,235,235,235,28,28,28,28,28,28,28,28,28,28,28,0,0,0],"floor_reached":41,"playtime":2247,"items_purged":[],"score":523,"play_id":"ce9d39cd-3718-4eb0-81b4-574d1f2f988d","local_time":"20190104111647","is_ascension_mode":true,"campfire_choices":[{"data":"Apotheosis","floor":8,"key":"SMITH"},{"floor":10,"key":"REST"},{"floor":12,"key":"REST"},{"data":"Catalyst","floor":15,"key":"SMITH"},{"data":"Night Terror","floor":23,"key":"SMITH"},{"floor":27,"key":"REST"},{"data":"Sucker Punch","floor":30,"key":"SMITH"},{"floor":32,"key":"REST"}],"neow_cost":"PERCENT_DAMAGE","seed_source_timestamp":437334883699338,"circlet_count":0,"master_deck":["Defend_G","Defend_G","Defend_G","Defend_G","Defend_G","Strike_G+1","Strike_G","Strike_G+1","Strike_G","Strike_G","Survivor","Neutralize","Cloak And Dagger","PiercingWail","Apotheosis+1","Well Laid Plans","Adrenaline","Deadly Poison","Flying Knee","Sucker Punch+1","Catalyst+1","Night Terror+1","Acrobatics","Decay","Deadly Poison","Catalyst+1","Malaise","Caltrops+1","PiercingWail+1"],"relics":["Ring of the Snake","Whetstone","Pen Nib","Ectoplasm","Bottled Flame","DollysMirror","Darkstone Periapt","Lizard Tail","Du-Vu Doll","Red Mask"],"potions_floor_usage":[16,22,33,33,38],"damage_taken":[{"damage":5,"enemies":"2 Louse","floor":1,"turns":5},{"damage":4,"enemies":"Small Slimes","floor":2,"turns":5},{"damage":7,"enemies":"Lagavulin","floor":6,"turns":8},{"damage":1,"enemies":"Jaw Worm","floor":7,"turns":3},{"damage":13,"enemies":"Exordium Wildlife","floor":11,"turns":5},{"damage":5,"enemies":"Looter","floor":13,"turns":3},{"damage":0,"enemies":"2 Fungi Beasts","floor":14,"turns":3},{"damage":9,"enemies":"Hexaghost","floor":16,"turns":8},{"damage":6,"enemies":"Shell Parasite","floor":18,"turns":2},{"damage":6,"enemies":"Spheric Guardian","floor":22,"turns":3},{"damage":18,"enemies":"Chosen and Byrds","floor":24,"turns":7},{"damage":5,"enemies":"Centurion and Healer","floor":25,"turns":7},{"damage":2,"enemies":"Snecko","floor":29,"turns":3},{"damage":30,"enemies":"Champ","floor":33,"turns":4},{"damage":4,"enemies":"Orb Walker","floor":35,"turns":3},{"damage":20,"enemies":"Mind Bloom Boss Battle","floor":36,"turns":6},{"damage":27,"enemies":"3 Darklings","floor":38,"turns":9},{"damage":57,"enemies":"Transient","floor":40,"turns":5},{"damage":24,"enemies":"4 Shapes","floor":41,"turns":2}],"seed_played":"664912378810928618","potions_obtained":[{"floor":7,"key":"Fruit Juice"},{"floor":13,"key":"SmokeBomb"},{"floor":14,"key":"Block Potion"},{"floor":29,"key":"Dexterity Potion"},{"floor":33,"key":"Regen Potion"},{"floor":36,"key":"SteroidPotion"}],"is_trial":false,"path_per_floor":["M","M","$","?","?","E","M","R","T","R","M","R","M","M","R","B",null,"M","?","$","?","M","R","M","M","T","R","$","M","R","T","R","B",null,"M","?","?","M","?","M","M"],"character_chosen":"THE_SILENT","items_purchased":["Apotheosis","Well Laid Plans","Acrobatics","DollysMirror"],"campfire_rested":4,"item_purchase_floors":[3,3,20,28],"current_hp_per_floor":[44,40,40,57,57,50,49,49,49,70,57,70,65,65,65,56,67,61,61,61,61,55,55,37,32,32,53,53,51,51,51,70,45,68,64,44,44,32,32,20,0],"gold":0,"neow_bonus":"TWO_FIFTY_GOLD","is_prod":false,"is_daily":false,"chose_seed":false,"campfire_upgraded":4,"win_rate":0,"timestamp":1546568207,"path_taken":["M","M","$","?","?","E","M","R","T","R","M","R","M","M","R","BOSS","M","?","$","?","M","R","M","M","T","R","?","M","R","?","R","BOSS","M","?","?","M","?","M","?"],"build_version":"2019-01-03","purchased_purges":0,"victory":false,"max_hp_per_floor":[70,70,70,70,70,70,70,70,70,70,70,70,70,70,70,70,70,70,70,70,70,70,70,70,70,70,70,70,70,70,70,70,75,75,75,75,75,75,75,75,75],"card_choices":[{"not_picked":["Prepared","Poisoned Stab"],"picked":"Cloak And Dagger","floor":1},{"not_picked":["Prepared","Quick Slash"],"picked":"PiercingWail","floor":2},{"not_picked":["Backflip","Blade Dance"],"picked":"Adrenaline","floor":6},{"not_picked":["Blade Dance","Catalyst"],"picked":"Deadly Poison","floor":7},{"not_picked":["Expertise","Flechettes"],"picked":"Flying Knee","floor":11},{"not_picked":["Quick Slash","Dagger Throw"],"picked":"Sucker Punch","floor":13},{"not_picked":["Poisoned Stab","After Image"],"picked":"Catalyst","floor":14},{"not_picked":["Bullet Time","Glass Knife"],"picked":"Night Terror","floor":16},{"not_picked":["Quick Slash","Underhanded Strike+1","Outmaneuver"],"picked":"SKIP","floor":18},{"not_picked":["Dagger Spray","Dagger Throw","Reflex"],"picked":"SKIP","floor":24},{"not_picked":["Setup","Deflect+1"],"picked":"Deadly Poison","floor":25},{"not_picked":["Calculated Gamble","Flying Knee+1","Dash"],"picked":"SKIP","floor":29},{"not_picked":["Die Die Die","Bullet Time"],"picked":"Malaise","floor":33},{"not_picked":["Setup","Dagger Spray","Well Laid Plans+1"],"picked":"SKIP","floor":35},{"not_picked":["All Out Attack","Finisher"],"picked":"Caltrops+1","floor":36},{"not_picked":["Distraction","Setup","Dodge and Roll"],"picked":"SKIP","floor":38},{"not_picked":["Prepared","Dagger Spray+1"],"picked":"PiercingWail+1","floor":40}],"player_experience":138020,"relics_obtained":[{"floor":6,"key":"Whetstone"},{"floor":9,"key":"Pen Nib"},{"floor":26,"key":"Bottled Flame"},{"floor":31,"key":"Darkstone Periapt"},{"floor":36,"key":"Du-Vu Doll"}],"event_choices":[{"damage_healed":17,"gold_gain":0,"player_choice":"Healed","damage_taken":0,"max_hp_gain":0,"max_hp_loss":0,"event_name":"The Cleric","floor":4,"gold_loss":35},{"damage_healed":0,"gold_gain":0,"player_choice":"Left Gold","damage_taken":0,"max_hp_gain":0,"max_hp_loss":0,"event_name":"World of Goop","floor":5,"gold_loss":45},{"damage_healed":0,"gold_gain":0,"player_choice":"Smashed Altar","damage_taken":0,"max_hp_gain":0,"max_hp_loss":0,"event_name":"Forgotten Altar","floor":21,"gold_loss":0,"cards_obtained":["Decay"]},{"damage_healed":0,"gold_gain":0,"player_choice":"Fight","damage_taken":0,"max_hp_gain":0,"max_hp_loss":0,"event_name":"MindBloom","floor":36,"gold_loss":0},{"damage_healed":0,"gold_gain":0,"player_choice":"Ignored","damage_taken":0,"max_hp_gain":0,"max_hp_loss":0,"event_name":"Mysterious Sphere","floor":37,"gold_loss":0},{"damage_healed":0,"gold_gain":0,"player_choice":"Paid","damage_taken":0,"relics_obtained":["Red Mask"],"max_hp_gain":0,"max_hp_loss":0,"event_name":"Tomb of Lord Red Mask","floor":39,"gold_loss":28}],"is_beta":false,"boss_relics":[{"not_picked":["Empty Cage","Coffee Dripper"],"picked":"Ectoplasm"},{"not_picked":["Tiny House","Pandora\u0027s Box"],"picked":"Lizard Tail"}],"items_purged_floors":[],"is_endless":false,"potions_floor_spawned":[7,13,14,29,33,36],"killed_by":"4 Shapes","ascension_level":5}