{"gold_per_floor":[15,30,30,30,45,70,101,115,115,139,221,26,26,26,26,152,152,171,195,294,294,294],"floor_reached":22,"playtime":1350,"items_purged":[],"score":323,"play_id":"097dbaa3-b915-4b5f-a424-9da9f76e6b1d","local_time":"20190826223544","is_ascension_mode":true,"campfire_choices":[{"floor":13,"key":"REST"},{"data":"Magnetism","floor":15,"key":"SMITH"}],"neow_cost":"NO_GOLD","seed_source_timestamp":607308848916600,"circlet_count":0,"master_deck":["AscendersBane","Strike_R","Strike_R","Strike_R","Strike_R+1","Defend_R","Defend_R","Bash+1","Sword Boomerang","Armaments","Disarm","Thunderclap","Rage","Anger","Barricade","Anger","Clash","Magnetism+1","Demon Form","Anger","Battle Trance","Seeing Red","Battle Trance","Anger"],"relics":["Burning Blood","Golden Idol","Shuriken","Art of War","Dodecahedron","Orrery"],"potions_floor_usage":[5,7,10,18,22],"damage_taken":[{"damage":11,"enemies":"2 Louse","floor":1,"turns":2},{"damage":8,"enemies":"Jaw Worm","floor":2,"turns":4},{"damage":0,"enemies":"Cultist","floor":5,"turns":3},{"damage":4,"enemies":"Looter","floor":6,"turns":4},{"damage":27,"enemies":"Lagavulin","floor":7,"turns":4},{"damage":7,"enemies":"2 Fungi Beasts","floor":8,"turns":4},{"damage":5,"enemies":"Large Slime","floor":10,"turns":4},{"damage":19,"enemies":"Hexaghost","floor":16,"turns":9},{"damage":33,"enemies":"Chosen","floor":18,"turns":7},{"damage":0,"enemies":"Spheric Guardian","floor":19,"turns":3},{"damage":57,"enemies":"Shelled Parasite and Fungi","floor":22,"turns":4}],"seed_played":"-6510393044627028077","potions_obtained":[{"floor":1,"key":"SteroidPotion"},{"floor":2,"key":"Regen Potion"},{"floor":5,"key":"Fire Potion"},{"floor":10,"key":"Block Potion"},{"floor":19,"key":"PowerPotion"}],"is_trial":false,"path_per_floor":["M","M","?","?","M","M","E","M","T","M","T","$","R","?","R","B",null,"M","M","?","?","M"],"character_chosen":"IRONCLAD","items_purchased":["Magnetism"],"campfire_rested":1,"item_purchase_floors":[12],"current_hp_per_floor":[67,65,45,29,44,46,25,24,24,25,25,25,49,75,75,62,76,49,55,55,55,0],"gold":294,"neow_bonus":"TRANSFORM_TWO_CARDS","is_prod":false,"is_daily":false,"chose_seed":false,"campfire_upgraded":1,"win_rate":0,"timestamp":1566884144,"path_taken":["M","M","?","?","?","M","E","M","T","M","?","?","R","?","R","BOSS","M","M","?","?","M"],"build_version":"2019-07-17","purchased_purges":0,"victory":false,"max_hp_per_floor":[80,80,80,80,80,80,80,80,80,80,80,80,80,80,80,80,80,80,80,80,80,80],"card_choices":[{"not_picked":["Infernal Blade","Shockwave"],"picked":"Disarm","floor":1},{"not_picked":["Pummel","Clash"],"picked":"Thunderclap","floor":2},{"not_picked":["Burning Pact","Clothesline"],"picked":"Rage","floor":5},{"not_picked":["Heavy Blade","Fire Breathing"],"picked":"Anger","floor":6},{"not_picked":["Iron Wave","Spot Weakness"],"picked":"Barricade","floor":7},{"not_picked":["Heavy Blade","Seeing Red"],"picked":"Anger","floor":8},{"not_picked":["Pommel Strike","Perfected Strike"],"picked":"Clash","floor":10},{"not_picked":["Bludgeon","Immolate"],"picked":"Demon Form","floor":16},{"not_picked":["Havoc","Combust"],"picked":"Anger","floor":17},{"not_picked":["Havoc","Feed"],"picked":"Battle Trance","floor":17},{"not_picked":["Hemokinesis","Clash"],"picked":"Seeing Red","floor":17},{"not_picked":["Bloodletting","Flex"],"picked":"Battle Trance","floor":17},{"not_picked":["Second Wind","Clothesline"],"picked":"Anger","floor":18},{"not_picked":["Infernal Blade","Sentinel","Exhume"],"picked":"SKIP","floor":19}],"player_experience":222816,"relics_obtained":[{"floor":7,"key":"Shuriken"},{"floor":9,"key":"Art of War"},{"floor":11,"key":"Dodecahedron"}],"event_choices":[{"damage_healed":0,"gold_gain":0,"player_choice":"Take Damage","damage_taken":20,"relics_obtained":["Golden Idol"],"max_hp_gain":0,"max_hp_loss":0,"event_name":"Golden Idol","floor":3,"gold_loss":0},{"damage_healed":0,"gold_gain":0,"player_choice":"Entered Light","damage_taken":16,"max_hp_gain":0,"max_hp_loss":0,"event_name":"Shining Light","floor":4,"gold_loss":0,"cards_upgraded":["Bash","Strike_R"]},{"damage_healed":26,"gold_gain":0,"player_choice":"Banana","damage_taken":0,"max_hp_gain":0,"max_hp_loss":0,"event_name":"Big Fish","floor":14,"gold_loss":0},{"damage_healed":0,"gold_gain":99,"player_choice":"Stole From Cult","damage_taken":0,"max_hp_gain":0,"max_hp_loss":0,"event_name":"Nest","floor":20,"gold_loss":0},{"cards_removed":["Defend_R"],"damage_healed":0,"gold_gain":0,"player_choice":"Purged","damage_taken":0,"max_hp_gain":0,"max_hp_loss":0,"event_name":"Purifier","floor":21,"gold_loss":0}],"is_beta":false,"boss_relics":[{"not_picked":["Black Star","Runic Cube"],"picked":"Orrery"}],"items_purged_floors":[],"is_endless":false,"potions_floor_spawned":[1,2,5,10,19],"killed_by":"Shelled Parasite and Fungi","ascension_level":12}