{"gold_per_floor":[367,378,378,388,7,42,42,62,62,62,80,5,5,67,67,168,168,186,62,62,62,74,100,100,135,135,135],"floor_reached":27,"playtime":2018,"items_purged":["Strike_B"],"score":386,"play_id":"ec21a358-b239-40dc-99b6-c24411f78dcf","local_time":"20190715213313","is_ascension_mode":true,"campfire_choices":[{"floor":7,"key":"REST"},{"data":"Static Discharge","floor":10,"key":"SMITH"},{"floor":13,"key":"REST"},{"floor":15,"key":"REST"},{"floor":24,"key":"REST"}],"neow_cost":"PERCENT_DAMAGE","seed_source_timestamp":118193193847278,"circlet_count":0,"master_deck":["AscendersBane","Strike_B+1","Defend_B","Defend_B","Defend_B","Zap","Dualcast+1","Static Discharge+1","Auto Shields","Static Discharge","Steam","Defragment","Barrage","Seek","Ball Lightning+1","Ball Lightning+1","Auto Shields","Thunder Strike+1","Hello World+1","Multi-Cast+1","Static Discharge+1","Capacitor","Capacitor","Steam","Go for the Eyes+1","Skim","Reinforced Body+1","Leap"],"relics":["Cracked Core","Runic Capacitor","Molten Egg 2","Mango","Ice Cream","Astrolabe","Mercury Hourglass","Boot","Singing Bowl"],"potions_floor_usage":[6,23,25],"damage_taken":[{"damage":2,"enemies":"Jaw Worm","floor":1,"turns":3},{"damage":4,"enemies":"2 Louse","floor":2,"turns":3},{"damage":0,"enemies":"Small Slimes","floor":4,"turns":3},{"damage":18,"enemies":"Gremlin Nob","floor":6,"turns":4},{"damage":7,"enemies":"Blue Slaver","floor":8,"turns":4},{"damage":13,"enemies":"Exordium Wildlife","floor":11,"turns":4},{"damage":35,"enemies":"Lagavulin Event","floor":14,"turns":4},{"damage":15,"enemies":"Hexaghost","floor":16,"turns":4},{"damage":8,"enemies":"Spheric Guardian","floor":18,"turns":3},{"damage":19,"enemies":"Shell Parasite","floor":22,"turns":4},{"damage":29,"enemies":"Book of Stabbing","floor":23,"turns":4},{"damage":55,"enemies":"Slavers","floor":25,"turns":4},{"damage":10,"enemies":"Centurion and Healer","floor":27,"turns":2}],"seed_played":"5336312659515374447","potions_obtained":[{"floor":1,"key":"PowerPotion"},{"floor":11,"key":"AttackPotion"},{"floor":16,"key":"Regen Potion"}],"is_trial":false,"path_per_floor":["M","M","?","M","$","E","R","M","T","R","M","$","R","?","R","B",null,"M","$","?","?","M","E","R","E","T","M"],"character_chosen":"DEFECT","items_purchased":["Runic Capacitor","Steam","Defragment","Barrage","Capacitor","Steam"],"campfire_rested":4,"item_purchase_floors":[5,5,5,5,19,19],"current_hp_per_floor":[48,44,29,29,29,11,33,26,40,40,27,27,53,18,44,29,74,66,66,66,66,47,30,56,1,1,0],"gold":135,"neow_bonus":"TWO_FIFTY_GOLD","is_prod":false,"is_daily":false,"chose_seed":false,"campfire_upgraded":1,"win_rate":0,"timestamp":1563240793,"path_taken":["M","M","?","M","$","E","R","M","T","R","M","$","R","?","R","BOSS","M","$","?","?","M","E","R","E","T","M"],"build_version":"2019-07-05","purchased_purges":1,"victory":false,"max_hp_per_floor":[75,75,75,75,75,75,75,75,89,89,89,89,89,89,89,89,89,89,89,89,89,89,89,89,89,89,89],"card_choices":[{"not_picked":["Turbo","Conserve Battery"],"picked":"Static Discharge","floor":1},{"not_picked":["Turbo","Rebound"],"picked":"Auto Shields","floor":2},{"not_picked":["Turbo","Stack"],"picked":"Static Discharge","floor":4},{"not_picked":["Reprogram","Hologram"],"picked":"Seek","floor":6},{"not_picked":["Hologram","Beam Cell+1"],"picked":"Ball Lightning+1","floor":8},{"not_picked":["Steam Power","Cold Snap+1"],"picked":"Ball Lightning+1","floor":11},{"not_picked":["Streamline+1","Capacitor"],"picked":"Auto Shields","floor":14},{"not_picked":["Amplify","Fission"],"picked":"Thunder Strike+1","floor":16},{"not_picked":["Coolheaded+1","Blizzard+1"],"picked":"Capacitor","floor":18},{"not_picked":["Rebound+1","Chaos"],"picked":"Skim","floor":22},{"not_picked":["Turbo","Streamline+1"],"picked":"Reinforced Body+1","floor":23},{"not_picked":["Chaos","Cold Snap+1"],"picked":"Leap","floor":25}],"player_experience":246847,"relics_obtained":[{"floor":6,"key":"Molten Egg 2"},{"floor":9,"key":"Mango"},{"floor":14,"key":"Ice Cream"},{"floor":23,"key":"Mercury Hourglass"},{"floor":25,"key":"Boot"},{"floor":26,"key":"Singing Bowl"}],"event_choices":[{"damage_healed":0,"gold_gain":0,"player_choice":"Entered Light","damage_taken":15,"max_hp_gain":0,"max_hp_loss":0,"event_name":"Shining Light","floor":3,"gold_loss":0,"cards_upgraded":["Strike_B","Dualcast"]},{"damage_healed":0,"gold_gain":0,"player_choice":"Searched \u00271\u0027 times","damage_taken":0,"max_hp_gain":0,"max_hp_loss":0,"event_name":"Dead Adventurer","floor":14,"gold_loss":0},{"damage_healed":0,"gold_gain":0,"player_choice":"Ignored","damage_taken":0,"max_hp_gain":0,"max_hp_loss":0,"event_name":"Vampires","floor":20,"gold_loss":0},{"damage_healed":0,"gold_gain":0,"player_choice":"Read","damage_taken":0,"max_hp_gain":0,"max_hp_loss":0,"event_name":"The Library","floor":21,"gold_loss":0,"cards_obtained":["Go for the Eyes"]}],"is_beta":false,"boss_relics":[{"not_picked":["White Beast Statue","Snecko Eye"],"picked":"Astrolabe"}],"items_purged_floors":[12],"is_endless":false,"potions_floor_spawned":[1,11,16,18,22],"killed_by":"Centurion and Healer","ascension_level":11}