{"gold_per_floor":[217,217,236,236,255,289,289,300,300,314,314,334,334,345,345,442,442,455,47,47,64,64,64,64,64],"floor_reached":25,"playtime":1104,"items_purged":[],"score":233,"play_id":"1f9c5e89-db58-4435-851c-e210ab9d5ba3","local_time":"20181006152257","is_ascension_mode":true,"campfire_choices":[{"floor":7,"key":"REST"},{"floor":11,"key":"REST"},{"floor":13,"key":"REST"},{"floor":15,"key":"REST"},{"floor":23,"key":"REST"}],"neow_cost":"NONE","seed_source_timestamp":1204206968657444,"circlet_count":0,"master_deck":["Strike_B","Strike_B","Strike_B","Strike_B","Defend_B","Defend_B","Defend_B","Defend_B","Dualcast","Scrape+1","Go for the Eyes+1","Storm","Cold Snap","Ball Lightning","Gash","Steam","Ball Lightning","Go for the Eyes","Sweeping Beam","Machine Learning","Creative AI","Redo","Self Repair","Forethought","White Noise","Self Repair"],"relics":["Cracked Core","Omamori","Dream Catcher","Busted Crown","Runic Capacitor","Frozen Egg 2"],"potions_floor_usage":[6,16,16,16,18],"damage_taken":[{"damage":11,"enemies":"2 Louse","floor":1,"turns":2},{"damage":8,"enemies":"Small Slimes","floor":3,"turns":2},{"damage":4,"enemies":"Jaw Worm","floor":5,"turns":2},{"damage":13,"enemies":"Gremlin Nob","floor":6,"turns":3},{"damage":5,"enemies":"Red Slaver","floor":8,"turns":4},{"damage":33,"enemies":"Gremlin Gang","floor":10,"turns":4},{"damage":12,"enemies":"Lots of Slimes","floor":12,"turns":3},{"damage":0,"enemies":"Looter","floor":14,"turns":2},{"damage":28,"enemies":"Hexaghost","floor":16,"turns":11},{"damage":19,"enemies":"2 Thieves","floor":18,"turns":3},{"damage":25,"enemies":"Chosen","floor":21,"turns":5},{"damage":57,"enemies":"Snecko","floor":25,"turns":5}],"seed_played":"-1317421706343372477","potions_obtained":[{"floor":5,"key":"Fire Potion"},{"floor":6,"key":"Dexterity Potion"},{"floor":10,"key":"SneckoOil"},{"floor":14,"key":"SkillPotion"},{"floor":16,"key":"Explosive Potion"}],"is_trial":false,"path_per_floor":["M","?","M","?","M","E","R","M","T","M","R","M","R","M","R","B",null,"M","$","?","M","T","R","?"],"character_chosen":"DEFECT","items_purchased":["Runic Capacitor","Self Repair","Forethought","White Noise"],"campfire_rested":5,"item_purchase_floors":[19,19,19,19],"current_hp_per_floor":[64,64,56,41,37,24,46,41,41,8,30,18,40,40,62,34,75,56,56,56,45,45,67,53,0],"gold":64,"neow_bonus":"HUNDRED_GOLD","is_prod":false,"is_daily":false,"chose_seed":false,"campfire_upgraded":0,"win_rate":0,"timestamp":1538832177,"path_taken":["M","?","M","?","?","E","R","M","T","M","R","M","R","M","R","BOSS","M","?","?","M","?","R","?","M"],"build_version":"2018-10-04v2","purchased_purges":0,"victory":false,"max_hp_per_floor":[75,75,75,75,75,75,75,75,75,75,75,75,75,75,75,75,75,75,75,75,75,75,75,80,80],"card_choices":[{"not_picked":["Barrage","Chaos"],"picked":"Scrape","floor":1},{"not_picked":["Steam","Stack"],"picked":"Go for the Eyes","floor":3},{"not_picked":["Aggregate","Hologram"],"picked":"Storm","floor":5},{"not_picked":["Tempest","Compile Driver"],"picked":"Cold Snap","floor":6},{"not_picked":["Leap","Steam"],"picked":"Ball Lightning","floor":8},{"not_picked":["Defragment","Capacitor"],"picked":"Gash","floor":10},{"not_picked":["Consume","Cold Snap"],"picked":"Steam","floor":11},{"not_picked":["Stack","White Noise"],"picked":"Ball Lightning","floor":12},{"not_picked":["Steam","Fusion"],"picked":"Go for the Eyes","floor":13},{"not_picked":["Rebound","Stack"],"picked":"Sweeping Beam","floor":14},{"not_picked":["Coolheaded","Leap"],"picked":"Machine Learning","floor":15},{"not_picked":["Rainbow","Core Surge"],"picked":"Creative AI","floor":16},{"not_picked":[],"picked":"Redo","floor":18},{"not_picked":[],"picked":"Self Repair","floor":21}],"player_experience":229989,"relics_obtained":[{"floor":6,"key":"Omamori"},{"floor":9,"key":"Dream Catcher"},{"floor":22,"key":"Frozen Egg 2"}],"event_choices":[{"event_name":"Golden Wing","player_choice":"Ignored","floor":2,"damage_taken":0},{"event_name":"Shining Light","player_choice":"Entered Light","floor":4,"damage_taken":0},{"event_name":"Purifier","player_choice":"One Purge","floor":20,"damage_taken":0},{"event_name":"Forgotten Altar","player_choice":"Shed Blood","floor":24,"damage_taken":0}],"is_beta":false,"boss_relics":[{"not_picked":["Astrolabe","FrozenCore"],"picked":"Busted Crown"}],"items_purged_floors":[],"is_endless":false,"potions_floor_spawned":[5,6,10,14,16],"killed_by":"Snecko","ascension_level":3}