{"path_per_floor":["M","M","M","M","M","R","M","R","T","M","T","M","R","M","R","B",null,"M","?","$","M","?","E","R","M","T","M","M","M","E","M","R"],"character_chosen":"THE_SILENT","items_purchased":["Ninja Scroll","Bouncing Flask","Caltrops"],"gold_per_floor":[114,127,142,161,176,176,193,193,193,211,238,250,250,265,265,365,365,385,385,32,48,48,83,83,98,124,136,151,171,200,213,213],"floor_reached":33,"campfire_rested":2,"playtime":2258,"current_hp_per_floor":[68,67,67,64,51,51,51,51,51,46,46,46,46,46,46,44,70,61,61,61,51,51,36,57,53,53,44,31,21,23,20,41],"items_purged":[],"gold":213,"score":312,"play_id":"4b7a1bfc-5447-44e0-a491-f6d3354ffeef","is_prod":false,"is_daily":false,"is_ascension_mode":false,"campfire_upgraded":4,"path_taken":["M","M","M","M","M","R","M","R","T","M","?","M","R","M","R","BOSS","M","?","$","M","?","E","R","M","T","M","M","M","E","M","R","BOSS"],"build_version":"2018-02-12-PROD1","purchased_purges":0,"victory":false,"master_deck":["Defend_G","Defend_G","Defend_G","Defend_G","Strike_G","Strike_G","Strike_G","Survivor","Neutralize+1","Choke+1","Bane+1","Terror+1","Infinite Blades+1","Dash","Prepared","Phantasmal Killer+1","Backstab","Blade Dance+1","Accuracy","Prepared","Finisher","Storm of Steel+1","Sucker Punch","Bouncing Flask","Caltrops","Accuracy","Bane+1","Outmaneuver+1","Blade Dance+1","Burst","All Out Attack+1","Flying Knee+1","Blur","Blade Dance"],"max_hp_per_floor":[70,70,70,70,70,70,70,70,70,70,70,70,70,70,70,70,70,70,70,70,70,70,70,70,70,70,70,70,70,70,70,70],"relics":["Astrolabe","Pen Nib","Anchor","Black Star","Ninja Scroll","Blood Vial","Prayer Wheel","Omamori","Shovel","Sundial"],"card_choices":[{"not_picked":["Choke","Calculated Gamble"],"picked":"Infinite Blades"},{"not_picked":["Outmaneuver","Slice"],"picked":"Dash"},{"not_picked":["Expertise","Acrobatics"],"picked":"Prepared"},{"not_picked":["Heel Hook","Dagger Spray"],"picked":"Phantasmal Killer"},{"not_picked":["Choke","Deflect"],"picked":"Backstab"},{"not_picked":["Acrobatics","Predator"],"picked":"Blade Dance"},{"not_picked":["Malaise","Poisoned Stab"],"picked":"Accuracy"},{"not_picked":["Outmaneuver","Deadly Poison"],"picked":"Prepared"},{"not_picked":["Footwork","Catalyst"],"picked":"Finisher"},{"not_picked":["Tactician","Wraith Form"],"picked":"Storm of Steel"},{"not_picked":["Predator","Leg Sweep"],"picked":"Sucker Punch"},{"not_picked":["Outmaneuver","Dagger Spray"],"picked":"Accuracy"},{"not_picked":["Flying Knee","Deflect"],"picked":"Bane"},{"not_picked":["Dagger Throw","Deflect"],"picked":"Outmaneuver"},{"not_picked":["Bane","PiercingWail"],"picked":"Blade Dance"},{"not_picked":["Expertise","Poisoned Stab"],"picked":"Burst"},{"not_picked":["Backflip","Catalyst"],"picked":"All Out Attack"},{"not_picked":["Crippling Poison","Deadly Poison"],"picked":"Flying Knee"},{"not_picked":["Reflex","Distraction"],"picked":"Blur"},{"not_picked":["Poisoned Stab","Underhanded Strike"],"picked":"Blade Dance"}],"player_experience":80098,"potions_floor_usage":[18,23,27,29,30,33],"damage_taken":[{"damage":2,"enemies":"Blue Slaver","floor":1,"turns":3},{"damage":1,"enemies":"Jaw Worm","floor":2,"turns":3},{"damage":0,"enemies":"Small Slimes","floor":3,"turns":3},{"damage":3,"enemies":"Gremlin Gang","floor":4,"turns":4},{"damage":13,"enemies":"Red Slaver","floor":5,"turns":4},{"damage":0,"enemies":"Looter","floor":7,"turns":3},{"damage":5,"enemies":"Large Slime","floor":10,"turns":4},{"damage":0,"enemies":"3 Louse","floor":12,"turns":2},{"damage":0,"enemies":"Exordium Thugs","floor":14,"turns":3},{"damage":2,"enemies":"Slime Boss","floor":16,"turns":8},{"damage":9,"enemies":"2 Thieves","floor":18,"turns":4},{"damage":10,"enemies":"Spheric Guardian","floor":21,"turns":3},{"damage":30,"enemies":"Slavers","floor":23,"turns":6},{"damage":6,"enemies":"Centurion and Healer","floor":25,"turns":5},{"damage":11,"enemies":"3 Cultists","floor":27,"turns":5},{"damage":15,"enemies":"Snecko","floor":28,"turns":3},{"damage":12,"enemies":"Centurion and Healer","floor":29,"turns":4},{"damage":0,"enemies":"Gremlin Leader","floor":30,"turns":6},{"damage":5,"enemies":"Snake Plant","floor":31,"turns":3},{"damage":74,"enemies":"Automaton","floor":33,"turns":6}],"event_choices":[{"event_name":"Accursed Blacksmith","player_choice":"Forge","floor":19,"damage_taken":0},{"event_name":"Addict","player_choice":"Ignored","floor":22,"damage_taken":0}],"boss_relics":[{"not_picked":["Snecko Eye","Question Card"],"picked":"Black Star"}],"potions_floor_spawned":[1,2,4,14,16,21,27,29,30],"seed_played":"7823121138433542205","killed_by":"Automaton","ascension_level":0,"is_trial":false}