{"gold_per_floor":[112,13,188,188,188,188,218,287,287,315,330,330,344,357,357,357],"floor_reached":16,"playtime":867,"items_purged":[],"score":158,"play_id":"494318fe-398b-4aac-9d8f-1f79fe6e8457","local_time":"20190829221253","is_ascension_mode":false,"campfire_choices":[{"floor":6,"key":"REST"},{"data":"Sweeping Beam","floor":12,"key":"SMITH"},{"floor":15,"key":"REST"}],"neow_cost":"NONE","seed_source_timestamp":2505693041282899,"circlet_count":0,"master_deck":["Strike_B","Strike_B","Strike_B","Strike_B","Defend_B","Defend_B","Defend_B","Defend_B","Zap","Dualcast","Sweeping Beam+1","Steam","Fusion","Doubt","Storm","Amplify","Capacitor","Streamline","Redo"],"relics":["Cracked Core","NeowsBlessing","Bag of Preparation","Shuriken","Mummified Hand","Centennial Puzzle","Oddly Smooth Stone"],"potions_floor_usage":[13,13],"damage_taken":[{"damage":0,"enemies":"Small Slimes","floor":1,"turns":1},{"damage":0,"enemies":"Gremlin Nob","floor":7,"turns":1},{"damage":0,"enemies":"Lagavulin","floor":10,"turns":1},{"damage":7,"enemies":"Jaw Worm","floor":11,"turns":4},{"damage":5,"enemies":"2 Louse","floor":13,"turns":2},{"damage":0,"enemies":"Lots of Slimes","floor":14,"turns":3},{"damage":78,"enemies":"Slime Boss","floor":16,"turns":9}],"seed_played":"-2246373973293940757","potions_obtained":[{"floor":1,"key":"LiquidBronze"},{"floor":10,"key":"PowerPotion"},{"floor":13,"key":"SpeedPotion"}],"is_trial":false,"path_per_floor":["M","$","?","?","?","R","E","T","T","E","M","R","M","M","R","B"],"character_chosen":"DEFECT","items_purchased":["Steam","Fusion"],"campfire_rested":2,"item_purchase_floors":[2,2],"current_hp_per_floor":[75,75,75,75,63,75,75,75,75,75,68,68,63,63,75,0],"gold":357,"neow_bonus":"THREE_ENEMY_KILL","is_prod":false,"is_daily":false,"chose_seed":false,"campfire_upgraded":1,"win_rate":0.0,"timestamp":1567134773,"path_taken":["M","$","?","?","?","R","E","?","T","E","M","R","M","M","R","BOSS"],"build_version":"2019-07-17","purchased_purges":0,"victory":false,"max_hp_per_floor":[75,75,75,75,75,75,75,75,75,75,75,75,75,75,75,75],"card_choices":[{"not_picked":["Heatsinks","Darkness"],"picked":"Sweeping Beam","floor":1},{"not_picked":["Double Energy","Barrage"],"picked":"Storm","floor":7},{"not_picked":["Coolheaded","Blizzard"],"picked":"Amplify","floor":10},{"not_picked":["Compile Driver","Sweeping Beam"],"picked":"Capacitor","floor":11},{"not_picked":["Hello World","Coolheaded"],"picked":"Streamline","floor":13},{"not_picked":["Glacier","Coolheaded"],"picked":"Redo","floor":14}],"player_experience":16963,"relics_obtained":[{"floor":7,"key":"Shuriken"},{"floor":8,"key":"Mummified Hand"},{"floor":9,"key":"Centennial Puzzle"},{"floor":10,"key":"Oddly Smooth Stone"}],"event_choices":[{"damage_healed":0,"gold_gain":175,"player_choice":"AGREE","damage_taken":0,"max_hp_gain":0,"max_hp_loss":0,"event_name":"Liars Game","floor":3,"gold_loss":0,"cards_obtained":["Doubt"]},{"damage_healed":0,"gold_gain":0,"player_choice":"Leave","damage_taken":0,"max_hp_gain":0,"max_hp_loss":0,"event_name":"The Cleric","floor":4,"gold_loss":0},{"damage_healed":0,"gold_gain":0,"player_choice":"Success","damage_taken":12,"relics_obtained":["Bag of Preparation"],"max_hp_gain":0,"max_hp_loss":0,"event_name":"Scrap Ooze","floor":5,"gold_loss":0}],"is_beta":false,"boss_relics":[],"items_purged_floors":[],"is_endless":false,"potions_floor_spawned":[1,10,13],"killed_by":"Slime Boss","ascension_level":0}