{"gold_per_floor":[111,126,126,201,376,376,396,396,396,396,410,63,63,107,107,227,227,241,241,159,159,180,180,180,180,180,195,214,214,233,258,258,377,377,400,400,400,425,189,189,225,225,225,225],"floor_reached":44,"playtime":1802,"items_purged":["Doubt"],"score":568,"play_id":"6541e200-fdeb-4e4b-901a-4a8b84c98e29","local_time":"20181129183022","is_ascension_mode":true,"campfire_choices":[{"floor":6.0,"key":"RECALL"},{"floor":10.0,"key":"REST"},{"floor":15.0,"key":"REST"},{"data":"Noxious Fumes","floor":23.0,"key":"SMITH"},{"floor":29.0,"key":"REST"},{"floor":32.0,"key":"REST"},{"floor":40,"key":"REST"},{"data":"Noxious Fumes","floor":42,"key":"SMITH"}],"neow_cost":"NONE","seed_source_timestamp":0,"circlet_count":0,"master_deck":["Defend_G","Defend_G","Defend_G","Defend_G","Defend_G","Strike_G","Strike_G","Strike_G","Strike_G","Survivor","Neutralize","After Image+1","Blade Dance","Noxious Fumes+1","Prepared","Bouncing Flask","Accuracy","Noxious Fumes+1","Corpse Explosion","Infinite Blades","Infinite Blades","Blade Dance","Accuracy","Phantasmal Killer","Adrenaline","After Image+1","Backflip+1","Finisher+1"],"special_seed":0,"relics":["Ring of the Snake","Shuriken","Golden Idol","Vajra","Eternal Feather","Incense Burner","Nloth\u0027s Gift","Meat on the Bone","Lizard Tail","Lantern","WingedGreaves","Pantograph"],"potions_floor_usage":[41],"damage_taken":[{"damage":0.0,"enemies":"2 Louse","floor":1.0,"turns":3.0},{"damage":6.0,"enemies":"Small Slimes","floor":2.0,"turns":4.0},{"damage":1.0,"enemies":"Jaw Worm","floor":7.0,"turns":6.0},{"damage":3.0,"enemies":"2 Fungi Beasts","floor":11.0,"turns":5.0},{"damage":24.0,"enemies":"Gremlin Nob","floor":14.0,"turns":5.0},{"damage":40.0,"enemies":"Slime Boss","floor":16.0,"turns":9.0},{"damage":20.0,"enemies":"3 Byrds","floor":18.0,"turns":3.0},{"damage":18.0,"enemies":"Spheric Guardian","floor":22.0,"turns":5.0},{"damage":33.0,"enemies":"Snake Plant","floor":27.0,"turns":5.0},{"damage":3.0,"enemies":"Centurion and Healer","floor":28.0,"turns":5.0},{"damage":35.0,"enemies":"Cultist and Chosen","floor":30.0,"turns":5.0},{"damage":41.0,"enemies":"Snake Plant","floor":31.0,"turns":5.0},{"damage":48.0,"enemies":"Collector","floor":33.0,"turns":7.0},{"damage":22,"enemies":"Orb Walker","floor":35,"turns":5},{"damage":0,"enemies":"3 Shapes","floor":38,"turns":5},{"damage":83,"enemies":"Giant Head","floor":41,"turns":9},{"damage":69,"enemies":"Transient","floor":44,"turns":4}],"seed_played":"5990394503376513127","potions_obtained":[{"floor":2.0,"key":"Poison Potion"},{"floor":14.0,"key":"Ancient Potion"},{"floor":16.0,"key":"Strength Potion"},{"floor":18.0,"key":"Regen Potion"},{"floor":30.0,"key":"AttackPotion"},{"floor":31.0,"key":"GhostInAJar"},{"floor":35,"key":"Ancient Potion"}],"is_trial":false,"path_per_floor":["M","M","?","?","?","R","M","?","T","R","M","$","?","E","R","B",null,"M","?","$","?","M","R","T","?","T","M","M","R","M","M","R","B",null,"M","?","?","M","$","R","E","R","T","M"],"character_chosen":"THE_SILENT","items_purchased":["Bouncing Flask","Accuracy","Juzu Bracelet","Infinite Blades","Regen Potion","Lantern"],"campfire_rested":5,"item_purchase_floors":[12,12,12,20,39,39],"current_hp_per_floor":[70,64,64,53,53,53,52,40,40,61,58,58,58,34,55,15,56,36,36,36,59,55,67,67,67,67,46,43,70,47,18,51,15,56,46,46,46,46,46,70,47,62,62,0],"gold":225,"neow_bonus":"ONE_RANDOM_RARE_CARD","is_prod":false,"is_daily":false,"chose_seed":false,"campfire_upgraded":2,"win_rate":0,"timestamp":1543512622,"path_taken":["M","M","?","?","?","R","?","?","T","R","M","?","?","E","R","BOSS","M","?","?","?","M","R","?","?","T","M","M","R","?","M","R","BOSS","M","?","?","?","?","R","E","R","T","M"],"build_version":"2018-11-15","purchased_purges":1,"victory":false,"max_hp_per_floor":[70,70,70,70,70,70,70,70,70,70,70,70,70,70,70,70,70,70,70,70,70,70,70,70,70,70,70,70,70,70,70,70,70,70,70,70,70,70,70,70,70,70,70,70],"card_choices":[{"not_picked":["Predator","Bane"],"picked":"Blade Dance","floor":1.0},{"not_picked":["Quick Slash","PiercingWail","Masterful Stab"],"picked":"SKIP","floor":2.0},{"not_picked":["Flying Knee","Dodge and Roll"],"picked":"Noxious Fumes","floor":7.0},{"not_picked":["Dagger Spray","Backflip"],"picked":"Prepared","floor":11.0},{"not_picked":["A Thousand Cuts","Glass Knife"],"picked":"Noxious Fumes","floor":14.0},{"not_picked":["After Image","Tools of the Trade"],"picked":"Corpse Explosion","floor":16.0},{"not_picked":["Finisher","Deadly Poison"],"picked":"Infinite Blades","floor":18.0},{"not_picked":["Setup","Underhanded Strike","Backflip"],"picked":"SKIP","floor":22.0},{"not_picked":["Terror","Quick Slash","Deflect"],"picked":"SKIP","floor":27.0},{"not_picked":["Unload","PiercingWail","Concentrate"],"picked":"SKIP","floor":28.0},{"not_picked":["Concentrate","Flying Knee"],"picked":"Blade Dance","floor":30.0},{"not_picked":["Blade Dance","Malaise"],"picked":"Accuracy","floor":31.0},{"not_picked":["Die Die Die","Wraith Form v2"],"picked":"Phantasmal Killer","floor":33.0},{"not_picked":["Calculated Gamble+1","Expertise"],"picked":"Adrenaline","floor":35},{"not_picked":["Deadly Poison+1","PiercingWail+1"],"picked":"Backflip+1","floor":38},{"not_picked":["Deflect+1","Infinite Blades"],"picked":"Finisher+1","floor":41}],"player_experience":320328,"relics_obtained":[{"floor":14.0,"key":"Vajra"},{"floor":24.0,"key":"Incense Burner"},{"floor":26.0,"key":"Meat on the Bone"},{"floor":41,"key":"WingedGreaves"},{"floor":43,"key":"Pantograph"}],"event_choices":[{"damage_healed":0.0,"max_hp_gain":0.0,"max_hp_loss":0.0,"gold_gain":0.0,"event_name":"Living Wall","player_choice":"Grow","floor":3.0,"gold_loss":0.0,"damage_taken":0.0,"cards_upgraded":["After Image"]},{"damage_healed":0.0,"max_hp_gain":0.0,"max_hp_loss":0.0,"gold_gain":75.0,"event_name":"World of Goop","player_choice":"Gather Gold","floor":4.0,"gold_loss":0.0,"damage_taken":11.0},{"damage_healed":0.0,"max_hp_gain":0.0,"max_hp_loss":0.0,"gold_gain":175.0,"event_name":"Liars Game","player_choice":"AGREE","floor":5.0,"gold_loss":0.0,"damage_taken":0.0,"cards_obtained":["Doubt"]},{"damage_healed":0.0,"max_hp_gain":0.0,"max_hp_loss":0.0,"gold_gain":0.0,"event_name":"Scrap Ooze","player_choice":"Success","floor":8.0,"gold_loss":0.0,"damage_taken":12.0,"relics_obtained":["Shuriken"]},{"damage_healed":0.0,"max_hp_gain":0.0,"max_hp_loss":0.0,"gold_gain":0.0,"event_name":"Golden Idol","player_choice":"Take Wound","floor":13.0,"gold_loss":0.0,"damage_taken":0.0,"relics_obtained":["Golden Idol"],"cards_obtained":["Injury"]},{"cards_removed":["Injury"],"damage_healed":0.0,"max_hp_gain":0.0,"max_hp_loss":0.0,"gold_gain":0.0,"event_name":"Purifier","player_choice":"Purged","floor":19.0,"gold_loss":0.0,"damage_taken":0.0},{"damage_healed":23.0,"max_hp_gain":0.0,"max_hp_loss":0.0,"gold_gain":0.0,"event_name":"The Library","player_choice":"Heal","floor":21.0,"gold_loss":0.0,"damage_taken":0.0},{"damage_healed":0.0,"max_hp_gain":0.0,"max_hp_loss":0.0,"gold_gain":0.0,"event_name":"N\u0027loth","player_choice":"Traded Relic","floor":25.0,"relics_lost":["Juzu Bracelet"],"gold_loss":0.0,"damage_taken":0.0,"relics_obtained":["Nloth\u0027s Gift"]},{"cards_removed":["Strike_G"],"damage_healed":0,"gold_gain":0,"player_choice":"Removed Attack","damage_taken":0,"max_hp_gain":0,"max_hp_loss":0,"event_name":"Falling","floor":36,"gold_loss":0},{"damage_healed":0,"gold_gain":0,"player_choice":"Copied","damage_taken":0,"max_hp_gain":0,"max_hp_loss":0,"event_name":"Duplicator","floor":37,"gold_loss":0,"cards_obtained":["After Image"]}],"is_beta":false,"boss_relics":[{"not_picked":["Ectoplasm","HoveringKite"],"picked":"Eternal Feather"},{"not_picked":["Snecko Eye","Coffee Dripper"],"picked":"Lizard Tail"}],"items_purged_floors":[12],"is_endless":false,"potions_floor_spawned":[2,14,16,18,30,31,35],"killed_by":"Transient","ascension_level":5}