{"gold_per_floor":[114,129,144,159,174,204,204,234,234,249,279,294,324,339,339,439,439,454,469,484,499,499,499,529,559,559,574,589,176,191,221,221,321,321,336,351,366,381,396,426,426,456,456,456,471,471,501,516,516,516],"floor_reached":51,"playtime":5068,"items_purged":["Deflect"],"score":1039,"play_id":"b1d833cf-1cfb-460a-a992-2eaa5c8330b8","local_time":"20190720105236","daily_mods":["Draft","Vintage","Lethality"],"is_ascension_mode":false,"campfire_choices":[{"data":"Accuracy","floor":15,"key":"SMITH"},{"data":"Phantasmal Killer","floor":23,"key":"SMITH"},{"data":"Cloak And Dagger","floor":32,"key":"SMITH"},{"data":"Cloak And Dagger","floor":41,"key":"SMITH"},{"data":"Concentrate","floor":46,"key":"SMITH"},{"data":"Blade Dance","floor":49,"key":"SMITH"}],"neow_cost":"","seed_source_timestamp":0,"circlet_count":0,"master_deck":["Blade Dance+1","Blade Dance","Infinite Blades","Outmaneuver","Blade Dance+1","Cloak And Dagger+1","Quick Slash+1","Backflip","Blade Dance","Cloak And Dagger+1","Accuracy+1","Blade Dance","Footwork+1","Concentrate+1","Cloak And Dagger+1","Phantasmal Killer+1","Outmaneuver"],"special_seed":18097,"relics":["Ring of the Snake","Bird Faced Urn","Ice Cream","Frozen Egg 2","Centennial Puzzle","WingedGreaves","Letter Opener","Bag of Marbles","Molten Egg 2","War Paint","Bag of Preparation","Bottled Tornado","Kunai","Sundial","Lizard Tail","Question Card","Juzu Bracelet","Gremlin Horn","Potion Belt","Darkstone Periapt","Pear","Matryoshka","MawBank","Lantern","Medical Kit","Anchor","Mercury Hourglass","Busted Crown","Snake Skull","Happy Flower","Blood Vial","PreservedInsect","Meat on the Bone","Pen Nib","Shuriken","Ninja Scroll","Dodecahedron","Paper Crane","Omamori","Whetstone"],"potions_floor_usage":[20],"damage_taken":[{"damage":2,"enemies":"Jaw Worm","floor":1,"turns":2},{"damage":0,"enemies":"Cultist","floor":2,"turns":2},{"damage":0,"enemies":"2 Louse","floor":3,"turns":1},{"damage":17,"enemies":"Red Slaver","floor":4,"turns":4},{"damage":0,"enemies":"Large Slime","floor":5,"turns":3},{"damage":11,"enemies":"Gremlin Nob","floor":6,"turns":3},{"damage":4,"enemies":"3 Sentries","floor":8,"turns":3},{"damage":0,"enemies":"3 Louse","floor":10,"turns":3},{"damage":0,"enemies":"Gremlin Nob","floor":11,"turns":2},{"damage":0,"enemies":"Exordium Wildlife","floor":12,"turns":3},{"damage":0,"enemies":"Lagavulin","floor":13,"turns":4},{"damage":0,"enemies":"2 Fungi Beasts","floor":14,"turns":1},{"damage":58,"enemies":"The Guardian","floor":16,"turns":8},{"damage":8,"enemies":"Chosen","floor":18,"turns":3},{"damage":0,"enemies":"3 Byrds","floor":19,"turns":4},{"damage":19,"enemies":"Snake Plant","floor":20,"turns":3},{"damage":0,"enemies":"Centurion and Healer","floor":21,"turns":2},{"damage":0,"enemies":"Slavers","floor":24,"turns":6},{"damage":0,"enemies":"Gremlin Leader","floor":25,"turns":2},{"damage":9,"enemies":"Cultist and Chosen","floor":27,"turns":5},{"damage":18,"enemies":"Snake Plant","floor":28,"turns":3},{"damage":0,"enemies":"Chosen and Byrds","floor":30,"turns":3},{"damage":1,"enemies":"Book of Stabbing","floor":31,"turns":3},{"damage":3,"enemies":"Automaton","floor":33,"turns":5},{"damage":0,"enemies":"Orb Walker","floor":35,"turns":1},{"damage":0,"enemies":"3 Darklings","floor":36,"turns":1},{"damage":0,"enemies":"Jaw Worm Horde","floor":37,"turns":1},{"damage":0,"enemies":"Maw","floor":38,"turns":3},{"damage":2,"enemies":"Writhing Mass","floor":39,"turns":3},{"damage":3,"enemies":"Nemesis","floor":40,"turns":3},{"damage":0,"enemies":"Giant Head","floor":42,"turns":2},{"damage":0,"enemies":"3 Darklings","floor":45,"turns":1},{"damage":0,"enemies":"Nemesis","floor":47,"turns":1},{"damage":0,"enemies":"Maw","floor":48,"turns":2},{"damage":13,"enemies":"Awakened One","floor":50,"turns":4}],"seed_played":"-5512153490597295687","potions_obtained":[{"floor":3,"key":"FairyPotion"},{"floor":6,"key":"Swift Potion"},{"floor":8,"key":"Poison Potion"},{"floor":12,"key":"PowerPotion"},{"floor":13,"key":"Strength Potion"},{"floor":20,"key":"SteroidPotion"},{"floor":28,"key":"Swift Potion"},{"floor":30,"key":"SkillPotion"},{"floor":31,"key":"Dexterity Potion"},{"floor":36,"key":"GhostInAJar"},{"floor":37,"key":"Strength Potion"}],"is_trial":false,"path_per_floor":["M","M","M","M","M","E","?","E","T","M","E","M","E","M","R","B",null,"M","M","M","M","?","R","E","E","T","M","M","$","M","E","R","B",null,"M","M","M","M","M","E","R","E","T","?","M","R","E","M","R","B",null],"character_chosen":"THE_SILENT","items_purchased":["Lantern","Medical Kit"],"campfire_rested":0,"item_purchase_floors":[29,29],"current_hp_per_floor":[68,70,70,57,61,54,54,56,56,62,64,68,70,70,70,12,70,64,70,51,55,55,55,61,65,75,72,60,60,66,71,71,74,80,80,80,80,80,80,79,79,80,80,80,80,80,80,80,80,67],"gold":516,"neow_bonus":"","is_prod":false,"is_daily":true,"chose_seed":false,"campfire_upgraded":6,"win_rate":0,"timestamp":1563587556,"path_taken":["M","M","M","M","M","E","?","E","T","M","E","M","E","M","R","BOSS","M","M","M","M","?","R","E","E","T","M","M","$","M","E","R","BOSS","M","M","M","M","M","E","R","E","T","?","M","R","E","M","R","BOSS"],"build_version":"2019-07-05","purchased_purges":1,"victory":true,"max_hp_per_floor":[70,70,70,70,70,70,70,70,70,70,70,70,70,70,70,70,70,70,70,70,70,70,70,70,70,80,80,80,80,80,80,80,80,80,80,80,80,80,80,80,80,80,80,80,80,80,80,80,80,80],"card_choices":[{"not_picked":["Deadly Poison","Tactician"],"picked":"Blade Dance","floor":0},{"not_picked":["Sucker Punch","Footwork"],"picked":"Blade Dance","floor":0},{"not_picked":["Prepared","Acrobatics"],"picked":"Infinite Blades","floor":0},{"not_picked":["Deadly Poison","Caltrops"],"picked":"Outmaneuver","floor":0},{"not_picked":["All Out Attack","Deflect"],"picked":"Acrobatics","floor":0},{"not_picked":["Dagger Spray","Sucker Punch"],"picked":"Blade Dance","floor":0},{"not_picked":["Backstab","Deadly Poison"],"picked":"Deflect","floor":0},{"not_picked":["Bouncing Flask","Quick Slash"],"picked":"Cloak And Dagger","floor":0},{"not_picked":["Dodge and Roll","Flying Knee"],"picked":"Quick Slash","floor":0},{"not_picked":["Predator","Blur"],"picked":"Backflip","floor":0},{"not_picked":["Bouncing Flask","Flechettes"],"picked":"Flying Knee","floor":0},{"not_picked":["Deadly Poison","Underhanded Strike"],"picked":"Blade Dance","floor":0},{"not_picked":["Riddle With Holes","Noxious Fumes"],"picked":"Cloak And Dagger","floor":0},{"not_picked":["Expertise","Calculated Gamble"],"picked":"Accuracy","floor":0},{"not_picked":["Quick Slash","Bouncing Flask"],"picked":"Blade Dance","floor":0},{"not_picked":["Caltrops+1","Prepared"],"picked":"Footwork+1","floor":6},{"not_picked":["Backstab","Heel Hook"],"picked":"Cloak And Dagger","floor":8},{"not_picked":["Flechettes+1","All Out Attack+1","Crippling Poison"],"picked":"SKIP","floor":11},{"not_picked":["Cloak And Dagger","Night Terror","Concentrate"],"picked":"SKIP","floor":13},{"not_picked":["Unload+1","Bullet Time"],"picked":"Phantasmal Killer","floor":16},{"not_picked":["Slice+1","Poisoned Stab+1","Deadly Poison+1","Blade Dance"],"picked":"SKIP","floor":24},{"not_picked":["Dagger Spray+1","Skewer+1","Tactician","Outmaneuver"],"picked":"SKIP","floor":25},{"not_picked":["Flechettes+1","Prepared","PiercingWail","Dagger Throw+1"],"picked":"SKIP","floor":31},{"not_picked":["Catalyst+1","Distraction"],"picked":"SKIP","floor":40},{"not_picked":["Footwork+1","Dagger Spray+1"],"picked":"SKIP","floor":42},{"not_picked":["Slice+1","Eviscerate+1"],"picked":"SKIP","floor":47}],"player_experience":313691,"relics_obtained":[{"floor":1,"key":"Bird Faced Urn"},{"floor":2,"key":"Ice Cream"},{"floor":3,"key":"Frozen Egg 2"},{"floor":4,"key":"Centennial Puzzle"},{"floor":5,"key":"WingedGreaves"},{"floor":6,"key":"Letter Opener"},{"floor":8,"key":"Bag of Marbles"},{"floor":9,"key":"Molten Egg 2"},{"floor":10,"key":"War Paint"},{"floor":11,"key":"Bag of Preparation"},{"floor":12,"key":"Bottled Tornado"},{"floor":13,"key":"Kunai"},{"floor":14,"key":"Sundial"},{"floor":18,"key":"Question Card"},{"floor":19,"key":"Juzu Bracelet"},{"floor":21,"key":"Gremlin Horn"},{"floor":24,"key":"Potion Belt"},{"floor":25,"key":"Darkstone Periapt"},{"floor":26,"key":"Pear"},{"floor":27,"key":"Matryoshka"},{"floor":28,"key":"MawBank"},{"floor":30,"key":"Anchor"},{"floor":31,"key":"Mercury Hourglass"},{"floor":35,"key":"Snake Skull"},{"floor":36,"key":"Happy Flower"},{"floor":37,"key":"Blood Vial"},{"floor":38,"key":"PreservedInsect"},{"floor":39,"key":"Meat on the Bone"},{"floor":40,"key":"Pen Nib"},{"floor":42,"key":"Shuriken"},{"floor":43,"key":"Ninja Scroll"},{"floor":43,"key":"Dodecahedron"},{"floor":45,"key":"Paper Crane"},{"floor":47,"key":"Omamori"},{"floor":48,"key":"Whetstone"}],"event_choices":[{"damage_healed":0,"gold_gain":0,"cards_transformed":["Acrobatics"],"player_choice":"Transformed","damage_taken":0,"max_hp_gain":0,"max_hp_loss":0,"event_name":"Transmorgrifier","floor":7,"gold_loss":0,"cards_obtained":["Concentrate"]},{"damage_healed":0,"gold_gain":0,"player_choice":"Ignored","damage_taken":0,"max_hp_gain":0,"max_hp_loss":0,"event_name":"Vampires","floor":22,"gold_loss":0},{"damage_healed":0,"gold_gain":0,"cards_transformed":["Flying Knee"],"player_choice":"Transformed","damage_taken":0,"max_hp_gain":0,"max_hp_loss":0,"event_name":"Transmorgrifier","floor":44,"gold_loss":0,"cards_obtained":["Outmaneuver"]}],"is_beta":false,"boss_relics":[{"not_picked":["Fusion Hammer","Astrolabe"],"picked":"Lizard Tail"},{"not_picked":["Sozu","Runic Pyramid"],"picked":"Busted Crown"}],"items_purged_floors":[29],"is_endless":false,"potions_floor_spawned":[3,6,8,12,13,16,18,19,20,28,30,31,35,36,37,45],"ascension_level":0}