{"gold_per_floor":[118,132,147,147,164,73,83,83,110,122,153,153,171,171,171,171],"floor_reached":16,"playtime":815,"items_purged":[],"score":200,"play_id":"bb2ca5d7-ef61-4e7e-8d3c-666459c60646","local_time":"20190828214506","is_ascension_mode":true,"campfire_choices":[{"data":"Evolve","floor":8.0,"key":"SMITH"},{"floor":12.0,"key":"REST"},{"floor":15.0,"key":"REST"}],"neow_cost":"NONE","seed_source_timestamp":0,"circlet_count":0,"master_deck":["AscendersBane","Strike_R","Strike_R","Strike_R","Strike_R","Strike_R","Defend_R","Defend_R","Defend_R","Defend_R","Bash","Evolve+1","Wild Strike","Reckless Charge","Reckless Charge","Metallicize","Armaments","Headbutt","Brutality","Rage"],"special_seed":0,"relics":["Burning Blood","Omamori","Boot","Strawberry"],"potions_floor_usage":[],"damage_taken":[{"damage":5.0,"enemies":"Cultist","floor":1.0,"turns":5.0},{"damage":12.0,"enemies":"Small Slimes","floor":2.0,"turns":4.0},{"damage":0.0,"enemies":"2 Louse","floor":3.0,"turns":2.0},{"damage":26.0,"enemies":"Lots of Slimes","floor":5.0,"turns":5.0},{"damage":12.0,"enemies":"3 Louse","floor":7.0,"turns":5.0},{"damage":12.0,"enemies":"Exordium Wildlife","floor":10.0,"turns":5.0},{"damage":35.0,"enemies":"Gremlin Nob","floor":11.0,"turns":4.0},{"damage":13.0,"enemies":"Blue Slaver","floor":13.0,"turns":2.0},{"damage":22.0,"enemies":"3 Sentries","floor":14.0,"turns":6.0},{"damage":0,"enemies":"Slime Boss","floor":16,"turns":1}],"seed_played":"2110056915028324575","potions_obtained":[{"floor":1.0,"key":"Dexterity Potion"},{"floor":3.0,"key":"Strength Potion"},{"floor":4.0,"key":"SmokeBomb"}],"is_trial":false,"path_per_floor":["M","M","M","?","M","$","M","R","T","M","E","R","M","E","R","B"],"character_chosen":"IRONCLAD","items_purchased":["Metallicize","Armaments"],"campfire_rested":2,"item_purchase_floors":[6,6],"current_hp_per_floor":[69,63,69,69,49,49,43,43,43,37,15,39,32,16,40,40],"gold":171,"neow_bonus":"RANDOM_COMMON_RELIC","is_prod":false,"is_daily":false,"chose_seed":false,"campfire_upgraded":1,"win_rate":0,"timestamp":1567053906,"path_taken":["M","M","?","?","?","?","M","R","T","?","E","R","M","E","R","BOSS"],"build_version":"2019-07-17","purchased_purges":0,"victory":false,"max_hp_per_floor":[75,75,75,75,75,75,75,75,75,75,82,82,82,82,82,82],"card_choices":[{"not_picked":["Sever Soul","Ghostly Armor"],"picked":"Evolve","floor":1.0},{"not_picked":["Feel No Pain","Flex"],"picked":"Wild Strike","floor":2.0},{"not_picked":["Warcry","Seeing Red"],"picked":"Reckless Charge","floor":3.0},{"not_picked":["Pommel Strike","Dropkick"],"picked":"Reckless Charge","floor":5.0},{"not_picked":["Evolve","Warcry"],"picked":"Headbutt","floor":7.0},{"not_picked":["Havoc","Thunderclap"],"picked":"Brutality","floor":10.0},{"not_picked":["Clothesline","Havoc","True Grit"],"picked":"SKIP","floor":11.0},{"not_picked":["Burning Pact","Clash"],"picked":"Rage","floor":13.0}],"player_experience":276223,"relics_obtained":[{"floor":9.0,"key":"Boot"},{"floor":11.0,"key":"Strawberry"}],"event_choices":[{"damage_healed":0.0,"max_hp_gain":0.0,"max_hp_loss":0.0,"gold_gain":0.0,"event_name":"Lab","player_choice":"Got Potions","floor":4.0,"gold_loss":0.0,"damage_taken":0.0}],"is_beta":false,"boss_relics":[],"items_purged_floors":[],"is_endless":false,"potions_floor_spawned":[1,3,10],"killed_by":"Slime Boss","ascension_level":15}