{"gold_per_floor":[117,133,146,164,179,210,210,210,283,27,27,61,136,154,154,275,275,291,311,201,101,101,144,144,157,157,157,200,214,214,66,66,194,194,209,2,2,2,27,60,83,83,83,104,54,79,79,79,79,79],"floor_reached":51,"playtime":3284,"items_purged":["Chill","Turbo","Redo","Steam"],"score":832,"play_id":"ddf221e8-26e4-48a0-861b-a1f2473c035d","local_time":"20190627203200","daily_mods":["Draft"],"is_ascension_mode":false,"campfire_choices":[{"data":"FTL","floor":7,"key":"SMITH"},{"data":"FTL","floor":11,"key":"SMITH"},{"data":"Scrape","floor":15,"key":"SMITH"},{"data":"Master of Strategy","floor":24,"key":"SMITH"},{"data":"Go for the Eyes","floor":27,"key":"SMITH"},{"data":"Gash","floor":30,"key":"SMITH"},{"data":"Gash","floor":32,"key":"SMITH"},{"data":"Seek","floor":42,"key":"SMITH"},{"data":"Gash","floor":49,"key":"SMITH"}],"neow_cost":"","seed_source_timestamp":729783964747879,"circlet_count":0,"master_deck":["Gash","Hologram","Go for the Eyes","FTL+1","Coolheaded","Rebound","Go for the Eyes+1","FTL+1","Steam","Gash+1","Gash+1","Gash","Scrape+1","Master of Strategy+1","Gash","FTL+1","Beam Cell+1","Rebound","Gash+1","Seek+1","Scrape+1","Scrape+1","Master of Strategy+1","Beam Cell+1"],"relics":["Cracked Core","Blood Vial","Golden Idol","Matryoshka","FossilizedHelix","Eternal Feather","Oddly Smooth Stone","Shuriken","Regal Pillow","Bag of Preparation","Red Mask","Nuclear Battery","DollysMirror","Pen Nib","Mummified Hand","Smiling Mask"],"potions_floor_usage":[33,48,50],"damage_taken":[{"damage":0,"enemies":"Small Slimes","floor":1,"turns":2},{"damage":0,"enemies":"Cultist","floor":2,"turns":3},{"damage":0,"enemies":"2 Louse","floor":3,"turns":2},{"damage":0,"enemies":"Red Slaver","floor":4,"turns":2},{"damage":0,"enemies":"Looter","floor":5,"turns":3},{"damage":13,"enemies":"3 Sentries","floor":6,"turns":4},{"damage":0,"enemies":"Gremlin Nob","floor":12,"turns":3},{"damage":0,"enemies":"3 Louse","floor":14,"turns":3},{"damage":1,"enemies":"Hexaghost","floor":16,"turns":5},{"damage":0,"enemies":"2 Thieves","floor":18,"turns":3},{"damage":0,"enemies":"Chosen","floor":19,"turns":3},{"damage":6,"enemies":"Gremlin Leader","floor":23,"turns":3},{"damage":0,"enemies":"Centurion and Healer","floor":25,"turns":2},{"damage":0,"enemies":"Masked Bandits","floor":28,"turns":2},{"damage":0,"enemies":"Cultist and Chosen","floor":29,"turns":2},{"damage":0,"enemies":"Automaton","floor":33,"turns":4},{"damage":7,"enemies":"3 Darklings","floor":35,"turns":2},{"damage":0,"enemies":"Orb Walker","floor":39,"turns":1},{"damage":0,"enemies":"Nemesis","floor":40,"turns":1},{"damage":0,"enemies":"Jaw Worm Horde","floor":41,"turns":1},{"damage":0,"enemies":"3 Darklings","floor":44,"turns":1},{"damage":0,"enemies":"Spire Growth","floor":46,"turns":2},{"damage":0,"enemies":"Transient","floor":48,"turns":1},{"damage":40,"enemies":"Time Eater","floor":50,"turns":5}],"seed_played":"-5534797575572790799","potions_obtained":[{"floor":1,"key":"AttackPotion"},{"floor":3,"key":"EssenceOfSteel"},{"floor":4,"key":"Weak Potion"},{"floor":5,"key":"SteroidPotion"},{"floor":40,"key":"SmokeBomb"},{"floor":41,"key":"GamblersBrew"}],"is_trial":true,"path_per_floor":["M","M","M","M","M","E","R","?","T","$","R","E","?","M","R","B",null,"M","M","?","$","?","E","R","M","T","R","?","M","R","$","R","B",null,"M","$","?","?","M","E","M","R","T","M","$","M","?","M","R","B",null],"character_chosen":"DEFECT","items_purchased":["Master of Strategy","Gash","DollysMirror"],"campfire_rested":0,"item_purchase_floors":[10,31,36],"current_hp_per_floor":[75,75,75,75,75,62,62,44,44,44,44,46,35,37,37,38,75,75,75,75,75,75,69,75,75,75,75,75,75,75,75,75,75,75,68,68,68,68,70,72,74,75,75,75,75,75,75,75,75,35],"gold":79,"neow_bonus":"","is_prod":false,"is_daily":false,"chose_seed":false,"campfire_upgraded":9,"win_rate":0,"timestamp":1561635120,"path_taken":["M","M","M","M","M","E","R","?","T","$","R","E","?","M","R","BOSS","M","M","?","?","?","E","R","?","T","R","?","M","R","$","R","BOSS","M","$","?","?","M","E","M","R","T","M","$","?","?","M","R","BOSS"],"build_version":"2019-01-23","purchased_purges":4,"victory":true,"max_hp_per_floor":[75,75,75,75,75,75,75,75,75,75,75,75,75,75,75,75,75,75,75,75,75,75,75,75,75,75,75,75,75,75,75,75,75,75,75,75,75,75,75,75,75,75,75,75,75,75,75,75,75,75],"card_choices":[{"not_picked":["Go for the Eyes","Redo"],"picked":"Gash","floor":0},{"not_picked":["Ball Lightning","Defragment"],"picked":"Hologram","floor":0},{"not_picked":["Stack","Ball Lightning"],"picked":"Go for the Eyes","floor":0},{"not_picked":["Doom and Gloom","Melter"],"picked":"FTL","floor":0},{"not_picked":["Streamline","Steam Power"],"picked":"Chill","floor":0},{"not_picked":["Leap","Self Repair"],"picked":"Coolheaded","floor":0},{"not_picked":["Hologram","Chaos"],"picked":"Stack","floor":0},{"not_picked":["Sweeping Beam","Conserve Battery"],"picked":"Rebound","floor":0},{"not_picked":["Sweeping Beam","Tempest"],"picked":"Redo","floor":0},{"not_picked":["Sweeping Beam","Ball Lightning"],"picked":"Steam","floor":0},{"not_picked":["Consume","Reinforced Body"],"picked":"Go for the Eyes","floor":0},{"not_picked":["Compile Driver","Coolheaded"],"picked":"FTL","floor":0},{"not_picked":["Redo","Coolheaded"],"picked":"Steam","floor":0},{"not_picked":["Redo","Blizzard"],"picked":"Turbo","floor":0},{"not_picked":["Sweeping Beam","Leap"],"picked":"Gash","floor":0},{"not_picked":["Cold Snap","Stack","Tempest"],"picked":"SKIP","floor":1},{"not_picked":["Conserve Battery","Redo"],"picked":"Gash","floor":2},{"not_picked":["Core Surge","Fusion"],"picked":"Gash","floor":3},{"not_picked":["BootSequence","Sweeping Beam","Sunder"],"picked":"SKIP","floor":4},{"not_picked":["Steam Power","Steam"],"picked":"Scrape","floor":5},{"not_picked":["Beam Cell","Thunder Strike","Barrage"],"picked":"SKIP","floor":6},{"not_picked":["Compile Driver","Force Field","Leap"],"picked":"SKIP","floor":12},{"not_picked":["Glacier","Rebound"],"picked":"Gash","floor":14},{"not_picked":["Sweeping Beam","Glacier"],"picked":"FTL+1","floor":18},{"not_picked":["Stack","Sunder"],"picked":"Beam Cell","floor":19},{"not_picked":["Beam Cell+1","Chaos"],"picked":"Rebound","floor":23},{"not_picked":["Darkness","Redo","Melter"],"picked":"SKIP","floor":25},{"not_picked":["Barrage+1","Stack","Coolheaded"],"picked":"SKIP","floor":29},{"not_picked":["Thunder Strike","Fission"],"picked":"Seek","floor":33},{"not_picked":["Beam Cell+1","Darkness+1"],"picked":"Scrape+1","floor":35},{"not_picked":["Leap","Hello World+1"],"picked":"Beam Cell+1","floor":39},{"not_picked":["Turbo+1","Hyperbeam","Undo"],"picked":"SKIP","floor":40},{"not_picked":["Rip and Tear","Beam Cell+1","Streamline"],"picked":"SKIP","floor":41},{"not_picked":["Chill","Coolheaded+1","Steam"],"picked":"SKIP","floor":44},{"not_picked":["Compile Driver+1","Electrodynamics","Ball Lightning+1"],"picked":"SKIP","floor":46}],"player_experience":75617,"relics_obtained":[{"floor":6,"key":"Blood Vial"},{"floor":9,"key":"Matryoshka"},{"floor":12,"key":"FossilizedHelix"},{"floor":23,"key":"Shuriken"},{"floor":26,"key":"Regal Pillow"},{"floor":26,"key":"Bag of Preparation"},{"floor":28,"key":"Red Mask"},{"floor":40,"key":"Pen Nib"},{"floor":43,"key":"Mummified Hand"},{"floor":43,"key":"Smiling Mask"}],"event_choices":[{"damage_healed":0,"gold_gain":0,"player_choice":"Take Damage","damage_taken":18,"relics_obtained":["Golden Idol"],"max_hp_gain":0,"max_hp_loss":0,"event_name":"Golden Idol","floor":8,"gold_loss":0},{"damage_healed":0,"gold_gain":75,"player_choice":"Gather Gold","damage_taken":11,"max_hp_gain":0,"max_hp_loss":0,"event_name":"World of Goop","floor":13,"gold_loss":0},{"damage_healed":0,"gold_gain":0,"player_choice":"Paid Gold","damage_taken":0,"relics_obtained":["Oddly Smooth Stone"],"max_hp_gain":0,"max_hp_loss":0,"event_name":"WeMeetAgain","floor":20,"gold_loss":110},{"damage_healed":0,"gold_gain":0,"player_choice":"Upgraded","damage_taken":0,"max_hp_gain":0,"max_hp_loss":0,"event_name":"Upgrade Shrine","floor":22,"gold_loss":0,"cards_upgraded":["Beam Cell"]},{"damage_healed":0,"gold_gain":0,"player_choice":"Fought Bandits","damage_taken":0,"max_hp_gain":0,"max_hp_loss":0,"event_name":"Masked Bandits","floor":28,"gold_loss":0},{"damage_healed":0,"gold_gain":0,"player_choice":"Memory 1","damage_taken":0,"max_hp_gain":0,"max_hp_loss":0,"event_name":"SensoryStone","floor":37,"gold_loss":0},{"damage_healed":0,"gold_gain":0,"player_choice":"Copied","damage_taken":0,"max_hp_gain":0,"max_hp_loss":0,"event_name":"Duplicator","floor":38,"gold_loss":0,"cards_obtained":["Master of Strategy"]},{"cards_removed":["Stack"],"damage_healed":0,"gold_gain":0,"player_choice":"Removed Skill","damage_taken":0,"max_hp_gain":0,"max_hp_loss":0,"event_name":"Falling","floor":47,"gold_loss":0}],"is_beta":false,"boss_relics":[{"not_picked":["Velvet Choker","Inserter"],"picked":"Eternal Feather"},{"not_picked":["Busted Crown","Runic Dome"],"picked":"Nuclear Battery"}],"items_purged_floors":[10,21,31,45],"is_endless":false,"potions_floor_spawned":[1,3,4,5,23,25,29,40,41,46],"ascension_level":0}