{"path_per_floor":["M","M","M","?","?","R","E","R","T","M","M","E","R","T","R","B",null,"M","?","M","?"],"character_chosen":"DEFECT","items_purchased":[],"gold_per_floor":[217,234,245,245,245,245,280,280,329,343,362,396,396,396,396,498,498,509,509,519,519,519],"floor_reached":22,"campfire_rested":2,"playtime":917,"item_purchase_floors":[],"current_hp_per_floor":[75,69,65,50,50,50,42,42,42,39,31,23,45,45,67,34,75,64,50,19,19,0],"items_purged":[],"gold":519,"score":213,"play_id":"4b9e2bd9-4c6c-4cf9-a74b-da30497e4584","local_time":"20180618150129","is_prod":false,"is_daily":false,"chose_seed":false,"is_ascension_mode":true,"campfire_upgraded":2,"win_rate":0,"timestamp":1529326889,"campfire_choices":[{"data":"Zap","floor":6,"key":"SMITH"},{"data":"Gash","floor":8,"key":"SMITH"},{"floor":13,"key":"REST"},{"floor":15,"key":"REST"}],"path_taken":["M","M","?","?","?","R","E","R","T","M","M","E","R","?","R","BOSS","M","?","M","?","?"],"build_version":"2018-06-14v2","seed_source_timestamp":574531080108878,"purchased_purges":0,"victory":false,"master_deck":["Strike_B","Strike_B","Strike_B","Strike_B","Defend_B+1","Defend_B","Defend_B","Defend_B","Zap+1","Dualcast","Gash+1","Ball Lightning","Reprogram","Gash+1","Redo","Loop","Defragment","All For One+1","Redo+1","Gash+1"],"max_hp_per_floor":[75,75,75,75,75,75,75,75,75,75,75,75,75,75,75,75,75,75,80,80,80,80],"relics":["Cracked Core","Omamori","Orichalcum","Molten Egg 2","Matryoshka","Nuclear Battery","Toxic Egg 2"],"card_choices":[{"not_picked":["Genetic Algorithm","Leap"],"picked":"Gash","floor":1},{"not_picked":["Scrape","Coolheaded"],"picked":"Ball Lightning","floor":2},{"not_picked":["Barrage","Cold Snap"],"picked":"Reprogram","floor":3},{"not_picked":["Auto Shields","Hologram"],"picked":"Gash","floor":7},{"not_picked":["Streamline","Genetic Algorithm"],"picked":"Redo","floor":10},{"not_picked":["Redo","Go for the Eyes"],"picked":"Loop","floor":11},{"not_picked":["Doom and Gloom","Streamline"],"picked":"Defragment","floor":12},{"not_picked":["Buffer","Fission"],"picked":"All For One+1","floor":16},{"not_picked":["Compile Driver+1","Hologram"],"picked":"Redo+1","floor":18},{"not_picked":["Consume+1","Compile Driver+1"],"picked":"Gash+1","floor":20}],"player_experience":160942,"potions_floor_usage":[10,12,16],"damage_taken":[{"damage":0,"enemies":"Cultist","floor":1,"turns":4},{"damage":6,"enemies":"2 Louse","floor":2,"turns":2},{"damage":4,"enemies":"Jaw Worm","floor":3,"turns":3},{"damage":8,"enemies":"Gremlin Nob","floor":7,"turns":3},{"damage":3,"enemies":"Looter","floor":10,"turns":2},{"damage":8,"enemies":"Blue Slaver","floor":11,"turns":2},{"damage":8,"enemies":"3 Sentries","floor":12,"turns":5},{"damage":33,"enemies":"The Guardian","floor":16,"turns":8},{"damage":11,"enemies":"3 Byrds","floor":18,"turns":4},{"damage":31,"enemies":"Chosen","floor":20,"turns":5},{"damage":19,"enemies":"Snake Plant","floor":22,"turns":1}],"relics_obtained":[{"floor":7,"key":"Omamori"},{"floor":9,"key":"Orichalcum"},{"floor":12,"key":"Molten Egg 2"},{"floor":14,"key":"Matryoshka"}],"event_choices":[{"event_name":"Shining Light","player_choice":"Entered Light","floor":4,"damage_taken":0},{"event_name":"The Cleric","player_choice":"Leave","floor":5,"damage_taken":0},{"event_name":"Forgotten Altar","player_choice":"Shed Blood","floor":19,"damage_taken":0},{"event_name":"Accursed Blacksmith","player_choice":"Rummage","floor":21,"damage_taken":0}],"boss_relics":[{"not_picked":["Philosopher\u0027s Stone","Cursed Key"],"picked":"Nuclear Battery"}],"items_purged_floors":[],"is_endless":false,"potions_floor_spawned":[1,7,11,16],"seed_played":"4146877943184567943","killed_by":"Snake Plant","ascension_level":2,"potions_obtained":[{"floor":1,"key":"LiquidBronze"},{"floor":7,"key":"PowerPotion"},{"floor":11,"key":"SteroidPotion"},{"floor":16,"key":"SteroidPotion"}],"is_trial":false}