{"gold_per_floor":[114,114,130,148,148,148,176,46,93,93,112,132,132,162,162,239,239,223,223,53,107,124,124,144,144,170,170,187,202,237,40,40,113,113,123,123,48,61,78,78,111,111,138,152,152,163,163,173,173,173],"floor_reached":51,"playtime":3908,"items_purged":["Strike_R","Defend_R"],"score":1175,"play_id":"58b3d189-bada-4813-b482-50c50c99c594","local_time":"20190828123312","is_ascension_mode":true,"campfire_choices":[{"data":"Shockwave","floor":6,"key":"SMITH"},{"data":"Metallicize","floor":13,"key":"SMITH"},{"floor":15,"key":"REST"},{"data":"Juggernaut","floor":23,"key":"SMITH"},{"data":"True Grit","floor":25,"key":"SMITH"},{"data":"Armaments","floor":32,"key":"SMITH"},{"data":"Metallicize","floor":40,"key":"SMITH"},{"floor":45,"key":"REST"},{"data":"Feel No Pain","floor":47,"key":"SMITH"},{"floor":49,"key":"REST"}],"neow_cost":"NONE","seed_source_timestamp":741387659220500,"circlet_count":0,"master_deck":["AscendersBane","Strike_R","Defend_R","Defend_R","Defend_R","Bash","Madness","Reckless Charge","Shockwave+1","Battle Trance","Metallicize+1","Feed+1","Metallicize+1","Ghostly Armor","Juggernaut+1","Feel No Pain","Disarm","Disarm+1","Armaments+1","Feel No Pain+1","Barricade","Exhume","Body Slam","Iron Wave","Feel No Pain","Entrench","Body Slam+1","Decay"],"relics":["Burning Blood","Smiling Mask","Art of War","Oddly Smooth Stone","Torii","Sozu","Vajra","Potion Belt","Sundial","Cursed Key","Strawberry","Juzu Bracelet"],"potions_floor_usage":[12,41],"damage_taken":[{"damage":7,"enemies":"Small Slimes","floor":1,"turns":4},{"damage":5,"enemies":"Cultist","floor":3,"turns":4},{"damage":9,"enemies":"Jaw Worm","floor":4,"turns":4},{"damage":15,"enemies":"Lagavulin","floor":7,"turns":7},{"damage":5,"enemies":"Looter","floor":11,"turns":3},{"damage":14,"enemies":"Exordium Thugs","floor":12,"turns":4},{"damage":24,"enemies":"3 Sentries","floor":14,"turns":9},{"damage":17,"enemies":"The Guardian","floor":16,"turns":18},{"damage":2,"enemies":"2 Thieves","floor":18,"turns":4},{"damage":0,"enemies":"3 Byrds","floor":22,"turns":6},{"damage":0,"enemies":"Centurion and Healer","floor":24,"turns":7},{"damage":0,"enemies":"Cultist and Chosen","floor":28,"turns":5},{"damage":1,"enemies":"Snecko","floor":29,"turns":5},{"damage":25,"enemies":"Slavers","floor":30,"turns":6},{"damage":30,"enemies":"Automaton","floor":33,"turns":14},{"damage":6,"enemies":"3 Darklings","floor":35,"turns":6},{"damage":12,"enemies":"3 Shapes","floor":38,"turns":4},{"damage":1,"enemies":"Sphere and 2 Shapes","floor":39,"turns":7},{"damage":53,"enemies":"Reptomancer","floor":41,"turns":9},{"damage":13,"enemies":"Jaw Worm Horde","floor":44,"turns":7},{"damage":3,"enemies":"4 Shapes","floor":46,"turns":7},{"damage":35,"enemies":"Spire Growth","floor":48,"turns":7},{"damage":39,"enemies":"Time Eater","floor":50,"turns":13}],"seed_played":"-726095788933753943","potions_obtained":[{"floor":1,"key":"Fire Potion"},{"floor":7,"key":"Poison Potion"},{"floor":11,"key":"FairyPotion"},{"floor":12,"key":"EssenceOfSteel"}],"is_trial":false,"path_per_floor":["M","?","M","M","?","R","E","$","T","?","M","M","R","E","R","B",null,"M","?","$","T","M","R","M","R","T","?","M","M","E","$","R","B",null,"M","?","$","M","M","R","E","?","T","M","R","M","R","M","R","B",null],"character_chosen":"IRONCLAD","items_purchased":["Feed","Feel No Pain","Disarm","Barricade","Seeing Red","Feel No Pain"],"campfire_rested":3,"item_purchase_floors":[8,20,20,31,31,37],"current_hp_per_floor":[71,71,72,69,66,66,57,57,57,57,58,54,54,40,66,55,80,84,84,84,84,92,92,96,96,96,96,100,100,81,81,81,57,89,93,93,93,87,96,96,56,56,56,53,88,99,99,70,108,75],"gold":173,"neow_bonus":"RANDOM_COLORLESS","is_prod":false,"is_daily":false,"chose_seed":false,"campfire_upgraded":7,"win_rate":0,"timestamp":1567020792,"path_taken":["M","?","?","M","?","R","E","?","T","?","M","M","R","E","R","BOSS","M","?","$","?","M","R","M","R","T","?","M","?","E","?","R","BOSS","M","?","$","?","M","R","E","?","T","M","R","M","R","M","R","BOSS"],"build_version":"2019-07-17","purchased_purges":2,"victory":true,"max_hp_per_floor":[80,80,80,80,80,80,80,80,80,80,80,84,84,88,88,88,88,88,88,88,88,92,92,96,96,96,96,100,100,100,100,100,100,100,104,104,104,104,108,108,115,115,115,119,119,127,127,127,127,127],"card_choices":[{"not_picked":["Cleave","Rupture"],"picked":"Reckless Charge","floor":1},{"not_picked":["True Grit","Rupture"],"picked":"Shockwave","floor":3},{"not_picked":["Pommel Strike","Wild Strike"],"picked":"Battle Trance","floor":4},{"not_picked":["Clothesline","Heavy Blade"],"picked":"Metallicize","floor":7},{"not_picked":["Rupture","Fire Breathing","Flex"],"picked":"SKIP","floor":11},{"not_picked":["Anger","Ghostly Armor"],"picked":"Metallicize","floor":12},{"not_picked":["Clash","Infernal Blade"],"picked":"Ghostly Armor","floor":14},{"not_picked":["Limit Break","Fiend Fire"],"picked":"Juggernaut","floor":16},{"not_picked":["Iron Wave","Sword Boomerang","Heavy Blade"],"picked":"SKIP","floor":18},{"not_picked":["Cleave","Thunderclap","Second Wind"],"picked":"SKIP","floor":22},{"not_picked":["Cleave","Fire Breathing+1"],"picked":"Disarm+1","floor":24},{"not_picked":["Havoc","Heavy Blade+1","Dropkick"],"picked":"SKIP","floor":28},{"not_picked":["Iron Wave+1","Bludgeon"],"picked":"Armaments","floor":29},{"not_picked":["Armaments+1","Perfected Strike"],"picked":"Feel No Pain","floor":30},{"not_picked":["Limit Break","Double Tap"],"picked":"Exhume","floor":33},{"not_picked":["Anger","Searing Blow+1"],"picked":"Body Slam","floor":35},{"not_picked":["Rupture+1","Headbutt"],"picked":"Entrench","floor":38},{"not_picked":["Perfected Strike","Armaments+1"],"picked":"Body Slam+1","floor":39},{"not_picked":["Perfected Strike+1","Bludgeon","Infernal Blade"],"picked":"SKIP","floor":41},{"not_picked":["Clash","Anger","Perfected Strike+1"],"picked":"SKIP","floor":44},{"not_picked":["Twin Strike","Thunderclap+1","Headbutt"],"picked":"SKIP","floor":46},{"not_picked":["Sword Boomerang+1","Iron Wave","Immolate"],"picked":"SKIP","floor":48}],"player_experience":254009,"relics_obtained":[{"floor":7,"key":"Art of War"},{"floor":9,"key":"Oddly Smooth Stone"},{"floor":14,"key":"Torii"},{"floor":21,"key":"Vajra"},{"floor":26,"key":"Potion Belt"},{"floor":30,"key":"Sundial"},{"floor":41,"key":"Strawberry"},{"floor":43,"key":"Juzu Bracelet"}],"event_choices":[{"cards_removed":["Strike_R"],"damage_healed":0,"gold_gain":0,"player_choice":"Card Removal","damage_taken":0,"max_hp_gain":0,"max_hp_loss":0,"event_name":"Wheel of Change","floor":2,"gold_loss":0},{"damage_healed":0,"gold_gain":0,"player_choice":"Success","damage_taken":3,"relics_obtained":["Smiling Mask"],"max_hp_gain":0,"max_hp_loss":0,"event_name":"Scrap Ooze","floor":5,"gold_loss":0},{"damage_healed":0,"gold_gain":0,"player_choice":"Upgraded","damage_taken":0,"max_hp_gain":0,"max_hp_loss":0,"event_name":"Upgrade Shrine","floor":10,"gold_loss":0,"cards_upgraded":["Feed"]},{"damage_healed":0,"gold_gain":0,"cards_transformed":["Strike_R"],"player_choice":"Transformed","damage_taken":0,"max_hp_gain":0,"max_hp_loss":0,"event_name":"Transmorgrifier","floor":19,"gold_loss":0,"cards_obtained":["True Grit"]},{"cards_removed":["Strike_R"],"damage_healed":0,"gold_gain":0,"player_choice":"Elegance","damage_taken":0,"max_hp_gain":0,"max_hp_loss":0,"event_name":"Back to Basics","floor":27,"gold_loss":0},{"cards_removed":["Seeing Red"],"damage_healed":0,"gold_gain":0,"player_choice":"Took Card","damage_taken":0,"max_hp_gain":0,"max_hp_loss":0,"event_name":"NoteForYourself","floor":36,"gold_loss":0,"cards_obtained":["Iron Wave"]},{"cards_removed":["True Grit"],"damage_healed":0,"gold_gain":0,"player_choice":"Removed Skill","damage_taken":0,"max_hp_gain":0,"max_hp_loss":0,"event_name":"Falling","floor":42,"gold_loss":0}],"is_beta":false,"boss_relics":[{"not_picked":["Black Blood","Runic Dome"],"picked":"Sozu"},{"not_picked":["Fusion Hammer","Runic Cube"],"picked":"Cursed Key"}],"items_purged_floors":[8,20],"is_endless":false,"potions_floor_spawned":[1,7,11,12,14,24,29,30,39,44],"ascension_level":13}