{"path_per_floor":["M","?","M","M","M","E","?","M","T","?","R","E","M","M","R","B",null,"M","?","M","$","M","E","R","M","T","M","R","?","?","E","R"],"character_chosen":"THE_SILENT","items_purchased":["Tiny Chest","Snake Skull","Backstab","Deflect"],"gold_per_floor":[117,117,132,144,160,189,264,282,282,282,282,325,339,364,364,485,485,509,509,524,168,183,218,218,238,262,278,278,278,278,313,313],"floor_reached":33,"campfire_rested":4,"playtime":2696,"current_hp_per_floor":[65,65,65,65,64,43,32,30,30,30,51,50,35,26,47,46,80,73,73,73,73,73,52,52,38,38,26,50,50,50,32,56],"items_purged":[],"gold":313,"play_id":"5155518b-bbac-4cd9-83d0-509f3486687c","is_prod":false,"is_daily":false,"is_ascension_mode":false,"campfire_upgraded":1,"path_taken":["M","?","M","?","M","E","?","M","T","?","R","E","?","M","R","BOSS","M","?","M","$","M","E","R","M","T","M","R","?","?","E","R","BOSS"],"build_version":"2018-02-01-PROD3","purchased_purges":0,"victory":false,"master_deck":["Defend_G+1","Defend_G+1","Defend_G+1","Defend_G+1","Defend_G+1","Strike_G+1","Strike_G+1","Survivor","Neutralize","Blade Dance+1","Blade Dance+1","Masterful Stab+1","Infinite Blades+1","Dagger Spray","Choke+1","Outmaneuver","Dash+1","Slice+1","Injury","Sucker Punch+1","Venomology","Heel Hook+1","Venomology","Pain","Doubt","Regret","Prepared+1","Deflect+1","Backstab+1","Deflect","Slice+1","Bane+1","Finisher+1","Poisoned Stab+1","Bullet Time"],"max_hp_per_floor":[70,70,70,70,70,70,70,70,70,70,70,70,70,70,70,70,80,80,80,80,80,80,80,80,80,80,80,80,80,80,80,80],"relics":["Astrolabe","Molten Egg 2","Du-Vu Doll","Bloody Idol","Bottled Lightning","Calling Bell","Lantern","Matryoshka","Pear","Tiny Chest","Snake Skull","Mercury Hourglass","Ancient Tea Set","Juzu Bracelet","Unceasing Top"],"card_choices":[{"not_picked":["Blade Dance","Dagger Throw"],"picked":"Infinite Blades"},{"not_picked":["Deadly Poison","Reflex"],"picked":"Dagger Spray"},{"not_picked":["Dagger Spray","PiercingWail"],"picked":"Choke"},{"not_picked":["PiercingWail","Dagger Throw"],"picked":"Outmaneuver"},{"not_picked":["Backflip","Catalyst"],"picked":"Dash"},{"not_picked":["Bouncing Flask","Footwork"],"picked":"Slice"},{"not_picked":["Well Laid Plans","PiercingWail"],"picked":"Sucker Punch"},{"not_picked":["Catalyst","Reflex"],"picked":"Venomology"},{"not_picked":["Dodge and Roll","Leg Sweep"],"picked":"Heel Hook"},{"not_picked":["Adrenaline","Die Die Die"],"picked":"Venomology"},{"not_picked":["Skewer","Flying Knee"],"picked":"Prepared"},{"not_picked":["Terror","Calculated Gamble"],"picked":"Deflect"},{"not_picked":["Underhanded Strike","Quick Slash"],"picked":"Slice"},{"not_picked":["Escape Plan","Leg Sweep"],"picked":"Bane"},{"not_picked":["Dash","Quick Slash"],"picked":"Finisher"},{"not_picked":["Night Terror","Slice"],"picked":"Poisoned Stab"},{"not_picked":["Quick Slash","Escape Plan"],"picked":"Bullet Time"}],"player_experience":56175,"potions_floor_usage":[4,14,14,16,22,23,23,27,31,31,33,33,33],"damage_taken":[{"damage":5,"enemies":"Jaw Worm","floor":1,"turns":5},{"damage":0,"enemies":"Cultist","floor":3,"turns":2},{"damage":0,"enemies":"Blue Slaver","floor":4,"turns":3},{"damage":1,"enemies":"Large Slime","floor":5,"turns":4},{"damage":21,"enemies":"Lagavulin","floor":6,"turns":5},{"damage":2,"enemies":"Looter","floor":8,"turns":3},{"damage":1,"enemies":"Gremlin Nob","floor":12,"turns":3},{"damage":15,"enemies":"Exordium Wildlife","floor":13,"turns":3},{"damage":9,"enemies":"2 Fungi Beasts","floor":14,"turns":2},{"damage":1,"enemies":"Hexaghost","floor":16,"turns":10},{"damage":7,"enemies":"Chosen","floor":18,"turns":4},{"damage":0,"enemies":"Shell Parasite","floor":20,"turns":2},{"damage":0,"enemies":"Chosen and Byrds","floor":22,"turns":3},{"damage":33,"enemies":"Gremlin Leader","floor":23,"turns":5},{"damage":14,"enemies":"Sentry and Sphere","floor":25,"turns":4},{"damage":12,"enemies":"Snake Plant","floor":27,"turns":4},{"damage":23,"enemies":"Book of Stabbing","floor":31,"turns":4},{"damage":64,"enemies":"Automaton","floor":33,"turns":6}],"event_choices":[{"event_name":"Living Wall","player_choice":"Grow","floor":2,"damage_taken":0},{"event_name":"World of Goop","player_choice":"Gather Gold","floor":7,"damage_taken":0},{"event_name":"Golden Idol","player_choice":"Take Wound","floor":10,"damage_taken":0},{"event_name":"Back to Basics","player_choice":"Simplicity","floor":19,"damage_taken":0},{"event_name":"Vampires","player_choice":"Ignored","floor":29,"damage_taken":0},{"event_name":"Forgotten Altar","player_choice":"Gave Idol","floor":30,"damage_taken":0}],"boss_relics":[{"not_picked":["Lizard Tail","Runic Pyramid"],"picked":"Calling Bell"}],"potions_floor_spawned":[1,3,8,16,23,31],"seed_played":"7643281676262848748","killed_by":"Automaton","ascension_level":0,"is_trial":false}