{"gold_per_floor":[110,110,60,60,6,6,37,112,139,139,156,188,208,226,226,328,328,340,360,380,10,26,26,26,46,73,83,83,83,114,130,130,235,235,254,254,354,354,366,393,393,413,413,299,310,340,95,95,95,95],"floor_reached":51,"playtime":3195,"items_purged":["Strike_B","Strike_B"],"score":948,"play_id":"0fc6be35-568b-475e-9e21-1ae97a7ead85","local_time":"20190818170614","is_ascension_mode":true,"campfire_choices":[{"data":"Dualcast","floor":6,"key":"SMITH"},{"floor":10,"key":"REST"},{"data":"Glacier","floor":15,"key":"SMITH"},{"floor":24,"key":"REST"},{"data":"Loop","floor":28,"key":"SMITH"},{"data":"Echo Form","floor":32,"key":"SMITH"},{"floor":41,"key":"REST"},{"floor":49,"key":"REST"}],"neow_cost":"NONE","seed_source_timestamp":282524824640300,"circlet_count":0,"master_deck":["Defend_B","Defend_B","Defend_B","Defend_B","Zap","Dualcast+1","Redo","Ball Lightning","BootSequence","Reinforced Body","Streamline","Chill","Glacier+1","Echo Form+1","Steam Power+1","FTL","Loop+1","Conserve Battery","Coolheaded+1","Reboot","Defragment+1","Loop+1","Leap+1","Ball Lightning+1","Storm+1","Glacier+1","Loop+1","Static Discharge+1","Biased Cognition+1"],"relics":["Cracked Core","Anchor","Letter Opener","Pen Nib","Cables","Velvet Choker","Ice Cream","Orichalcum","DataDisk","Fusion Hammer","Peace Pipe","Frozen Egg 2","The Courier","Molten Egg 2"],"potions_floor_usage":[12,16,25,30,46,46],"damage_taken":[{"damage":0,"enemies":"Small Slimes","floor":1,"turns":3},{"damage":25,"enemies":"Gremlin Nob","floor":7,"turns":4},{"damage":0,"enemies":"2 Louse","floor":11,"turns":2},{"damage":13,"enemies":"3 Sentries","floor":12,"turns":6},{"damage":6,"enemies":"Cultist","floor":13,"turns":3},{"damage":0,"enemies":"Lots of Slimes","floor":14,"turns":4},{"damage":8,"enemies":"Hexaghost","floor":16,"turns":9},{"damage":0,"enemies":"Shell Parasite","floor":18,"turns":6},{"damage":0,"enemies":"Chosen","floor":19,"turns":5},{"damage":16,"enemies":"Snecko","floor":20,"turns":5},{"damage":25,"enemies":"Centurion and Healer","floor":22,"turns":7},{"damage":0,"enemies":"3 Cultists","floor":25,"turns":5},{"damage":2,"enemies":"Chosen and Byrds","floor":27,"turns":5},{"damage":0,"enemies":"Gremlin Leader","floor":30,"turns":8},{"damage":1,"enemies":"Snake Plant","floor":31,"turns":4},{"damage":40,"enemies":"Automaton","floor":33,"turns":12},{"damage":15,"enemies":"3 Darklings","floor":35,"turns":7},{"damage":6,"enemies":"Mind Bloom Boss Battle","floor":37,"turns":8},{"damage":0,"enemies":"Orb Walker","floor":39,"turns":4},{"damage":4,"enemies":"Nemesis","floor":40,"turns":7},{"damage":6,"enemies":"Sphere and 2 Shapes","floor":42,"turns":5},{"damage":0,"enemies":"Transient","floor":45,"turns":5},{"damage":11,"enemies":"Reptomancer","floor":46,"turns":6},{"damage":3,"enemies":"Donu and Deca","floor":50,"turns":15}],"seed_played":"8728622529949346849","potions_obtained":[{"floor":7,"key":"LiquidBronze"},{"floor":11,"key":"AttackPotion"},{"floor":13,"key":"SpeedPotion"},{"floor":14,"key":"Regen Potion"},{"floor":19,"key":"Explosive Potion"},{"floor":27,"key":"Fire Potion"},{"floor":35,"key":"Weak Potion"}],"is_trial":false,"path_per_floor":["M","?","?","?","$","R","E","?","T","R","M","E","M","M","R","B",null,"M","M","M","$","M","$","R","M","T","M","R","?","E","M","R","B",null,"M","?","?","?","M","E","R","M","T","$","M","E","$","?","R","B",null],"character_chosen":"DEFECT","items_purchased":["Ball Lightning","Ice Cream","FTL","Storm+1","Loop+1","Energy Potion","Weak Potion","Static Discharge+1"],"campfire_rested":4,"item_purchase_floors":[5,21,21,44,47,47,47,47],"current_hp_per_floor":[75,72,72,72,72,72,47,36,36,60,60,47,41,41,41,33,70,70,70,54,54,29,29,53,53,53,51,51,78,78,77,77,37,71,56,56,50,50,50,46,69,63,63,63,63,52,52,52,75,72],"gold":95,"neow_bonus":"TEN_PERCENT_HP_BONUS","is_prod":false,"is_daily":false,"chose_seed":false,"campfire_upgraded":4,"win_rate":0,"timestamp":1566115574,"path_taken":["M","?","?","?","$","R","E","?","T","R","M","E","M","M","R","BOSS","M","M","M","$","M","$","R","M","T","M","R","?","E","M","R","BOSS","M","?","?","?","M","E","R","M","T","$","M","E","$","?","R","BOSS"],"build_version":"2019-07-17","purchased_purges":2,"victory":true,"max_hp_per_floor":[82,82,82,82,82,82,82,82,82,82,82,82,82,82,82,82,82,82,82,82,82,82,82,82,82,82,82,82,82,82,82,82,82,82,82,82,82,78,78,78,78,78,78,78,78,78,78,78,78,78],"card_choices":[{"not_picked":["Blizzard","White Noise"],"picked":"Redo","floor":1},{"not_picked":["Skim","Consume"],"picked":"BootSequence","floor":7},{"not_picked":["Chaos","Double Energy"],"picked":"Reinforced Body","floor":11},{"not_picked":["Melter","Rip and Tear"],"picked":"Streamline","floor":12},{"not_picked":["Consume","BootSequence"],"picked":"Chill","floor":13},{"not_picked":["Aggregate","Beam Cell"],"picked":"Glacier","floor":14},{"not_picked":["Core Surge","Meteor Strike"],"picked":"Echo Form","floor":16},{"not_picked":["Go for the Eyes","Gash","Sweeping Beam+1"],"picked":"SKIP","floor":18},{"not_picked":["Ball Lightning","Core Surge"],"picked":"Steam Power+1","floor":19},{"not_picked":["Tempest","Ball Lightning","Stack"],"picked":"SKIP","floor":20},{"not_picked":["Recycle+1","Barrage","Gash"],"picked":"SKIP","floor":22},{"not_picked":["Barrage","Redo+1"],"picked":"Loop","floor":25},{"not_picked":["Steam","Redo"],"picked":"Conserve Battery","floor":27},{"not_picked":["Melter","Rip and Tear"],"picked":"Coolheaded+1","floor":30},{"not_picked":["Sweeping Beam","Ball Lightning","Beam Cell+1"],"picked":"SKIP","floor":31},{"not_picked":["Echo Form","Meteor Strike"],"picked":"Reboot","floor":33},{"not_picked":["Ball Lightning+1","Cold Snap"],"picked":"Defragment+1","floor":35},{"not_picked":["Sweeping Beam","Barrage"],"picked":"Loop+1","floor":37},{"not_picked":["Barrage+1","Streamline+1"],"picked":"Leap+1","floor":39},{"not_picked":["Sweeping Beam+1","Hologram"],"picked":"Ball Lightning+1","floor":40},{"not_picked":["Streamline","Melter","Rebound"],"picked":"SKIP","floor":42},{"not_picked":["Conserve Battery","Self Repair+1","Cold Snap+1"],"picked":"SKIP","floor":45},{"not_picked":["Seek","Steam"],"picked":"Glacier+1","floor":46}],"player_experience":169138,"relics_obtained":[{"floor":7,"key":"Letter Opener"},{"floor":9,"key":"Pen Nib"},{"floor":12,"key":"Cables"},{"floor":26,"key":"Orichalcum"},{"floor":30,"key":"DataDisk"},{"floor":37,"key":"Peace Pipe"},{"floor":40,"key":"Frozen Egg 2"},{"floor":43,"key":"The Courier"},{"floor":46,"key":"Molten Egg 2"}],"event_choices":[{"damage_healed":0,"gold_gain":0,"player_choice":"Success","damage_taken":3,"relics_obtained":["Anchor"],"max_hp_gain":0,"max_hp_loss":0,"event_name":"Scrap Ooze","floor":2,"gold_loss":0},{"cards_removed":["Strike_B"],"damage_healed":0,"gold_gain":0,"player_choice":"Card Removal","damage_taken":0,"max_hp_gain":0,"max_hp_loss":0,"event_name":"The Cleric","floor":3,"gold_loss":50},{"cards_removed":["Strike_B"],"damage_healed":0,"gold_gain":0,"player_choice":"Forget","damage_taken":0,"max_hp_gain":0,"max_hp_loss":0,"event_name":"Living Wall","floor":4,"gold_loss":0},{"damage_healed":0,"gold_gain":75,"player_choice":"Gather Gold","damage_taken":11,"max_hp_gain":0,"max_hp_loss":0,"event_name":"World of Goop","floor":8,"gold_loss":0},{"damage_healed":27,"gold_gain":0,"player_choice":"Heal","damage_taken":0,"max_hp_gain":0,"max_hp_loss":0,"event_name":"The Library","floor":29,"gold_loss":0},{"damage_healed":0,"gold_gain":0,"player_choice":"Memory 1","damage_taken":0,"max_hp_gain":0,"max_hp_loss":0,"event_name":"SensoryStone","floor":36,"gold_loss":0},{"damage_healed":0,"gold_gain":0,"player_choice":"Fight","damage_taken":0,"max_hp_gain":0,"max_hp_loss":0,"event_name":"MindBloom","floor":37,"gold_loss":0},{"damage_healed":0,"gold_gain":0,"player_choice":"Max HP","damage_taken":0,"max_hp_gain":0,"max_hp_loss":4,"event_name":"Winding Halls","floor":38,"gold_loss":0},{"damage_healed":0,"gold_gain":0,"player_choice":"1 cards matched","damage_taken":0,"max_hp_gain":0,"max_hp_loss":0,"event_name":"Match and Keep!","floor":48,"gold_loss":0,"cards_obtained":["Biased Cognition"]}],"is_beta":false,"boss_relics":[{"not_picked":["Black Star","White Beast Statue"],"picked":"Velvet Choker"},{"not_picked":["Pandora\u0027s Box","Coffee Dripper"],"picked":"Fusion Hammer"}],"items_purged_floors":[44,47],"is_endless":false,"potions_floor_spawned":[7,11,13,14,19,20,27,35,42,45],"ascension_level":6}