{"gold_per_floor":[116,136,156,169,179,179,193,222,222,222,242,242,253,96,96,199,199,218,230,230,230,242,242,252,265,265,265,285,285,303,303,303,303],"floor_reached":33,"playtime":3618,"items_purged":["Defend_B"],"score":255,"play_id":"e223b0ab-93a6-4324-acf5-ec86a58defbd","local_time":"20190714202441","is_ascension_mode":false,"campfire_choices":[{"data":"Loop","floor":6,"key":"SMITH"},{"data":"Tempest","floor":12,"key":"SMITH"},{"floor":15,"key":"REST"},{"data":"Seek","floor":23,"key":"SMITH"},{"data":"Double Energy","floor":27,"key":"SMITH"},{"floor":32,"key":"REST"}],"neow_cost":"NONE","seed_source_timestamp":239265713663205,"circlet_count":0,"master_deck":["Strike_B","Strike_B","Strike_B","Strike_B","Defend_B","Defend_B","Defend_B","Zap","Dualcast+1","Hyperbeam","Conserve Battery","Tempest+1","Loop+1","Ball Lightning","Capacitor+1","Skim","Self Repair","Compile Driver","Genetic Algorithm","Seek+1","Echo Form","Stack+1","Double Energy+1","Double Energy"],"relics":["Cracked Core","Bird Faced Urn","Eternal Feather","Bag of Marbles"],"potions_floor_usage":[8,8,22,22,22,22,29,33,33],"damage_taken":[{"damage":6,"enemies":"Jaw Worm","floor":1,"turns":2},{"damage":0,"enemies":"2 Louse","floor":2,"turns":2},{"damage":0,"enemies":"Small Slimes","floor":3,"turns":1},{"damage":8,"enemies":"Red Slaver","floor":4,"turns":3},{"damage":0,"enemies":"Large Slime","floor":5,"turns":3},{"damage":5,"enemies":"Blue Slaver","floor":7,"turns":2},{"damage":7,"enemies":"Lagavulin","floor":8,"turns":6},{"damage":0,"enemies":"3 Louse","floor":11,"turns":1},{"damage":13,"enemies":"Looter","floor":13,"turns":3},{"damage":30,"enemies":"Slime Boss","floor":16,"turns":8},{"damage":26,"enemies":"2 Thieves","floor":18,"turns":3},{"damage":15,"enemies":"Chosen","floor":19,"turns":4},{"damage":45,"enemies":"Centurion and Healer","floor":22,"turns":9},{"damage":23,"enemies":"Sentry and Sphere","floor":24,"turns":6},{"damage":28,"enemies":"Chosen and Byrds","floor":25,"turns":5},{"damage":0,"enemies":"3 Cultists","floor":28,"turns":6},{"damage":52,"enemies":"Colosseum Slavers","floor":29,"turns":6},{"damage":13,"enemies":"Centurion and Healer","floor":30,"turns":9},{"damage":68,"enemies":"Champ","floor":33,"turns":11}],"seed_played":"-1140412421352936865","potions_obtained":[{"floor":2,"key":"EssenceOfSteel"},{"floor":3,"key":"LiquidBronze"},{"floor":4,"key":"EntropicBrew"},{"floor":7,"key":"SpeedPotion"},{"floor":13,"key":"GamblersBrew"},{"floor":18,"key":"Block Potion"},{"floor":19,"key":"Strength Potion"},{"floor":30,"key":"AttackPotion"}],"is_trial":false,"path_per_floor":["M","M","M","M","M","R","M","E","T","?","M","R","M","$","R","B",null,"M","M","?","?","M","R","M","M","T","R","M","?","M","?","R","B"],"character_chosen":"DEFECT","items_purchased":["Seek"],"campfire_rested":2,"item_purchase_floors":[14],"current_hp_per_floor":[69,69,69,61,61,61,56,49,49,34,34,34,32,32,54,37,75,51,36,36,36,15,27,19,17,17,29,51,25,18,18,52,0],"gold":303,"neow_bonus":"ONE_RANDOM_RARE_CARD","is_prod":false,"is_daily":false,"chose_seed":false,"campfire_upgraded":4,"win_rate":0,"timestamp":1563103481,"path_taken":["M","M","M","M","M","R","M","E","T","?","M","R","M","$","R","BOSS","M","M","?","?","M","R","?","M","T","R","M","?","M","?","R","BOSS"],"build_version":"2019-07-05","purchased_purges":1,"victory":false,"max_hp_per_floor":[75,75,75,75,75,75,75,75,75,75,75,75,75,75,75,75,75,75,75,75,75,75,75,75,75,75,75,75,75,75,75,75,75],"card_choices":[{"not_picked":["Coolheaded","Blizzard"],"picked":"Conserve Battery","floor":1},{"not_picked":["Scrape","Steam"],"picked":"Tempest","floor":2},{"not_picked":["Leap","Self Repair"],"picked":"Loop","floor":3},{"not_picked":["Barrage","Glacier"],"picked":"Ball Lightning","floor":4},{"not_picked":["Ball Lightning","Reprogram"],"picked":"Capacitor","floor":5},{"not_picked":["Leap","Blizzard"],"picked":"Skim","floor":7},{"not_picked":["Go for the Eyes","Sweeping Beam"],"picked":"Self Repair","floor":8},{"not_picked":["Beam Cell","Steam Power"],"picked":"Compile Driver","floor":11},{"not_picked":["Redo","Reprogram"],"picked":"Genetic Algorithm","floor":13},{"not_picked":["Machine Learning","Amplify"],"picked":"Echo Form","floor":16},{"not_picked":["Capacitor","Cold Snap+1"],"picked":"Stack+1","floor":18},{"not_picked":["Sweeping Beam","Static Discharge"],"picked":"Double Energy","floor":19},{"not_picked":["Steam Power","Sunder+1","Coolheaded"],"picked":"SKIP","floor":22},{"not_picked":["Leap+1","Streamline+1","Steam+1"],"picked":"SKIP","floor":24},{"not_picked":["Coolheaded+1","Ball Lightning","Doom and Gloom"],"picked":"SKIP","floor":25},{"not_picked":["Conserve Battery","Streamline"],"picked":"Double Energy","floor":28},{"not_picked":["Capacitor","White Noise","BootSequence"],"picked":"SKIP","floor":30}],"player_experience":228004,"relics_obtained":[{"floor":8,"key":"Bird Faced Urn"},{"floor":26,"key":"Bag of Marbles"}],"event_choices":[{"damage_healed":0,"gold_gain":0,"player_choice":"Entered Light","damage_taken":15,"max_hp_gain":0,"max_hp_loss":0,"event_name":"Shining Light","floor":10,"gold_loss":0,"cards_upgraded":["Dualcast","Capacitor"]},{"damage_healed":0,"gold_gain":0,"player_choice":"Ignored","damage_taken":0,"max_hp_gain":0,"max_hp_loss":0,"event_name":"Ghosts","floor":20,"gold_loss":0},{"damage_healed":0,"gold_gain":0,"player_choice":"Ignored","damage_taken":0,"max_hp_gain":0,"max_hp_loss":0,"event_name":"NoteForYourself","floor":21,"gold_loss":0},{"damage_healed":0,"gold_gain":0,"player_choice":"Fight","damage_taken":0,"max_hp_gain":0,"max_hp_loss":0,"event_name":"Colosseum","floor":29,"gold_loss":0},{"damage_healed":0,"gold_gain":0,"player_choice":"Fled From Nobs","damage_taken":0,"max_hp_gain":0,"max_hp_loss":0,"event_name":"Colosseum","floor":29,"gold_loss":0},{"damage_healed":0,"gold_gain":0,"player_choice":"Ignored","damage_taken":0,"max_hp_gain":0,"max_hp_loss":0,"event_name":"Cursed Tome","floor":31,"gold_loss":0}],"is_beta":false,"boss_relics":[{"not_picked":["Tiny House","Runic Dome"],"picked":"Eternal Feather"}],"items_purged_floors":[14],"is_endless":false,"potions_floor_spawned":[2,3,4,7,13,18,19,29,30],"killed_by":"Champ","ascension_level":0}