{"gold_per_floor":[116,127,127,146,160,160,194,194,194,194,271,271,282,310,310,310],"floor_reached":16,"playtime":854,"items_purged":[],"score":176,"play_id":"fd984696-9160-4447-a801-7f617890d29d","local_time":"20190825231028","is_ascension_mode":true,"campfire_choices":[{"data":"Bash","floor":6,"key":"SMITH"},{"data":"Flame Barrier","floor":8,"key":"SMITH"},{"data":"Limit Break","floor":10,"key":"SMITH"},{"data":"Ghostly Armor","floor":15,"key":"SMITH"}],"neow_cost":"NONE","seed_source_timestamp":523486972209600,"circlet_count":0,"master_deck":["AscendersBane","Strike_R","Strike_R","Strike_R","Strike_R","Strike_R","Defend_R","Defend_R","Defend_R","Defend_R","Bash+1","Ghostly Armor+1","Shrug It Off","Cleave","Bash","Flame Barrier+1","Limit Break+1","Battle Trance"],"relics":["Burning Blood","NeowsBlessing","Smiling Mask","Sundial","Blue Candle","Frozen Egg 2","Calipers"],"potions_floor_usage":[5,7,16],"damage_taken":[{"damage":0,"enemies":"Small Slimes","floor":1,"turns":1},{"damage":0,"enemies":"Cultist","floor":2,"turns":1},{"damage":0,"enemies":"Jaw Worm","floor":4,"turns":1},{"damage":15,"enemies":"Exordium Wildlife","floor":5,"turns":5},{"damage":40,"enemies":"Gremlin Nob","floor":7,"turns":5},{"damage":0,"enemies":"2 Fungi Beasts","floor":13,"turns":3},{"damage":19,"enemies":"3 Sentries","floor":14,"turns":10},{"damage":50,"enemies":"Hexaghost","floor":16,"turns":14}],"seed_played":"4128102977244115099","potions_obtained":[{"floor":2,"key":"Swift Potion"},{"floor":5,"key":"Regen Potion"},{"floor":13,"key":"EssenceOfSteel"}],"is_trial":false,"path_per_floor":["M","M","?","M","M","R","E","R","T","R","T","T","M","E","R","B"],"character_chosen":"IRONCLAD","items_purchased":[],"campfire_rested":0,"item_purchase_floors":[],"current_hp_per_floor":[78,80,80,80,71,71,51,51,51,51,51,51,57,44,44,0],"gold":310,"neow_bonus":"THREE_ENEMY_KILL","is_prod":false,"is_daily":false,"chose_seed":false,"campfire_upgraded":4,"win_rate":0,"timestamp":1566799828,"path_taken":["M","M","?","M","?","R","E","R","T","R","?","?","M","E","R","BOSS"],"build_version":"2019-07-17","purchased_purges":0,"victory":false,"max_hp_per_floor":[80,80,80,80,80,80,80,80,80,80,80,80,80,80,80,80],"card_choices":[{"not_picked":["True Grit","Iron Wave"],"picked":"Ghostly Armor","floor":1},{"not_picked":["True Grit","Perfected Strike"],"picked":"Shrug It Off","floor":2},{"not_picked":["True Grit","Thunderclap","Twin Strike"],"picked":"SKIP","floor":4},{"not_picked":["Warcry","Flex"],"picked":"Flame Barrier","floor":5},{"not_picked":["Wild Strike","Dual Wield"],"picked":"Limit Break","floor":7},{"not_picked":["Shockwave","Whirlwind","Feel No Pain+1"],"picked":"SKIP","floor":13},{"not_picked":["Heavy Blade","Clash"],"picked":"Battle Trance","floor":14}],"player_experience":188205,"relics_obtained":[{"floor":7,"key":"Smiling Mask"},{"floor":9,"key":"Sundial"},{"floor":11,"key":"Blue Candle"},{"floor":12,"key":"Frozen Egg 2"},{"floor":14,"key":"Calipers"}],"event_choices":[{"damage_healed":0,"gold_gain":0,"player_choice":"2 cards matched","damage_taken":0,"max_hp_gain":0,"max_hp_loss":0,"event_name":"Match and Keep!","floor":3,"gold_loss":0,"cards_obtained":["Cleave","Bash"]}],"is_beta":false,"boss_relics":[],"items_purged_floors":[],"is_endless":false,"potions_floor_spawned":[2,5,13],"killed_by":"Hexaghost","ascension_level":12}