{"gold_per_floor":[112,125,143,155,155,184,184,197,222,222,233,249,263,298,298,398,398,418,64,82,7,23,23,43,43,91,23,23,39,50,0,0,104,104,116,116,116,416,25,25],"floor_reached":40,"playtime":2872,"items_purged":[],"score":650,"play_id":"1f25913d-3719-476c-93c7-4dfae6ab256b","local_time":"20190825143554","is_ascension_mode":true,"campfire_choices":[{"data":"Immolate","floor":7,"key":"SMITH"},{"data":"Infernal Blade","floor":10,"key":"SMITH"},{"data":"Flame Barrier","floor":15,"key":"SMITH"},{"floor":23,"key":"REST"},{"floor":32,"key":"REST"}],"neow_cost":"TEN_PERCENT_HP_LOSS","seed_source_timestamp":490592657988700,"circlet_count":0,"master_deck":["AscendersBane","Strike_R","Strike_R","Defend_R","Defend_R","Defend_R","Immolate+1","Power Through","Shrug It Off","Thunderclap","Infernal Blade+1","Impervious","Headbutt","Anger","Flame Barrier+1","Shrug It Off","Demon Form","Juggernaut","Flame Barrier+1","Intimidate+1","Offering+1","Body Slam","Body Slam+1","Ghostly Armor","Metallicize+1","Seeing Red+1","Feed","Iron Wave+1","Finesse","Forethought","Secret Technique","Body Slam","Ghostly Armor","Shrug It Off","Secret Technique","Combust"],"relics":["Burning Blood","Boot","Oddly Smooth Stone","Astrolabe","ClockworkSouvenir","Dream Catcher","Orichalcum","Eternal Feather"],"potions_floor_usage":[4,6,16,16,29,33,33,40,40],"damage_taken":[{"damage":8,"enemies":"Small Slimes","floor":1,"turns":3},{"damage":1,"enemies":"Jaw Worm","floor":2,"turns":4},{"damage":0,"enemies":"2 Louse","floor":3,"turns":3},{"damage":0,"enemies":"Large Slime","floor":4,"turns":5},{"damage":40,"enemies":"Gremlin Nob","floor":6,"turns":4},{"damage":4,"enemies":"Looter","floor":8,"turns":5},{"damage":13,"enemies":"Exordium Thugs","floor":11,"turns":4},{"damage":0,"enemies":"Large Slime","floor":12,"turns":4},{"damage":3,"enemies":"Looter","floor":13,"turns":2},{"damage":13,"enemies":"Lagavulin","floor":14,"turns":6},{"damage":29,"enemies":"Hexaghost","floor":16,"turns":11},{"damage":9,"enemies":"2 Thieves","floor":18,"turns":5},{"damage":0,"enemies":"Spheric Guardian","floor":20,"turns":3},{"damage":35,"enemies":"Centurion and Healer","floor":22,"turns":7},{"damage":15,"enemies":"3 Cultists","floor":24,"turns":5},{"damage":8,"enemies":"Snecko","floor":29,"turns":5},{"damage":8,"enemies":"Cultist and Chosen","floor":30,"turns":6},{"damage":29,"enemies":"Collector","floor":33,"turns":7},{"damage":31,"enemies":"3 Darklings","floor":35,"turns":7},{"damage":55,"enemies":"Giant Head","floor":40,"turns":7}],"seed_played":"7360791140239943979","potions_obtained":[{"floor":1,"key":"Poison Potion"},{"floor":2,"key":"AttackPotion"},{"floor":4,"key":"Weak Potion"},{"floor":13,"key":"Weak Potion"},{"floor":16,"key":"SteroidPotion"},{"floor":18,"key":"FearPotion"},{"floor":22,"key":"Block Potion"},{"floor":33,"key":"Block Potion"},{"floor":35,"key":"Explosive Potion"}],"is_trial":false,"path_per_floor":["M","M","M","M","?","E","R","M","T","R","M","M","M","E","R","B",null,"M","$","M","?","M","R","M","?","T","$","?","M","M","?","R","B",null,"M","?","?","?","$","E"],"character_chosen":"IRONCLAD","items_purchased":["ClockworkSouvenir","Dream Catcher","Ghostly Armor","Body Slam","Ghostly Armor","Shrug It Off","Secret Technique","Combust"],"campfire_rested":2,"item_purchase_floors":[19,19,27,39,39,39,39,39],"current_hp_per_floor":[70,72,72,72,72,38,38,40,40,40,33,39,42,35,35,12,57,54,54,60,60,31,52,43,30,30,30,30,28,26,26,49,26,64,39,39,29,29,29,0],"gold":25,"neow_bonus":"THREE_RARE_CARDS","is_prod":false,"is_daily":false,"chose_seed":false,"campfire_upgraded":3,"win_rate":0,"timestamp":1566768954,"path_taken":["M","M","M","M","?","E","R","M","T","R","M","M","M","E","R","BOSS","M","$","M","?","M","R","M","?","T","$","?","?","M","?","R","BOSS","M","?","?","?","$","E"],"build_version":"2019-07-17","purchased_purges":0,"victory":false,"max_hp_per_floor":[72,72,72,72,72,72,72,72,72,72,72,72,72,72,72,72,72,72,72,72,72,72,72,72,77,77,77,77,77,77,77,77,77,77,77,77,77,77,77,77],"card_choices":[{"not_picked":["Reaper","Exhume"],"picked":"Immolate","floor":0},{"not_picked":["Heavy Blade","Havoc"],"picked":"Power Through","floor":1},{"not_picked":["Rupture","Reckless Charge"],"picked":"Shrug It Off","floor":2},{"not_picked":["Inflame","Pommel Strike"],"picked":"Thunderclap","floor":3},{"not_picked":["Clash","Twin Strike"],"picked":"Infernal Blade","floor":4},{"not_picked":["True Grit","Dropkick"],"picked":"Impervious","floor":6},{"not_picked":["Havoc","Rampage"],"picked":"Headbutt","floor":8},{"not_picked":["Sword Boomerang","Heavy Blade"],"picked":"Anger","floor":11},{"not_picked":["Iron Wave","Clash"],"picked":"Flame Barrier","floor":12},{"not_picked":["Pommel Strike","Warcry"],"picked":"Shrug It Off","floor":13},{"not_picked":["Twin Strike","Sword Boomerang"],"picked":"Demon Form","floor":14},{"not_picked":["Brutality","Impervious"],"picked":"Juggernaut","floor":16},{"not_picked":["Rampage","Heavy Blade"],"picked":"Body Slam","floor":18},{"not_picked":["Rupture+1","Whirlwind","Pommel Strike+1"],"picked":"SKIP","floor":20},{"not_picked":["Thunderclap","Heavy Blade","Clothesline"],"picked":"SKIP","floor":22},{"not_picked":["Clothesline","Intimidate"],"picked":"Body Slam+1","floor":23},{"not_picked":["Offering","Warcry","True Grit"],"picked":"SKIP","floor":24},{"not_picked":["Havoc+1","Twin Strike"],"picked":"Metallicize+1","floor":29},{"not_picked":["Cleave","Thunderclap"],"picked":"Seeing Red+1","floor":30},{"not_picked":["Brutality","Fiend Fire"],"picked":"Feed","floor":33},{"not_picked":["Sentinel+1","Twin Strike"],"picked":"Iron Wave+1","floor":35},{"not_picked":["Enlightenment","Mind Blast"],"picked":"Finesse","floor":37},{"not_picked":["Jack Of All Trades","Deep Breath"],"picked":"Forethought","floor":37},{"not_picked":["Dark Shackles","Sadistic Nature"],"picked":"Secret Technique","floor":37}],"player_experience":169860,"relics_obtained":[{"floor":6,"key":"Boot"},{"floor":14,"key":"Oddly Smooth Stone"},{"floor":26,"key":"Orichalcum"}],"event_choices":[{"damage_healed":0,"gold_gain":0,"player_choice":"Ignored","damage_taken":0,"max_hp_gain":0,"max_hp_loss":0,"event_name":"Liars Game","floor":5,"gold_loss":0},{"cards_removed":["Strike_R"],"damage_healed":0,"gold_gain":0,"player_choice":"Gave Gold","damage_taken":0,"max_hp_gain":0,"max_hp_loss":0,"event_name":"Beggar","floor":21,"gold_loss":75},{"damage_healed":0,"gold_gain":0,"player_choice":"Shed Blood","damage_taken":18,"max_hp_gain":5,"max_hp_loss":0,"event_name":"Forgotten Altar","floor":25,"gold_loss":0},{"damage_healed":0,"gold_gain":0,"player_choice":"Ignored","damage_taken":0,"max_hp_gain":0,"max_hp_loss":0,"event_name":"Cursed Tome","floor":28,"gold_loss":0},{"damage_healed":0,"gold_gain":0,"player_choice":"Paid Fearfully","damage_taken":0,"max_hp_gain":0,"max_hp_loss":0,"event_name":"Masked Bandits","floor":31,"gold_loss":50},{"cards_removed":["Bash"],"damage_healed":0,"gold_gain":0,"player_choice":"Removed Attack","damage_taken":0,"max_hp_gain":0,"max_hp_loss":0,"event_name":"Falling","floor":36,"gold_loss":0},{"damage_healed":0,"gold_gain":0,"player_choice":"Memory 3","damage_taken":10,"max_hp_gain":0,"max_hp_loss":0,"event_name":"SensoryStone","floor":37,"gold_loss":0},{"damage_healed":0,"gold_gain":300,"player_choice":"Gold","damage_taken":0,"max_hp_gain":0,"max_hp_loss":0,"event_name":"Wheel of Change","floor":38,"gold_loss":0}],"is_beta":false,"boss_relics":[{"not_picked":["Lizard Tail","Black Blood"],"picked":"Astrolabe"},{"not_picked":["Velvet Choker","Black Star"],"picked":"Eternal Feather"}],"items_purged_floors":[],"is_endless":false,"potions_floor_spawned":[1,2,4,13,16,18,22,33,35],"killed_by":"Giant Head","ascension_level":10}