{"gold_per_floor":[117,142,154,178,190,202,8,8,8,8,28,28,61,73,73,174,174,192,192,192,6,0,32,32,47,72,92,112,112,130,157,157,259,259,275,11,11,25,41,41,54,54,101,101,119,34,34,53,53,53],"floor_reached":51,"playtime":5883,"items_purged":["Writhe"],"score":765,"play_id":"d845c99d-f883-4cd1-a5bd-aea6fb258592","local_time":"20190820160747","is_ascension_mode":false,"campfire_choices":[{"data":"Feel No Pain","floor":6,"key":"SMITH"},{"data":"Bash","floor":12,"key":"SMITH"},{"floor":15,"key":"REST"},{"data":"Armaments","floor":24,"key":"SMITH"},{"data":"Second Wind","floor":32,"key":"SMITH"},{"data":"Dark Embrace","floor":40,"key":"SMITH"},{"data":"Magnetism","floor":47,"key":"SMITH"},{"data":"Warcry","floor":49,"key":"SMITH"}],"neow_cost":"NONE","seed_source_timestamp":61075433712700,"circlet_count":0,"master_deck":["Defend_R","Defend_R","Defend_R","Defend_R","Bash+1","Feel No Pain+1","Second Wind+1","Anger+1","Power Through","Carnage+1","Fiend Fire+1","Armaments+1","Bite+1","Bite+1","Bite+1","Bite+1","Bite+1","Writhe","Combust+1","Blood for Blood+1","Warcry+1","Battle Trance+1","Fire Breathing+1","Anger+1","Body Slam+1","Dark Embrace+1","Pain","Shame","Anger+1","Purity+1","Magnetism+1","Offering+1","Inflame","Madness+1","Madness+1","Parasite","True Grit+1","Rage+1","Dark Shackles+1","Warcry+1","True Grit+1","Disarm+1","Seeing Red+1"],"relics":["Burning Blood","Ancient Tea Set","MawBank","Regal Pillow","Membership Card","Molten Egg 2","Dodecahedron","Charon\u0027s Ashes","Runic Cube","Lantern","Matryoshka","Bottled Flame","Ornamental Fan","Blood Vial","Toxic Egg 2","PreservedInsect","Calling Bell","Anchor","Mercury Hourglass","Calipers","Red Skull","Self Forming Clay"],"potions_floor_usage":[33,33,33,38,50],"damage_taken":[{"damage":8,"enemies":"Cultist","floor":1,"turns":5},{"damage":4,"enemies":"2 Louse","floor":4,"turns":3},{"damage":1,"enemies":"Jaw Worm","floor":11,"turns":3},{"damage":27,"enemies":"3 Sentries","floor":13,"turns":8},{"damage":7,"enemies":"Large Slime","floor":14,"turns":7},{"damage":46,"enemies":"Hexaghost","floor":16,"turns":12},{"damage":17,"enemies":"Shell Parasite","floor":18,"turns":6},{"damage":16,"enemies":"Book of Stabbing","floor":23,"turns":5},{"damage":0,"enemies":"Chosen","floor":25,"turns":3},{"damage":0,"enemies":"Snake Plant","floor":27,"turns":1},{"damage":4,"enemies":"Centurion and Healer","floor":28,"turns":4},{"damage":8,"enemies":"Cultist and Chosen","floor":30,"turns":6},{"damage":39,"enemies":"Automaton","floor":33,"turns":6},{"damage":34,"enemies":"3 Darklings","floor":35,"turns":3},{"damage":8,"enemies":"Orb Walker","floor":38,"turns":3},{"damage":17,"enemies":"Writhing Mass","floor":39,"turns":4},{"damage":24,"enemies":"Maw","floor":41,"turns":7},{"damage":11,"enemies":"Transient","floor":45,"turns":5},{"damage":23,"enemies":"Jaw Worm Horde","floor":48,"turns":4},{"damage":12,"enemies":"Awakened One","floor":50,"turns":13}],"seed_played":"4366529744587923376","potions_obtained":[{"floor":14,"key":"SpeedPotion"},{"floor":16,"key":"Dexterity Potion"},{"floor":25,"key":"Block Potion"},{"floor":28,"key":"SteroidPotion"},{"floor":33,"key":"BloodPotion"},{"floor":38,"key":"SteroidPotion"},{"floor":45,"key":"LiquidBronze"}],"is_trial":false,"path_per_floor":["M","T","$","M","?","R","$","T","T","?","M","R","E","M","R","B",null,"M","?","?","$","?","E","R","M","T","M","M","?","M","T","R","B",null,"M","$","?","M","M","R","M","?","T","T","M","$","R","M","R","B",null],"character_chosen":"IRONCLAD","items_purchased":["Membership Card","Combust","Blood for Blood+1","Matryoshka","Purity+1","Magnetism","Offering+1","Inflame","True Grit+1","Disarm+1"],"campfire_rested":1,"item_purchase_floors":[7,21,21,21,36,36,36,36,46,46],"current_hp_per_floor":[78,78,78,80,77,77,77,77,77,77,80,80,59,58,80,40,80,69,56,56,56,56,56,56,56,56,56,56,56,56,56,56,35,56,31,31,24,47,44,44,43,43,43,43,52,52,52,43,43,56],"gold":53,"neow_bonus":"RANDOM_COMMON_RELIC","is_prod":false,"is_daily":false,"chose_seed":false,"campfire_upgraded":7,"win_rate":0.0,"timestamp":1566342467,"path_taken":["M","?","?","M","?","R","$","?","T","?","M","R","E","?","R","BOSS","M","?","?","?","?","E","R","M","T","M","M","?","?","?","R","BOSS","M","?","?","M","M","R","M","?","T","?","M","$","R","M","R","BOSS"],"build_version":"2019-07-17","purchased_purges":1,"victory":true,"max_hp_per_floor":[80,80,80,80,80,80,80,80,80,80,80,80,80,80,80,80,80,80,56,56,56,56,56,56,56,56,56,56,56,56,56,56,56,56,56,56,56,56,56,56,56,56,56,56,56,56,56,56,56,56],"card_choices":[{"not_picked":["Cleave","Corruption"],"picked":"Feel No Pain","floor":1},{"not_picked":["Cleave","Whirlwind"],"picked":"Second Wind","floor":4},{"not_picked":["Iron Wave+1","Thunderclap+1"],"picked":"Anger+1","floor":11},{"not_picked":["Iron Wave+1","Impervious"],"picked":"Power Through","floor":13},{"not_picked":["Flex","Sword Boomerang+1"],"picked":"Carnage+1","floor":14},{"not_picked":["Offering","Barricade"],"picked":"Fiend Fire+1","floor":16},{"not_picked":["Clash+1","Entrench"],"picked":"Armaments","floor":18},{"not_picked":["Thunderclap+1","Clash+1"],"picked":"Warcry","floor":23},{"not_picked":["Pommel Strike+1","Warcry"],"picked":"Battle Trance+1","floor":25},{"not_picked":["Heavy Blade+1","Iron Wave+1"],"picked":"Fire Breathing+1","floor":27},{"not_picked":["Perfected Strike+1","Blood for Blood+1"],"picked":"Anger+1","floor":28},{"not_picked":["Infernal Blade","Thunderclap+1"],"picked":"Body Slam+1","floor":30},{"not_picked":["Bludgeon+1","Brutality"],"picked":"Dark Embrace","floor":33},{"not_picked":["Heavy Blade+1","Clash+1"],"picked":"Anger+1","floor":35},{"not_picked":["Uppercut+1","Clash+1","Headbutt+1"],"picked":"SKIP","floor":38},{"not_picked":["Ghostly Armor+1","Inflame+1"],"picked":"True Grit+1","floor":39},{"not_picked":["Clothesline+1","Perfected Strike+1"],"picked":"Rage+1","floor":41},{"not_picked":["Madness+1","Forethought+1"],"picked":"Dark Shackles+1","floor":42},{"not_picked":["Clash+1","Shockwave+1"],"picked":"Warcry+1","floor":45},{"not_picked":["Hemokinesis+1","Warcry+1"],"picked":"Seeing Red+1","floor":48}],"player_experience":5049,"relics_obtained":[{"floor":2,"key":"MawBank"},{"floor":8,"key":"Molten Egg 2"},{"floor":9,"key":"Dodecahedron"},{"floor":13,"key":"Charon\u0027s Ashes"},{"floor":23,"key":"Bottled Flame"},{"floor":26,"key":"Ornamental Fan"},{"floor":26,"key":"Blood Vial"},{"floor":31,"key":"Toxic Egg 2"},{"floor":31,"key":"PreservedInsect"},{"floor":34,"key":"Anchor"},{"floor":34,"key":"Mercury Hourglass"},{"floor":34,"key":"Calipers"},{"floor":43,"key":"Red Skull"},{"floor":44,"key":"Self Forming Clay"}],"event_choices":[{"damage_healed":0,"gold_gain":0,"player_choice":"Success","damage_taken":3,"relics_obtained":["Regal Pillow"],"max_hp_gain":0,"max_hp_loss":0,"event_name":"Scrap Ooze","floor":5,"gold_loss":0},{"cards_removed":["Strike_R"],"damage_healed":0,"gold_gain":0,"player_choice":"Purged","damage_taken":0,"max_hp_gain":0,"max_hp_loss":0,"event_name":"Purifier","floor":10,"gold_loss":0},{"damage_healed":0,"gold_gain":0,"player_choice":"Became a vampire","damage_taken":0,"max_hp_gain":0,"max_hp_loss":24,"event_name":"Vampires","floor":19,"gold_loss":0,"cards_obtained":["Bite","Bite","Bite","Bite","Bite"]},{"damage_healed":0,"gold_gain":0,"player_choice":"Opened","damage_taken":0,"relics_obtained":["Lantern"],"max_hp_gain":0,"max_hp_loss":0,"event_name":"The Mausoleum","floor":20,"gold_loss":0,"cards_obtained":["Writhe"]},{"damage_healed":0,"gold_gain":0,"player_choice":"Paid Fearfully","damage_taken":0,"max_hp_gain":0,"max_hp_loss":0,"event_name":"Masked Bandits","floor":22,"gold_loss":6},{"damage_healed":0,"gold_gain":0,"player_choice":"Upgraded","damage_taken":0,"max_hp_gain":0,"max_hp_loss":0,"event_name":"Upgrade Shrine","floor":29,"gold_loss":0,"cards_upgraded":["Combust"]},{"damage_healed":0,"gold_gain":0,"player_choice":"Embrace Madness","damage_taken":7,"max_hp_gain":0,"max_hp_loss":0,"event_name":"Winding Halls","floor":37,"gold_loss":0,"cards_obtained":["Madness","Madness"]},{"damage_healed":0,"gold_gain":0,"player_choice":"Memory 1","damage_taken":0,"max_hp_gain":0,"max_hp_loss":0,"event_name":"SensoryStone","floor":42,"gold_loss":0}],"is_beta":false,"boss_relics":[{"not_picked":["Orrery","Philosopher\u0027s Stone"],"picked":"Runic Cube"},{"not_picked":["Tiny House","White Beast Statue"],"picked":"Calling Bell"}],"items_purged_floors":[46],"is_endless":false,"potions_floor_spawned":[14,16,25,28,30,33,38,45],"ascension_level":0}