{"gold_per_floor":[218,228,241,241,260,260,274,308,308,323,337,337,348,365,365,463,463,474,494,514,0,10,38,38,38,38,38,57,57,57,115,115,211,261,280,296,306,306,317,317,330,345,414,414,414,433,450,461,461,461,461,461,11,45,45],"floor_reached":56,"playtime":4003,"items_purged":["Strike_B"],"score":1176,"play_id":"9bc31e34-e26d-4af6-b5e8-7a4ccd0f5ef2","local_time":"20190815215929","is_ascension_mode":false,"campfire_choices":[{"data":"Juggernaut","floor":6,"key":"SMITH"},{"data":"Conserve Battery","floor":12,"key":"SMITH"},{"data":"Loop","floor":15,"key":"SMITH"},{"floor":24,"key":"REST"},{"floor":27,"key":"REST"},{"floor":30,"key":"REST"},{"data":"Seek","floor":32,"key":"SMITH"},{"floor":40,"key":"RECALL"},{"data":"Amplify","floor":44,"key":"SMITH"},{"data":"Coolheaded","floor":49,"key":"SMITH"},{"data":"Secret Technique","floor":52,"key":"SMITH"}],"neow_cost":"NONE","seed_source_timestamp":2046490691489570,"circlet_count":0,"master_deck":["Defend_B","Defend_B","Defend_B","Defend_B","Zap+1","Dualcast","Conserve Battery+1","Juggernaut+1","Loop+1","Amplify+1","Heatsinks+1","Seek+1","Double Energy+1","Conserve Battery","Coolheaded+1","Loop+1","Secret Technique+1","Cold Snap+1"],"relics":["Cracked Core","Gremlin Horn","Mummified Hand","Empty Cage","Frozen Egg 2","Pantograph","Unceasing Top","Meat on the Bone","Mercury Hourglass","Tiny Chest","Tiny House","Happy Flower","Strawberry","Cables"],"potions_floor_usage":[8,23,23,23,36,50,55,55,55],"damage_taken":[{"damage":8,"enemies":"Jaw Worm","floor":1,"turns":3},{"damage":1,"enemies":"Cultist","floor":2,"turns":3},{"damage":0,"enemies":"Small Slimes","floor":3,"turns":2},{"damage":8,"enemies":"Looter","floor":5,"turns":3},{"damage":2,"enemies":"3 Louse","floor":7,"turns":4},{"damage":3,"enemies":"Gremlin Nob","floor":8,"turns":3},{"damage":6,"enemies":"Lots of Slimes","floor":10,"turns":2},{"damage":0,"enemies":"Blue Slaver","floor":11,"turns":3},{"damage":2,"enemies":"3 Louse","floor":13,"turns":2},{"damage":2,"enemies":"2 Fungi Beasts","floor":14,"turns":3},{"damage":12,"enemies":"The Guardian","floor":16,"turns":10},{"damage":0,"enemies":"Chosen","floor":18,"turns":3},{"damage":10,"enemies":"3 Byrds","floor":19,"turns":4},{"damage":16,"enemies":"Shelled Parasite and Fungi","floor":20,"turns":4},{"damage":12,"enemies":"Snake Plant","floor":22,"turns":3},{"damage":29,"enemies":"Slavers","floor":23,"turns":4},{"damage":37,"enemies":"Cultist and Chosen","floor":28,"turns":6},{"damage":6,"enemies":"Book of Stabbing","floor":31,"turns":4},{"damage":40,"enemies":"Champ","floor":33,"turns":10},{"damage":17,"enemies":"3 Shapes","floor":35,"turns":4},{"damage":0,"enemies":"3 Darklings","floor":36,"turns":4},{"damage":0,"enemies":"Spire Growth","floor":37,"turns":4},{"damage":0,"enemies":"Transient","floor":39,"turns":5},{"damage":6,"enemies":"Sphere and 2 Shapes","floor":41,"turns":3},{"damage":18,"enemies":"3 Darklings","floor":42,"turns":3},{"damage":0,"enemies":"Transient","floor":46,"turns":5},{"damage":0,"enemies":"Maw","floor":47,"turns":4},{"damage":34,"enemies":"Spire Growth","floor":48,"turns":5},{"damage":32,"enemies":"Time Eater","floor":50,"turns":5},{"damage":59,"enemies":"Shield and Spear","floor":54,"turns":4},{"damage":36,"enemies":"The Heart","floor":55,"turns":6}],"seed_played":"-7426558443477729469","potions_obtained":[{"floor":5,"key":"Fire Potion"},{"floor":8,"key":"Energy Potion"},{"floor":14,"key":"FairyPotion"},{"floor":19,"key":"Block Potion"},{"floor":22,"key":"PowerPotion"},{"floor":28,"key":"Dexterity Potion"},{"floor":34,"key":"Regen Potion"},{"floor":35,"key":"FocusPotion"},{"floor":37,"key":"Dexterity Potion"}],"is_trial":false,"path_per_floor":["M","M","M","?","M","R","M","E","T","M","M","R","M","M","R","B",null,"M","M","M","$","M","E","R","?","T","R","M","?","R","E","R","B",null,"M","M","M","?","M","R","M","M","T","R","?","M","M","M","R","B",null,"R","$","E","B",null],"character_chosen":"DEFECT","items_purchased":["Frozen Egg 2","Pantograph","Happy Flower","Strawberry","EssenceOfSteel"],"campfire_rested":3,"item_purchase_floors":[21,21,53,53,53],"current_hp_per_floor":[67,66,66,66,58,58,56,53,53,47,47,47,45,43,43,31,75,75,65,49,49,37,8,30,16,16,40,15,15,39,45,45,42,85,68,80,80,80,80,80,74,56,56,56,56,56,56,34,34,39,85,85,92,45,46],"gold":45,"neow_bonus":"HUNDRED_GOLD","is_prod":false,"is_daily":false,"chose_seed":false,"campfire_upgraded":7,"win_rate":0,"timestamp":1565873969,"path_taken":["M","M","M","?","?","R","M","E","T","M","M","R","M","M","R","BOSS","M","M","M","$","M","E","R","?","T","R","M","?","R","E","R","BOSS","M","M","M","?","M","R","M","M","T","R","?","M","?","M","R","BOSS","R","$","E","BOSS"],"build_version":"2019-07-05","purchased_purges":1,"victory":true,"max_hp_per_floor":[75,75,75,75,75,75,75,75,75,75,75,75,75,75,75,75,75,75,75,75,75,75,75,75,80,80,80,80,80,80,80,80,80,85,85,85,85,85,85,85,85,85,85,85,85,85,85,85,85,85,85,85,92,92,92],"card_choices":[{"not_picked":["Streamline","Compile Driver","Undo"],"picked":"SKIP","floor":1},{"not_picked":["Coolheaded","Rebound","Gash"],"picked":"SKIP","floor":2},{"not_picked":["BootSequence","Lockon"],"picked":"Conserve Battery","floor":3},{"not_picked":["White Noise","Tempest","Ball Lightning"],"picked":"SKIP","floor":5},{"not_picked":["Fusion","Leap","Hologram"],"picked":"SKIP","floor":7},{"not_picked":["Stack","Thunder Strike","Scrape"],"picked":"SKIP","floor":8},{"not_picked":["Stack","Hologram","Consume"],"picked":"SKIP","floor":10},{"not_picked":["FTL","Go for the Eyes","Beam Cell"],"picked":"SKIP","floor":11},{"not_picked":["FTL","Hologram"],"picked":"Loop","floor":13},{"not_picked":["Doom and Gloom","Undo","Lockon"],"picked":"SKIP","floor":14},{"not_picked":["Thunder Strike","Buffer"],"picked":"Amplify","floor":16},{"not_picked":["Recycle","Leap+1","Static Discharge"],"picked":"SKIP","floor":18},{"not_picked":["Compile Driver","Leap","Steam"],"picked":"SKIP","floor":19},{"not_picked":["Steam","Storm+1"],"picked":"Heatsinks+1","floor":20},{"not_picked":["Doom and Gloom+1","Beam Cell","Sweeping Beam"],"picked":"SKIP","floor":22},{"not_picked":["Reprogram","Ball Lightning","Compile Driver+1"],"picked":"SKIP","floor":23},{"not_picked":["Coolheaded","Hologram"],"picked":"Seek","floor":28},{"not_picked":["Rebound","Sweeping Beam"],"picked":"Double Energy+1","floor":31},{"not_picked":["Chaos+1","Heatsinks+1"],"picked":"Conserve Battery","floor":34},{"not_picked":["Stack+1","Redo","FTL+1"],"picked":"SKIP","floor":35},{"not_picked":["Glacier","Tempest+1"],"picked":"Coolheaded","floor":36},{"not_picked":["Conserve Battery+1","Barrage+1"],"picked":"Loop+1","floor":37},{"not_picked":["Good Instincts","Trip"],"picked":"Secret Technique","floor":38},{"not_picked":["Ball Lightning","Hologram+1","Go for the Eyes+1"],"picked":"SKIP","floor":39},{"not_picked":["Beam Cell+1","Leap","Consume+1"],"picked":"SKIP","floor":41},{"not_picked":["Thunder Strike","Genetic Algorithm+1","Chaos+1"],"picked":"SKIP","floor":42},{"not_picked":["Melter+1","Reprogram+1","Rebound+1"],"picked":"SKIP","floor":46},{"not_picked":["Redo","Consume","Sunder"],"picked":"SKIP","floor":47},{"not_picked":["Darkness+1","Storm+1"],"picked":"Cold Snap+1","floor":48},{"not_picked":["Beam Cell","Sweeping Beam","Auto Shields+1"],"picked":"SKIP","floor":54}],"player_experience":508617,"relics_obtained":[{"floor":8,"key":"Gremlin Horn"},{"floor":9,"key":"Mummified Hand"},{"floor":23,"key":"Unceasing Top"},{"floor":26,"key":"Meat on the Bone"},{"floor":31,"key":"Tiny Chest"},{"floor":54,"key":"Cables"}],"event_choices":[{"cards_removed":["Strike_B"],"damage_healed":0,"gold_gain":0,"player_choice":"Took Card","damage_taken":0,"max_hp_gain":0,"max_hp_loss":0,"event_name":"NoteForYourself","floor":4,"gold_loss":0,"cards_obtained":["Juggernaut"]},{"damage_healed":0,"gold_gain":0,"player_choice":"Shed Blood","damage_taken":19,"max_hp_gain":5,"max_hp_loss":0,"event_name":"Forgotten Altar","floor":25,"gold_loss":0},{"damage_healed":0,"gold_gain":0,"player_choice":"Opened","damage_taken":0,"relics_obtained":["Mercury Hourglass"],"max_hp_gain":0,"max_hp_loss":0,"event_name":"The Mausoleum","floor":29,"gold_loss":0},{"damage_healed":0,"gold_gain":0,"player_choice":"Memory 1","damage_taken":0,"max_hp_gain":0,"max_hp_loss":0,"event_name":"SensoryStone","floor":38,"gold_loss":0},{"damage_healed":0,"gold_gain":0,"player_choice":"Leave","damage_taken":0,"max_hp_gain":0,"max_hp_loss":0,"event_name":"FaceTrader","floor":45,"gold_loss":0}],"is_beta":false,"boss_relics":[{"not_picked":["Ectoplasm","Calling Bell"],"picked":"Empty Cage"},{"not_picked":["Snecko Eye","Pandora\u0027s Box"],"picked":"Tiny House"}],"items_purged_floors":[53],"is_endless":false,"potions_floor_spawned":[5,8,14,19,20,22,28,35,37,42],"ascension_level":0}