{"gold_per_floor":[118,118,137,149,162,162,174,174,174,191,219,219,219,230,230,331,331,344,359,57,57,57,89,103,25,25,25],"floor_reached":27,"playtime":2332,"items_purged":[],"score":235,"play_id":"4d439b0f-5691-48b4-ad78-30ba84e52642","local_time":"20190717055117","is_ascension_mode":false,"campfire_choices":[{"floor":6,"key":"REST"},{"data":"Chaos","floor":8,"key":"SMITH"},{"data":"Zap","floor":13,"key":"SMITH"},{"data":"Dualcast","floor":15,"key":"SMITH"}],"neow_cost":"PERCENT_DAMAGE","seed_source_timestamp":447331207615411,"circlet_count":0,"master_deck":["Strike_B","Strike_B","Strike_B","Strike_B","Defend_B+1","Defend_B","Defend_B+1","Zap+1","Dualcast+1","Seek","Chaos+1","Ball Lightning","Double Energy","Machine Learning","Leap","Seek","Barrage+1","Fusion+1","Purity","Recycle","Defragment+1","Defragment"],"relics":["Cracked Core","War Paint","Pear","Inserter","ClockworkSouvenir","Omamori","Cables"],"potions_floor_usage":[10,23,27],"damage_taken":[{"damage":2,"enemies":"Small Slimes","floor":1,"turns":3},{"damage":7,"enemies":"2 Louse","floor":3,"turns":3},{"damage":3,"enemies":"Jaw Worm","floor":4,"turns":2},{"damage":2,"enemies":"2 Fungi Beasts","floor":5,"turns":3},{"damage":3,"enemies":"Red Slaver","floor":7,"turns":3},{"damage":4,"enemies":"Gremlin Gang","floor":10,"turns":4},{"damage":8,"enemies":"Lagavulin","floor":11,"turns":5},{"damage":7,"enemies":"Blue Slaver","floor":14,"turns":2},{"damage":23,"enemies":"Hexaghost","floor":16,"turns":7},{"damage":12,"enemies":"2 Thieves","floor":18,"turns":5},{"damage":3,"enemies":"Shell Parasite","floor":19,"turns":5},{"damage":40,"enemies":"Book of Stabbing","floor":23,"turns":7},{"damage":11,"enemies":"Chosen and Byrds","floor":24,"turns":6},{"damage":23,"enemies":"Gremlin Leader","floor":27,"turns":2}],"seed_played":"734988644429663863","potions_obtained":[{"floor":1,"key":"Energy Potion"},{"floor":5,"key":"Ancient Potion"},{"floor":11,"key":"Swift Potion"},{"floor":16,"key":"Weak Potion"}],"is_trial":false,"path_per_floor":["M","?","M","M","M","R","M","R","T","M","E","?","R","M","R","B",null,"M","M","$","?","?","E","M","$","T","E"],"character_chosen":"DEFECT","items_purchased":["Purity","ClockworkSouvenir","Defragment"],"campfire_rested":1,"item_purchase_floors":[20,20,25],"current_hp_per_floor":[52,34,27,24,22,44,41,41,41,37,39,67,67,60,60,37,85,73,70,70,70,70,30,19,19,19,0],"gold":25,"neow_bonus":"THREE_RARE_CARDS","is_prod":false,"is_daily":false,"chose_seed":false,"campfire_upgraded":3,"win_rate":0,"timestamp":1563310277,"path_taken":["M","?","M","M","M","R","M","R","T","M","E","?","R","M","R","BOSS","M","M","$","?","?","E","?","$","T","E"],"build_version":"2019-07-05","purchased_purges":0,"victory":false,"max_hp_per_floor":[75,75,75,75,75,75,75,75,75,75,85,85,85,85,85,85,85,85,85,85,85,85,85,85,85,85,85],"card_choices":[{"not_picked":["Electrodynamics","Fission"],"picked":"Seek","floor":0},{"not_picked":["Beam Cell","Ball Lightning"],"picked":"Chaos","floor":1},{"not_picked":["Cold Snap","Stack"],"picked":"Ball Lightning","floor":3},{"not_picked":["Go for the Eyes","Force Field","Coolheaded"],"picked":"SKIP","floor":4},{"not_picked":["Steam","Redo","Cold Snap"],"picked":"SKIP","floor":5},{"not_picked":["Sweeping Beam","Ball Lightning"],"picked":"Double Energy","floor":7},{"not_picked":["Redo","Chill","Streamline"],"picked":"SKIP","floor":10},{"not_picked":["Reprogram","Turbo"],"picked":"Machine Learning","floor":11},{"not_picked":["Go for the Eyes","Sweeping Beam"],"picked":"Leap","floor":14},{"not_picked":["Biased Cognition","Thunder Strike"],"picked":"Seek","floor":16},{"not_picked":["FTL","Undo"],"picked":"Barrage+1","floor":18},{"not_picked":["Storm","Chill"],"picked":"Fusion+1","floor":19},{"not_picked":["Reinforced Body","Gash+1"],"picked":"Recycle","floor":23},{"not_picked":["Redo","Coolheaded"],"picked":"Defragment+1","floor":24}],"player_experience":257304,"relics_obtained":[{"floor":11,"key":"Pear"},{"floor":23,"key":"Omamori"},{"floor":26,"key":"Cables"}],"event_choices":[{"damage_healed":0,"gold_gain":0,"player_choice":"Success","damage_taken":18,"relics_obtained":["War Paint"],"max_hp_gain":0,"max_hp_loss":0,"event_name":"Scrap Ooze","floor":2,"gold_loss":0},{"damage_healed":28,"gold_gain":0,"player_choice":"Banana","damage_taken":0,"max_hp_gain":0,"max_hp_loss":0,"event_name":"Big Fish","floor":12,"gold_loss":0},{"damage_healed":0,"gold_gain":0,"player_choice":"Ignored","damage_taken":0,"max_hp_gain":0,"max_hp_loss":0,"event_name":"Cursed Tome","floor":21,"gold_loss":0},{"cards_removed":["Defend_B"],"damage_healed":0,"gold_gain":0,"player_choice":"Offered Basic","damage_taken":0,"max_hp_gain":0,"max_hp_loss":0,"event_name":"Bonfire Elementals","floor":22,"gold_loss":0}],"is_beta":false,"boss_relics":[{"not_picked":["Lizard Tail","Philosopher\u0027s Stone"],"picked":"Inserter"}],"items_purged_floors":[],"is_endless":false,"potions_floor_spawned":[1,5,11,16,18],"killed_by":"Gremlin Leader","ascension_level":0}