{"gold_per_floor":[117,192,211,221,221,221,249,268,293,306,306],"floor_reached":11,"playtime":743,"items_purged":[],"score":150,"play_id":"15807b3f-f9cd-4e5c-b369-5923ba6f6792","local_time":"20190809182344","is_ascension_mode":true,"campfire_choices":[{"data":"Go for the Eyes","floor":6.0,"key":"SMITH"}],"neow_cost":"NONE","seed_source_timestamp":607989406024999,"circlet_count":0,"master_deck":["AscendersBane","Strike_B","Strike_B","Strike_B","Strike_B","Defend_B","Defend_B","Defend_B","Defend_B","Zap","Dualcast","Cold Snap","Conserve Battery","Go for the Eyes+1","Skim","Compile Driver","Genetic Algorithm"],"special_seed":0,"relics":["Cracked Core","Incense Burner","StoneCalendar","Bag of Preparation"],"potions_floor_usage":[11],"damage_taken":[{"damage":1.0,"enemies":"Cultist","floor":1.0,"turns":4.0},{"damage":2.0,"enemies":"Jaw Worm","floor":3.0,"turns":5.0},{"damage":0.0,"enemies":"Small Slimes","floor":4.0,"turns":4.0},{"damage":24.0,"enemies":"3 Sentries","floor":7.0,"turns":17.0},{"damage":2.0,"enemies":"Exordium Wildlife","floor":8.0,"turns":2.0},{"damage":16.0,"enemies":"Lots of Slimes","floor":10.0,"turns":6.0},{"damage":18,"enemies":"Gremlin Nob","floor":11,"turns":3}],"seed_played":"4146882841356751580","potions_obtained":[{"floor":3.0,"key":"SkillPotion"},{"floor":10.0,"key":"AttackPotion"}],"is_trial":false,"path_per_floor":["M","?","M","M","T","R","E","M","T","M","E"],"character_chosen":"DEFECT","items_purchased":[],"campfire_rested":0,"item_purchase_floors":[],"current_hp_per_floor":[70,59,57,57,57,57,33,31,31,15,0],"gold":306,"neow_bonus":"TEN_PERCENT_HP_BONUS","is_prod":false,"is_daily":false,"chose_seed":false,"campfire_upgraded":1,"win_rate":0,"timestamp":1565389424,"path_taken":["M","?","M","M","?","R","E","M","T","?","E"],"build_version":"2019-07-17","purchased_purges":0,"victory":false,"max_hp_per_floor":[78,78,78,78,78,78,78,78,78,78,78],"card_choices":[{"not_picked":["Doom and Gloom","Barrage"],"picked":"Cold Snap","floor":1.0},{"not_picked":["Coolheaded","Aggregate"],"picked":"Conserve Battery","floor":3.0},{"not_picked":["Aggregate","Recycle"],"picked":"Go for the Eyes","floor":4.0},{"not_picked":["Ball Lightning","Go for the Eyes"],"picked":"Skim","floor":7.0},{"not_picked":["Coolheaded","Ball Lightning"],"picked":"Compile Driver","floor":8.0},{"not_picked":["Force Field","Streamline"],"picked":"Genetic Algorithm","floor":10.0}],"player_experience":374469,"relics_obtained":[{"floor":5.0,"key":"Incense Burner"},{"floor":7.0,"key":"StoneCalendar"},{"floor":9.0,"key":"Bag of Preparation"}],"event_choices":[{"damage_healed":0.0,"max_hp_gain":0.0,"max_hp_loss":0.0,"gold_gain":75.0,"event_name":"World of Goop","player_choice":"Gather Gold","floor":2.0,"gold_loss":0.0,"damage_taken":11.0}],"is_beta":false,"boss_relics":[],"items_purged_floors":[],"is_endless":false,"potions_floor_spawned":[3,10],"killed_by":"Gremlin Nob","ascension_level":20}