{"gold_per_floor":[116,65,84,84,9,41,53,88,88,108,4,18,38,70,70,142,142,154,154,164,176,8,8,41,41,41,73,73,73,73,73,73,73],"floor_reached":33,"playtime":1446,"items_purged":[],"score":615,"play_id":"e605e98a-f27e-43d9-9a9e-70bdce49c1ef","local_time":"20190829120227","is_ascension_mode":true,"campfire_choices":[{"floor":15,"key":"REST"},{"data":"Double Tap","floor":23,"key":"SMITH"},{"floor":25,"key":"REST"},{"data":"Disarm","floor":28,"key":"SMITH"},{"floor":30,"key":"REST"},{"data":"Bash","floor":32,"key":"SMITH"}],"neow_cost":"NONE","seed_source_timestamp":828421501980900,"circlet_count":0,"master_deck":["AscendersBane","Defend_R","Defend_R","Defend_R","Defend_R","Bash+1","Anger","Wild Strike","Clothesline","Seeing Red+1","Reckless Charge","Anger","Evolve","Shrug It Off","Shrug It Off+1","Double Tap+1","Immolate","Headbutt","RitualDagger","Disarm+1","Bludgeon","Parasite","Bite","Bite","Bite","Bite","Bite","RitualDagger"],"relics":["Burning Blood","NeowsBlessing","Singing Bowl","Kunai","Red Skull","Cursed Key","PreservedInsect","War Paint","Mummified Hand","WingedGreaves"],"potions_floor_usage":[13,14,14,18,33],"damage_taken":[{"damage":0,"enemies":"Cultist","floor":1,"turns":1},{"damage":0,"enemies":"Jaw Worm","floor":3,"turns":1},{"damage":0,"enemies":"3 Sentries","floor":6,"turns":1},{"damage":3,"enemies":"2 Louse","floor":7,"turns":2},{"damage":37,"enemies":"Lagavulin","floor":8,"turns":6},{"damage":8,"enemies":"Red Slaver","floor":10,"turns":2},{"damage":32,"enemies":"Large Slime","floor":12,"turns":6},{"damage":19,"enemies":"Exordium Thugs","floor":13,"turns":6},{"damage":12,"enemies":"Gremlin Nob","floor":14,"turns":4},{"damage":34,"enemies":"Hexaghost","floor":16,"turns":9},{"damage":21,"enemies":"Spheric Guardian","floor":18,"turns":5},{"damage":18,"enemies":"3 Byrds","floor":20,"turns":4},{"damage":9,"enemies":"Centurion and Healer","floor":21,"turns":3},{"damage":14,"enemies":"Book of Stabbing","floor":24,"turns":4},{"damage":31,"enemies":"Slavers","floor":27,"turns":3},{"damage":72,"enemies":"Automaton","floor":33,"turns":8}],"seed_played":"7031724378713463432","potions_obtained":[{"floor":1,"key":"Swift Potion"},{"floor":10,"key":"Poison Potion"},{"floor":12,"key":"Energy Potion"},{"floor":13,"key":"BloodPotion"},{"floor":16,"key":"SkillPotion"},{"floor":20,"key":"FairyPotion"},{"floor":27,"key":"Dexterity Potion"}],"is_trial":false,"path_per_floor":["M","$","M","?","$","E","M","E","T","M","$","M","M","E","R","B",null,"M","?","M","M","$","R","E","R","T","E","R","?","R","?","R","B"],"character_chosen":"IRONCLAD","items_purchased":["Wild Strike","Seeing Red","Evolve","Shrug It Off","PreservedInsect"],"campfire_rested":3,"item_purchase_floors":[2,5,11,11,22],"current_hp_per_floor":[74,74,75,71,71,77,79,48,48,46,46,20,9,23,47,19,66,51,45,33,32,32,32,24,48,48,25,25,25,42,42,42,0],"gold":73,"neow_bonus":"THREE_ENEMY_KILL","is_prod":false,"is_daily":false,"chose_seed":false,"campfire_upgraded":3,"win_rate":0,"timestamp":1567105347,"path_taken":["M","?","M","?","$","E","M","E","T","M","$","M","?","E","R","BOSS","M","?","M","M","$","R","E","R","T","E","R","?","R","?","R","BOSS"],"build_version":"2019-07-17","purchased_purges":0,"victory":false,"max_hp_per_floor":[75,75,75,75,75,77,79,79,79,79,79,79,81,81,81,81,81,81,81,81,83,83,83,83,83,83,85,85,59,59,59,59,59],"card_choices":[{"not_picked":["Bloodletting","Entrench"],"picked":"Anger","floor":1},{"not_picked":["True Grit","Flex"],"picked":"Clothesline","floor":3},{"not_picked":["Pommel Strike","Brutality","Sword Boomerang"],"picked":"Singing Bowl","floor":6},{"not_picked":["Cleave","Clash","Blood for Blood"],"picked":"Singing Bowl","floor":7},{"not_picked":["Clothesline","Cleave"],"picked":"Reckless Charge","floor":8},{"not_picked":["Twin Strike","Pummel"],"picked":"Anger","floor":10},{"not_picked":["Heavy Blade","Headbutt"],"picked":"Shrug It Off","floor":12},{"not_picked":["True Grit","Dual Wield","Dropkick"],"picked":"Singing Bowl","floor":13},{"not_picked":["Clothesline","Iron Wave"],"picked":"Double Tap","floor":14},{"not_picked":["Dark Embrace","Juggernaut"],"picked":"Immolate","floor":16},{"not_picked":["Thunderclap","Sever Soul"],"picked":"Headbutt","floor":18},{"not_picked":["Flex","Reckless Charge"],"picked":"Disarm","floor":20},{"not_picked":["True Grit","Thunderclap","Dual Wield"],"picked":"Singing Bowl","floor":21},{"not_picked":["Bloodletting","Inflame"],"picked":"Bludgeon","floor":24},{"not_picked":["Flex","Pummel","Cleave"],"picked":"Singing Bowl","floor":27}],"player_experience":288419,"relics_obtained":[{"floor":6,"key":"Singing Bowl"},{"floor":9,"key":"Kunai"},{"floor":14,"key":"Red Skull"},{"floor":24,"key":"War Paint"},{"floor":26,"key":"Mummified Hand"},{"floor":27,"key":"WingedGreaves"}],"event_choices":[{"damage_healed":0,"gold_gain":0,"player_choice":"Bought 0 Potions","damage_taken":0,"max_hp_gain":0,"max_hp_loss":0,"event_name":"The Woman in Blue","floor":4,"gold_loss":0},{"damage_healed":0,"gold_gain":0,"player_choice":"Joined the Cult","damage_taken":6,"max_hp_gain":0,"max_hp_loss":0,"event_name":"Nest","floor":19,"gold_loss":0,"cards_obtained":["RitualDagger"]},{"damage_healed":0,"gold_gain":0,"player_choice":"Became a vampire","damage_taken":0,"max_hp_gain":0,"max_hp_loss":26,"event_name":"Vampires","floor":29,"gold_loss":0,"cards_obtained":["Bite","Bite","Bite","Bite","Bite"]},{"damage_healed":0,"gold_gain":0,"player_choice":"Copied","damage_taken":0,"max_hp_gain":0,"max_hp_loss":0,"event_name":"Duplicator","floor":31,"gold_loss":0,"cards_obtained":["RitualDagger"]}],"is_beta":false,"boss_relics":[{"not_picked":["Snecko Eye","Orrery"],"picked":"Cursed Key"}],"items_purged_floors":[],"is_endless":false,"potions_floor_spawned":[1,10,12,13,16,20,27],"killed_by":"Automaton","ascension_level":16}