{"gold_per_floor":[118,130,145,155,81,81,46,46,46,46,64,64,85,99,99,219,219,232,268,13,34,34,78,78,119,119,119,162,162,203,282,282,401,464,478,603,630,630],"floor_reached":38,"playtime":2513,"items_purged":[],"score":429,"play_id":"1f589950-b950-47c7-b4c3-d81df3ff448d","local_time":"20190826205714","is_ascension_mode":false,"campfire_choices":[{"data":"Perfected Strike","floor":6,"key":"SMITH"},{"data":"Wild Strike","floor":8,"key":"SMITH"},{"floor":12,"key":"REST"},{"floor":15,"key":"REST"},{"floor":24,"key":"REST"},{"data":"HandOfGreed","floor":27,"key":"SMITH"},{"floor":29,"key":"REST"},{"floor":32,"key":"REST"}],"neow_cost":"NONE","seed_source_timestamp":1001581746026200,"circlet_count":0,"master_deck":["Strike_R+1","Strike_R","Strike_R","Strike_R","Strike_R","Defend_R","Defend_R","Defend_R","Defend_R","Bash","Combust","Shrug It Off","Perfected Strike+1","Twin Strike","Wild Strike+1","Flex+1","Twin Strike","Infernal Blade+1","Offering","Demon Form","Pommel Strike","Wild Strike","HandOfGreed+1","Feed","Heavy Blade+1","Pommel Strike","Twin Strike+1","Immolate","Bloodletting","Perfected Strike"],"relics":["Black Blood","Bottled Flame","Golden Idol","Red Mask","Shuriken","WingedGreaves","Thread and Needle","Kunai","Tiny House","Ginger","War Paint"],"potions_floor_usage":[23,28,33,33,33,36,36,38],"damage_taken":[{"damage":2,"enemies":"2 Louse","floor":1,"turns":2},{"damage":5,"enemies":"Small Slimes","floor":2,"turns":3},{"damage":11,"enemies":"Jaw Worm","floor":3,"turns":4},{"damage":18,"enemies":"Exordium Wildlife","floor":4,"turns":4},{"damage":17,"enemies":"Lots of Slimes","floor":11,"turns":3},{"damage":7,"enemies":"Exordium Thugs","floor":13,"turns":3},{"damage":0,"enemies":"Exordium Wildlife","floor":14,"turns":2},{"damage":15,"enemies":"Slime Boss","floor":16,"turns":6},{"damage":39,"enemies":"3 Byrds","floor":18,"turns":4},{"damage":6,"enemies":"Masked Bandits","floor":19,"turns":2},{"damage":1,"enemies":"Chosen","floor":21,"turns":4},{"damage":41,"enemies":"Slavers","floor":23,"turns":5},{"damage":26,"enemies":"Snecko","floor":25,"turns":4},{"damage":44,"enemies":"Gremlin Leader","floor":28,"turns":5},{"damage":21,"enemies":"3 Cultists","floor":30,"turns":4},{"damage":85,"enemies":"Automaton","floor":33,"turns":7},{"damage":58,"enemies":"3 Darklings","floor":35,"turns":5},{"damage":23,"enemies":"Mind Bloom Boss Battle","floor":36,"turns":7},{"damage":61,"enemies":"2 Orb Walkers","floor":38,"turns":3}],"seed_played":"-5210792278446358696","potions_obtained":[{"floor":1,"key":"SpeedPotion"},{"floor":2,"key":"EntropicBrew"},{"floor":4,"key":"Swift Potion"},{"floor":14,"key":"Fire Potion"},{"floor":19,"key":"BloodPotion"},{"floor":22,"key":"SteroidPotion"},{"floor":23,"key":"FearPotion"},{"floor":30,"key":"Strength Potion"},{"floor":34,"key":"BloodPotion"},{"floor":35,"key":"EssenceOfSteel"},{"floor":36,"key":"SkillPotion"}],"is_trial":false,"path_per_floor":["M","M","M","M","$","R","?","R","T","?","M","R","M","M","R","B",null,"M","?","$","M","?","E","R","M","T","R","E","R","M","T","R","B",null,"M","?","T","?"],"character_chosen":"IRONCLAD","items_purchased":["Wild Strike","Flex","HandOfGreed","Feed"],"campfire_rested":5,"item_purchase_floors":[5,5,20,20],"current_hp_per_floor":[88,88,83,71,71,71,71,71,71,49,38,64,63,69,88,79,88,59,63,63,72,72,44,71,55,55,55,43,70,59,59,86,11,96,48,59,59,0],"gold":630,"neow_bonus":"TEN_PERCENT_HP_BONUS","is_prod":false,"is_daily":false,"chose_seed":false,"campfire_upgraded":3,"win_rate":0,"timestamp":1566878234,"path_taken":["M","M","M","M","$","R","?","R","T","?","M","R","M","M","R","BOSS","M","?","$","M","?","E","R","M","T","R","E","R","?","?","R","BOSS","M","?","?","?"],"build_version":"2019-07-17","purchased_purges":0,"victory":false,"max_hp_per_floor":[88,88,88,88,88,88,88,88,88,88,88,88,88,88,88,88,88,88,88,88,88,88,91,91,91,91,91,91,91,91,91,91,91,96,96,96,96,96],"card_choices":[{"not_picked":["True Grit","Clash"],"picked":"Combust","floor":1},{"not_picked":["Clash","Warcry"],"picked":"Shrug It Off","floor":2},{"not_picked":["Anger","Corruption"],"picked":"Perfected Strike","floor":3},{"not_picked":["Clash","Anger"],"picked":"Twin Strike","floor":4},{"not_picked":["Clothesline","Clash"],"picked":"Twin Strike","floor":11},{"not_picked":["Anger","Armaments"],"picked":"Infernal Blade","floor":13},{"not_picked":["Intimidate","Whirlwind"],"picked":"Offering","floor":14},{"not_picked":["Offering","Limit Break"],"picked":"Demon Form","floor":16},{"not_picked":["True Grit","Inflame"],"picked":"Pommel Strike","floor":18},{"not_picked":["Thunderclap","Heavy Blade"],"picked":"Wild Strike","floor":19},{"not_picked":["Armaments+1","Infernal Blade+1"],"picked":"Heavy Blade+1","floor":21},{"not_picked":["Blood for Blood","Feel No Pain+1"],"picked":"Pommel Strike","floor":23},{"not_picked":["Hemokinesis","Shockwave","Sword Boomerang+1"],"picked":"SKIP","floor":25},{"not_picked":["Spot Weakness","Brutality"],"picked":"Twin Strike+1","floor":28},{"not_picked":["Headbutt","Flame Barrier","Body Slam"],"picked":"SKIP","floor":30},{"not_picked":["Fiend Fire","Reaper"],"picked":"Immolate","floor":33},{"not_picked":["Intimidate","Anger"],"picked":"Bloodletting","floor":34},{"not_picked":["Armaments+1","Wild Strike"],"picked":"Perfected Strike","floor":35}],"player_experience":77740,"relics_obtained":[{"floor":9,"key":"Bottled Flame"},{"floor":19,"key":"Red Mask"},{"floor":23,"key":"Shuriken"},{"floor":26,"key":"WingedGreaves"},{"floor":28,"key":"Thread and Needle"},{"floor":31,"key":"Kunai"},{"floor":36,"key":"Ginger"},{"floor":37,"key":"War Paint"}],"event_choices":[{"damage_healed":0,"gold_gain":0,"player_choice":"Left Gold","damage_taken":0,"max_hp_gain":0,"max_hp_loss":0,"event_name":"World of Goop","floor":7,"gold_loss":35},{"damage_healed":0,"gold_gain":0,"player_choice":"Take Damage","damage_taken":22,"relics_obtained":["Golden Idol"],"max_hp_gain":0,"max_hp_loss":0,"event_name":"Golden Idol","floor":10,"gold_loss":0},{"damage_healed":0,"gold_gain":0,"player_choice":"Fought Bandits","damage_taken":0,"max_hp_gain":0,"max_hp_loss":0,"event_name":"Masked Bandits","floor":19,"gold_loss":0},{"damage_healed":0,"gold_gain":0,"player_choice":"Got Potions","damage_taken":0,"max_hp_gain":0,"max_hp_loss":0,"event_name":"Lab","floor":22,"gold_loss":0},{"damage_healed":0,"gold_gain":0,"player_choice":"Fight","damage_taken":0,"max_hp_gain":0,"max_hp_loss":0,"event_name":"MindBloom","floor":36,"gold_loss":0},{"damage_healed":0,"gold_gain":0,"player_choice":"Fight","damage_taken":0,"max_hp_gain":0,"max_hp_loss":0,"event_name":"Mysterious Sphere","floor":38,"gold_loss":0}],"is_beta":false,"boss_relics":[{"not_picked":["Orrery","Cursed Key"],"picked":"Black Blood"},{"not_picked":["Philosopher\u0027s Stone","Runic Dome"],"picked":"Tiny House"}],"items_purged_floors":[],"is_endless":false,"potions_floor_spawned":[1,2,4,14,19,23,30,35,36],"killed_by":"2 Orb Walkers","ascension_level":0}