{"gold_per_floor":[119,136,182,198,198,198,222,222,222,13,13,13,31,46,46,46],"floor_reached":16,"playtime":1239,"items_purged":["Defend_B"],"score":92,"play_id":"4a7385ca-18e8-48f8-9ebc-ba79925914d4","local_time":"20190628123858","is_ascension_mode":false,"campfire_choices":[{"data":"Go for the Eyes","floor":6,"key":"SMITH"},{"data":"Reprogram","floor":12,"key":"SMITH"},{"data":"Dualcast","floor":15,"key":"SMITH"}],"neow_cost":"NONE","seed_source_timestamp":803742912844396,"circlet_count":0,"master_deck":["Strike_B","Strike_B","Strike_B","Defend_B","Defend_B","Defend_B","Zap","Dualcast+1","Sweeping Beam","Go for the Eyes+1","Reprogram+1","All For One","Multi-Cast"],"relics":["Cracked Core","Smiling Mask","Golden Idol","Bronze Scales"],"potions_floor_usage":[16,16,16],"damage_taken":[{"damage":1,"enemies":"Cultist","floor":1,"turns":3},{"damage":2,"enemies":"Small Slimes","floor":2,"turns":2},{"damage":3,"enemies":"2 Louse","floor":4,"turns":2},{"damage":8,"enemies":"Lots of Slimes","floor":7,"turns":3},{"damage":7,"enemies":"3 Louse","floor":13,"turns":3},{"damage":10,"enemies":"Large Slime","floor":14,"turns":5},{"damage":29,"enemies":"The Guardian","floor":16,"turns":10}],"seed_played":"-5316747057907931887","potions_obtained":[{"floor":1,"key":"GamblersBrew"},{"floor":2,"key":"SneckoOil"},{"floor":11,"key":"FearPotion"},{"floor":11,"key":"SkillPotion"},{"floor":14,"key":"SteroidPotion"}],"is_trial":false,"path_per_floor":["M","M","T","M","?","R","M","?","T","$","?","R","M","M","R","B"],"character_chosen":"DEFECT","items_purchased":["All For One"],"campfire_rested":0,"item_purchase_floors":[10],"current_hp_per_floor":[81,79,79,76,56,56,48,41,41,41,41,41,34,24,24,0],"gold":46,"neow_bonus":"TEN_PERCENT_HP_BONUS","is_prod":false,"is_daily":false,"chose_seed":false,"campfire_upgraded":3,"win_rate":0,"timestamp":1561693138,"path_taken":["M","M","?","M","?","R","M","?","T","$","?","R","M","M","R","BOSS"],"build_version":"2019-01-23","purchased_purges":1,"victory":false,"max_hp_per_floor":[82,82,82,82,82,82,82,82,82,82,82,82,82,82,82,82],"card_choices":[{"not_picked":["Rip and Tear","Blizzard"],"picked":"Sweeping Beam","floor":1},{"not_picked":["Lockon","Turbo"],"picked":"Go for the Eyes","floor":2},{"not_picked":["Blizzard","Lockon","Ball Lightning"],"picked":"SKIP","floor":4},{"not_picked":["Melter","Sweeping Beam"],"picked":"Reprogram","floor":7},{"not_picked":["Chaos","Hello World","Stack"],"picked":"SKIP","floor":13},{"not_picked":["Static Discharge","Coolheaded"],"picked":"Multi-Cast","floor":14}],"player_experience":91804,"relics_obtained":[{"floor":3,"key":"Smiling Mask"},{"floor":9,"key":"Bronze Scales"}],"event_choices":[{"damage_healed":0,"gold_gain":0,"player_choice":"Take Damage","damage_taken":20,"relics_obtained":["Golden Idol"],"max_hp_gain":0,"max_hp_loss":0,"event_name":"Golden Idol","floor":5,"gold_loss":0},{"cards_removed":["Strike_B"],"damage_healed":0,"gold_gain":0,"player_choice":"Card Removal","damage_taken":7,"max_hp_gain":0,"max_hp_loss":0,"event_name":"Golden Wing","floor":8,"gold_loss":0},{"damage_healed":0,"gold_gain":0,"player_choice":"Got Potions","damage_taken":0,"max_hp_gain":0,"max_hp_loss":0,"event_name":"Lab","floor":11,"gold_loss":0}],"is_beta":false,"boss_relics":[],"items_purged_floors":[10],"is_endless":false,"potions_floor_spawned":[1,2,14],"killed_by":"The Guardian","ascension_level":0}