{"gold_per_floor":[139,194,225,225,276,276,303,303,303,336,431,490,490,552,552,577],"floor_reached":16,"playtime":1692,"items_purged":[],"score":200,"play_id":"906f280c-1a98-4d89-94fa-b3c1eece9f55","local_time":"20190724194037","is_ascension_mode":true,"campfire_choices":[{"floor":6,"key":"REST"},{"floor":8,"key":"REST"},{"data":"HandOfGreed","floor":13,"key":"SMITH"},{"data":"Go for the Eyes","floor":15,"key":"SMITH"}],"neow_cost":"TEN_PERCENT_HP_LOSS","seed_source_timestamp":79949655103696,"circlet_count":0,"master_deck":["AscendersBane","Strike_B","Strike_B","Strike_B","Strike_B","Defend_B","Defend_B","Defend_B","Defend_B","Zap","Dualcast","HandOfGreed+1","Panacea","White Noise","Capacitor","Steam Power","Glacier","Chill","Heatsinks","Go for the Eyes+1","BootSequence"],"relics":["Cracked Core","Centennial Puzzle","Strawberry","Singing Bowl"],"potions_floor_usage":[16,16],"damage_taken":[{"damage":6,"enemies":"Cultist","floor":1,"turns":4},{"damage":10,"enemies":"Small Slimes","floor":2,"turns":4},{"damage":14,"enemies":"Jaw Worm","floor":3,"turns":4},{"damage":15,"enemies":"Gremlin Gang","floor":5,"turns":5},{"damage":30,"enemies":"Lagavulin","floor":7,"turns":8},{"damage":0,"enemies":"Looter","floor":10,"turns":4},{"damage":6,"enemies":"3 Sentries","floor":11,"turns":15},{"damage":0,"enemies":"2 Fungi Beasts","floor":12,"turns":4},{"damage":0,"enemies":"Large Slime","floor":14,"turns":7},{"damage":43,"enemies":"Slime Boss","floor":16,"turns":15}],"seed_played":"3054783543268712425","potions_obtained":[{"floor":1,"key":"PowerPotion"},{"floor":3,"key":"Poison Potion"},{"floor":5,"key":"Fire Potion"}],"is_trial":false,"path_per_floor":["M","M","M","?","M","R","E","R","T","M","E","M","R","M","R","B"],"character_chosen":"DEFECT","items_purchased":[],"campfire_rested":2,"item_purchase_floors":[],"current_hp_per_floor":[58,48,34,39,24,44,14,34,41,41,37,37,37,37,37,0],"gold":577,"neow_bonus":"RANDOM_COLORLESS_2","is_prod":false,"is_daily":false,"chose_seed":false,"campfire_upgraded":2,"win_rate":0,"timestamp":1564011637,"path_taken":["M","?","M","?","M","R","E","R","T","M","E","M","R","M","R","BOSS"],"build_version":"2019-07-17","purchased_purges":0,"victory":false,"max_hp_per_floor":[64,64,64,69,69,69,69,69,76,76,78,78,78,78,78,78],"card_choices":[{"not_picked":["Conserve Battery","Go for the Eyes"],"picked":"White Noise","floor":1},{"not_picked":["Heatsinks","Loop"],"picked":"Capacitor","floor":2},{"not_picked":["Stack","Coolheaded"],"picked":"Steam Power","floor":3},{"not_picked":["Barrage","Coolheaded"],"picked":"Glacier","floor":5},{"not_picked":["Tempest","White Noise"],"picked":"Chill","floor":7},{"not_picked":["Gash","Streamline"],"picked":"Heatsinks","floor":10},{"not_picked":["Reprogram","Chill","Fusion"],"picked":"Singing Bowl","floor":11},{"not_picked":["Ball Lightning","Sunder"],"picked":"Go for the Eyes","floor":12},{"not_picked":["Leap","Coolheaded"],"picked":"BootSequence","floor":14}],"player_experience":290114,"relics_obtained":[{"floor":7,"key":"Centennial Puzzle"},{"floor":9,"key":"Strawberry"},{"floor":11,"key":"Singing Bowl"}],"event_choices":[{"damage_healed":0,"gold_gain":0,"player_choice":"Donut","damage_taken":0,"max_hp_gain":5,"max_hp_loss":0,"event_name":"Big Fish","floor":4,"gold_loss":0}],"is_beta":false,"boss_relics":[],"items_purged_floors":[],"is_endless":false,"potions_floor_spawned":[1,3,5,10],"killed_by":"Slime Boss","ascension_level":15}