{"gold_per_floor":[144,144,144,189,46,46,49,49,49,4,4,4,49,94,94,394,394,439,439,27,72,117,117,117,117,192,237,297,65,65,110,110,110],"floor_reached":33,"playtime":1697,"items_purged":[],"score":283,"play_id":"a6b38d77-7f24-4580-8bb4-55ebd4eeedf0","local_time":"20190824162917","daily_mods":["Specialized","Flight","Midas"],"is_ascension_mode":false,"campfire_choices":[{"floor":6,"key":"REST"},{"floor":8,"key":"REST"},{"floor":15,"key":"REST"},{"floor":23,"key":"REST"},{"floor":24,"key":"REST"},{"floor":30,"key":"REST"},{"floor":32,"key":"REST"}],"neow_cost":"","seed_source_timestamp":811279356477900,"circlet_count":0,"master_deck":["Strike_R+1","Strike_R+1","Strike_R+1","Strike_R+1","Strike_R+1","Defend_R+1","Defend_R+1","Defend_R+1","Defend_R+1","Bash","Warcry","Warcry","Warcry","Whirlwind","Searing Blow","Iron Wave","Iron Wave","Inflame+1","Flex","Cleave","Cleave","Cleave","Immolate","Reaper","Dual Wield","Shrug It Off+1","Clothesline","Flash of Steel","Whirlwind","Spot Weakness","Iron Wave+1","Rupture+1","Flex+1","Carnage","Cleave+1","Limit Break","Swift Strike","Rage+1","Fire Breathing"],"special_seed":18132,"relics":["Burning Blood","Prayer Wheel","Odd Mushroom","Champion Belt","GremlinMask","Fusion Hammer","Bottled Tornado","Matryoshka","Red Mask"],"potions_floor_usage":[22],"damage_taken":[{"damage":10,"enemies":"Jaw Worm","floor":1,"turns":4},{"damage":14,"enemies":"Small Slimes","floor":4,"turns":4},{"damage":13,"enemies":"The Mushroom Lair","floor":7,"turns":4},{"damage":6,"enemies":"Cultist","floor":13,"turns":4},{"damage":6,"enemies":"2 Fungi Beasts","floor":14,"turns":2},{"damage":51,"enemies":"Slime Boss","floor":16,"turns":7},{"damage":32,"enemies":"Shell Parasite","floor":18,"turns":5},{"damage":27,"enemies":"Spheric Guardian","floor":21,"turns":4},{"damage":7,"enemies":"3 Cultists","floor":22,"turns":4},{"damage":9,"enemies":"Cultist and Chosen","floor":27,"turns":4},{"damage":19,"enemies":"Masked Bandits","floor":28,"turns":4},{"damage":6,"enemies":"Chosen and Byrds","floor":31,"turns":3},{"damage":85,"enemies":"Automaton","floor":33,"turns":10}],"seed_played":"-4066854202002492669","potions_obtained":[{"floor":14,"key":"SneckoOil"},{"floor":18,"key":"SkillPotion"},{"floor":27,"key":"LiquidBronze"},{"floor":31,"key":"Regen Potion"}],"is_trial":false,"path_per_floor":["M","?","?","M","$","R","?","R","T","$","?","?","M","M","R","B",null,"M","?","$","M","M","R","R","?","T","M","?","$","R","M","R","B"],"character_chosen":"IRONCLAD","items_purchased":["Inflame","Flex","Cleave","Cleave","Bottled Tornado","Flash of Steel","Whirlwind","Limit Break","Swift Strike"],"campfire_rested":7,"item_purchase_floors":[5,5,5,10,20,20,20,29,29],"current_hp_per_floor":[76,51,51,43,43,67,60,80,80,80,80,80,80,80,80,35,80,57,57,57,36,39,63,80,80,80,77,73,73,80,80,80,0],"gold":110,"neow_bonus":"","is_prod":false,"is_daily":true,"chose_seed":false,"campfire_upgraded":0,"win_rate":0,"timestamp":1566689357,"path_taken":["M","?","?","?","$","R","?","R","T","?","?","?","?","?","R","BOSS","M","?","$","?","?","R","R","?","T","M","?","$","R","M","R","BOSS"],"build_version":"2019-07-17","purchased_purges":0,"victory":false,"max_hp_per_floor":[80,80,80,80,80,80,80,80,80,80,80,80,80,80,80,80,80,80,80,80,80,80,80,80,80,80,80,80,80,80,80,80,80],"card_choices":[{"not_picked":["Sword Boomerang","True Grit"],"picked":"Whirlwind","floor":1},{"not_picked":["Havoc","Thunderclap"],"picked":"Iron Wave","floor":4},{"not_picked":["Twin Strike","Shrug It Off"],"picked":"Iron Wave","floor":4},{"not_picked":["True Grit","Dual Wield"],"picked":"Cleave","floor":7},{"not_picked":["True Grit","Second Wind"],"picked":"Immolate","floor":13},{"not_picked":["Warcry","Havoc","True Grit"],"picked":"SKIP","floor":13},{"not_picked":["Reckless Charge","Corruption","Clash"],"picked":"SKIP","floor":14},{"not_picked":["Warcry","Uppercut","Headbutt"],"picked":"SKIP","floor":14},{"not_picked":["Immolate","Brutality"],"picked":"Reaper","floor":16},{"not_picked":["Sever Soul","Infernal Blade"],"picked":"Dual Wield","floor":18},{"not_picked":["Warcry+1","Shockwave"],"picked":"Shrug It Off+1","floor":18},{"not_picked":["Twin Strike+1","Body Slam"],"picked":"Spot Weakness","floor":21},{"not_picked":["Bloodletting","Twin Strike","Warcry"],"picked":"SKIP","floor":21},{"not_picked":["Power Through+1","Combust"],"picked":"Iron Wave+1","floor":22},{"not_picked":["Warcry","Sword Boomerang"],"picked":"Rupture+1","floor":22},{"not_picked":["Evolve","Intimidate"],"picked":"Flex+1","floor":27},{"not_picked":["Power Through","Iron Wave"],"picked":"Carnage","floor":27},{"not_picked":["Sentinel+1","Wild Strike+1"],"picked":"Cleave+1","floor":28},{"not_picked":["Twin Strike","Blood for Blood"],"picked":"Rage+1","floor":31},{"not_picked":["Sword Boomerang+1","Body Slam"],"picked":"Fire Breathing","floor":31}],"player_experience":64256,"relics_obtained":[{"floor":7,"key":"Odd Mushroom"},{"floor":9,"key":"Champion Belt"},{"floor":26,"key":"Matryoshka"},{"floor":28,"key":"Red Mask"}],"event_choices":[{"damage_healed":0,"gold_gain":0,"player_choice":"Success","damage_taken":25,"relics_obtained":["Prayer Wheel"],"max_hp_gain":0,"max_hp_loss":0,"event_name":"Scrap Ooze","floor":2,"gold_loss":0},{"damage_healed":0,"gold_gain":0,"cards_transformed":["Warcry"],"player_choice":"Transformed","damage_taken":0,"max_hp_gain":0,"max_hp_loss":0,"event_name":"Transmorgrifier","floor":3,"gold_loss":0,"cards_obtained":["Searing Blow"]},{"damage_healed":0,"gold_gain":0,"player_choice":"Fought Mushrooms","damage_taken":0,"max_hp_gain":0,"max_hp_loss":0,"event_name":"Mushrooms","floor":7,"gold_loss":0},{"damage_healed":0,"gold_gain":0,"player_choice":"Grow","damage_taken":0,"max_hp_gain":0,"max_hp_loss":0,"event_name":"Living Wall","floor":11,"gold_loss":0,"cards_upgraded":["Inflame"]},{"damage_healed":0,"gold_gain":0,"player_choice":"Trade","damage_taken":0,"relics_obtained":["GremlinMask"],"max_hp_gain":0,"max_hp_loss":0,"event_name":"FaceTrader","floor":12,"gold_loss":0},{"damage_healed":0,"gold_gain":0,"cards_transformed":["Warcry"],"player_choice":"Transformed","damage_taken":0,"max_hp_gain":0,"max_hp_loss":0,"event_name":"Transmorgrifier","floor":19,"gold_loss":0,"cards_obtained":["Clothesline"]},{"damage_healed":0,"gold_gain":0,"player_choice":"Simplicity","damage_taken":0,"max_hp_gain":0,"max_hp_loss":0,"event_name":"Back to Basics","floor":25,"gold_loss":0,"cards_upgraded":["Strike_R","Strike_R","Strike_R","Strike_R","Strike_R","Defend_R","Defend_R","Defend_R","Defend_R"]},{"damage_healed":0,"gold_gain":0,"player_choice":"Fought Bandits","damage_taken":0,"max_hp_gain":0,"max_hp_loss":0,"event_name":"Masked Bandits","floor":28,"gold_loss":0}],"is_beta":false,"boss_relics":[{"not_picked":["Black Star","Snecko Eye"],"picked":"Fusion Hammer"}],"items_purged_floors":[],"is_endless":false,"potions_floor_spawned":[14,18,27,31],"killed_by":"Automaton","ascension_level":0}