{"gold_per_floor":[109,109,121,121,136,171,187,199,245,263,293,293,304,332,332,434,434,454,474,486,505,143,143,172,187,213,247,247,247,52,52,52,153,153,166,186,205,217,236,271,7,19,19,19,33,45,45,56,56,56],"floor_reached":51,"playtime":5371,"items_purged":["Defend_R","Strike_R","Defend_R"],"score":891,"play_id":"8455332c-7259-4cba-bfba-1f5fd5f7ac15","local_time":"20190823100023","is_ascension_mode":true,"campfire_choices":[{"data":"Anger","floor":15.0,"key":"SMITH"},{"floor":23.0,"key":"REST"},{"floor":28.0,"key":"REST"},{"floor":32.0,"key":"REST"},{"data":"Disarm","floor":49,"key":"SMITH"}],"neow_cost":"NONE","seed_source_timestamp":0,"circlet_count":0,"master_deck":["Strike_R","Strike_R","Strike_R","Strike_R","Bash+1","Dramatic Entrance","Shrug It Off+1","Disarm+1","Intimidate","Combust+1","Power Through+1","Anger+1","Shrug It Off","Seeing Red","Reaper","Demon Form+1","Dark Embrace+1","Reaper","Heavy Blade","Heavy Blade","Magnetism+1","Finesse","Feel No Pain+1","Feed","Necronomicurse","Offering","Warcry","Warcry","Rage+1","Reaper","Violence","Deep Breath","Parasite","Spot Weakness+1","Combust+1","Evolve+1"],"special_seed":0,"relics":["Burning Blood","Frozen Egg 2","Red Skull","Paper Frog","War Paint","Philosopher\u0027s Stone","Membership Card","Champion Belt","Bronze Scales","Thread and Needle","Necronomicon","Ornamental Fan","Lizard Tail","FossilizedHelix","Happy Flower","Regal Pillow"],"potions_floor_usage":[39,40,50,50],"damage_taken":[{"damage":4.0,"enemies":"2 Louse","floor":1.0,"turns":2.0},{"damage":1.0,"enemies":"Cultist","floor":3.0,"turns":4.0},{"damage":3.0,"enemies":"Small Slimes","floor":5.0,"turns":3.0},{"damage":37.0,"enemies":"Gremlin Nob","floor":6.0,"turns":5.0},{"damage":13.0,"enemies":"Gremlin Gang","floor":7.0,"turns":2.0},{"damage":9.0,"enemies":"Exordium Wildlife","floor":8.0,"turns":3.0},{"damage":5.0,"enemies":"Large Slime","floor":10.0,"turns":2.0},{"damage":12.0,"enemies":"3 Sentries","floor":11.0,"turns":2.0},{"damage":0.0,"enemies":"Lots of Slimes","floor":13.0,"turns":1.0},{"damage":26.0,"enemies":"Gremlin Nob","floor":14.0,"turns":5.0},{"damage":35.0,"enemies":"The Guardian","floor":16.0,"turns":8.0},{"damage":27.0,"enemies":"Chosen","floor":18.0,"turns":5.0},{"damage":37.0,"enemies":"3 Byrds","floor":19.0,"turns":4.0},{"damage":54.0,"enemies":"Cultist and Chosen","floor":20.0,"turns":6.0},{"damage":4.0,"enemies":"Snake Plant","floor":21.0,"turns":3.0},{"damage":6.0,"enemies":"Gremlin Leader","floor":24.0,"turns":6.0},{"damage":28.0,"enemies":"3 Cultists","floor":25.0,"turns":5.0},{"damage":51.0,"enemies":"Slavers","floor":27.0,"turns":5.0},{"damage":38.0,"enemies":"Automaton","floor":33.0,"turns":7.0},{"damage":0.0,"enemies":"Orb Walker","floor":35.0,"turns":3.0},{"damage":46.0,"enemies":"3 Darklings","floor":36.0,"turns":4.0},{"damage":14.0,"enemies":"Maw","floor":37.0,"turns":6.0},{"damage":57,"enemies":"Sphere and 2 Shapes","floor":38,"turns":5},{"damage":40,"enemies":"4 Shapes","floor":39,"turns":4},{"damage":35,"enemies":"Giant Head","floor":40,"turns":7},{"damage":13,"enemies":"Writhing Mass","floor":42,"turns":5},{"damage":31,"enemies":"3 Darklings","floor":45,"turns":4},{"damage":42,"enemies":"4 Shapes","floor":46,"turns":2},{"damage":9,"enemies":"Sphere and 2 Shapes","floor":48,"turns":4},{"damage":95,"enemies":"Awakened One","floor":50,"turns":8}],"seed_played":"786196211353557670","potions_obtained":[{"floor":1.0,"key":"Explosive Potion"},{"floor":3.0,"key":"Ancient Potion"},{"floor":6.0,"key":"FearPotion"},{"floor":8.0,"key":"Dexterity Potion"},{"floor":14.0,"key":"EssenceOfSteel"},{"floor":18.0,"key":"Energy Potion"},{"floor":21.0,"key":"Block Potion"},{"floor":25.0,"key":"GamblersBrew"},{"floor":37,"key":"Poison Potion"},{"floor":38,"key":"SkillPotion"},{"floor":40,"key":"FearPotion"},{"floor":48,"key":"SpeedPotion"}],"is_trial":false,"path_per_floor":["M","?","M","?","M","E","M","M","T","M","E","?","M","E","R","B",null,"M","M","M","M","$","R","E","M","T","E","R","?","$","?","R","B",null,"M","M","M","M","M","E","$","M","T","?","M","M","?","M","R","B",null],"character_chosen":"IRONCLAD","items_purchased":["Membership Card","Magnetism+1","Finesse","Ornamental Fan","Block Potion","Happy Flower","Violence","Deep Breath"],"campfire_rested":3,"item_purchase_floors":[22,22,22,30,30,41,41,41],"current_hp_per_floor":[80,73,78,78,80,49,42,39,39,40,34,34,75,59,59,30,80,59,47,18,20,20,44,56,53,53,18,42,26,26,52,76,59,80,80,62,64,41,53,45,45,43,43,43,68,79,79,80,80,52],"gold":56,"neow_bonus":"RANDOM_COLORLESS","is_prod":false,"is_daily":false,"chose_seed":false,"campfire_upgraded":2,"win_rate":0,"timestamp":1566579623,"path_taken":["M","?","M","?","M","E","M","?","T","M","E","?","M","E","R","BOSS","M","M","M","?","$","R","E","M","T","E","R","?","$","?","R","BOSS","M","M","M","M","M","E","$","M","T","?","?","M","?","M","R","BOSS"],"build_version":"2019-07-17","purchased_purges":3,"victory":true,"max_hp_per_floor":[80,80,80,80,80,80,80,80,80,80,80,80,80,80,80,80,80,80,80,80,80,80,80,80,80,80,80,80,80,80,80,80,80,80,80,80,80,80,80,80,80,80,80,80,80,80,80,80,80,83],"card_choices":[{"not_picked":["True Grit","Ghostly Armor"],"picked":"Shrug It Off","floor":1.0},{"not_picked":["Havoc","Whirlwind"],"picked":"Disarm","floor":3.0},{"not_picked":["Havoc","Iron Wave"],"picked":"Intimidate","floor":5.0},{"not_picked":["Dropkick","Immolate"],"picked":"Combust","floor":6.0},{"not_picked":["Wild Strike","Whirlwind"],"picked":"Power Through","floor":7.0},{"not_picked":["Flex","Iron Wave"],"picked":"Anger","floor":8.0},{"not_picked":["Armaments","Iron Wave"],"picked":"Shrug It Off","floor":10.0},{"not_picked":["Reckless Charge","Flame Barrier"],"picked":"Seeing Red","floor":11.0},{"not_picked":["Battle Trance","Infernal Blade"],"picked":"Demon Form+1","floor":13.0},{"not_picked":["Infernal Blade","True Grit"],"picked":"Dark Embrace+1","floor":14.0},{"not_picked":["Bludgeon","Offering"],"picked":"Reaper","floor":16.0},{"not_picked":["Headbutt+1","Rage"],"picked":"Heavy Blade","floor":18.0},{"not_picked":["Perfected Strike","Thunderclap"],"picked":"Heavy Blade","floor":19.0},{"not_picked":["Spot Weakness","Shockwave+1"],"picked":"Anger","floor":20.0},{"not_picked":["Sever Soul","Wild Strike","True Grit"],"picked":"SKIP","floor":21.0},{"not_picked":["Fire Breathing+1","Flame Barrier+1","Armaments"],"picked":"SKIP","floor":24.0},{"not_picked":["Reckless Charge","Carnage"],"picked":"Feel No Pain+1","floor":25.0},{"not_picked":["Heavy Blade+1","Whirlwind+1"],"picked":"Feed","floor":27.0},{"not_picked":["Immolate","Bludgeon"],"picked":"Offering","floor":33.0},{"not_picked":["Havoc","Shockwave","Armaments+1"],"picked":"SKIP","floor":35.0},{"not_picked":["Body Slam+1","Wild Strike"],"picked":"Warcry","floor":36.0},{"not_picked":["Pommel Strike","True Grit+1"],"picked":"Warcry","floor":37},{"not_picked":["Corruption+1","Clothesline"],"picked":"Rage+1","floor":38},{"not_picked":["Flex+1","Clash","Burning Pact"],"picked":"SKIP","floor":39},{"not_picked":["Cleave+1","Rampage+1"],"picked":"Reaper","floor":40},{"not_picked":["Whirlwind","Headbutt"],"picked":"Spot Weakness+1","floor":42},{"not_picked":["True Grit","Spot Weakness","Whirlwind+1"],"picked":"SKIP","floor":45},{"not_picked":["Headbutt+1","Warcry"],"picked":"Evolve+1","floor":46},{"not_picked":["Heavy Blade+1","Corruption+1","Iron Wave+1"],"picked":"SKIP","floor":48}],"player_experience":88435,"relics_obtained":[{"floor":6.0,"key":"Frozen Egg 2"},{"floor":9.0,"key":"Red Skull"},{"floor":11.0,"key":"Paper Frog"},{"floor":14.0,"key":"War Paint"},{"floor":24.0,"key":"Champion Belt"},{"floor":26.0,"key":"Bronze Scales"},{"floor":27.0,"key":"Thread and Needle"},{"floor":29.0,"key":"Necronomicon"},{"floor":40,"key":"FossilizedHelix"},{"floor":43,"key":"Regal Pillow"}],"event_choices":[{"cards_removed":["Defend_R"],"damage_healed":0.0,"max_hp_gain":0.0,"max_hp_loss":0.0,"gold_gain":0.0,"event_name":"Golden Wing","player_choice":"Card Removal","floor":2.0,"gold_loss":0.0,"damage_taken":7.0},{"damage_healed":0.0,"max_hp_gain":0.0,"max_hp_loss":0.0,"gold_gain":0.0,"event_name":"Accursed Blacksmith","player_choice":"Forge","floor":4.0,"gold_loss":0.0,"damage_taken":0.0,"cards_upgraded":["Bash"]},{"damage_healed":0.0,"max_hp_gain":0.0,"max_hp_loss":0.0,"gold_gain":0.0,"cards_transformed":["Defend_R"],"event_name":"Transmorgrifier","player_choice":"Transformed","floor":12.0,"gold_loss":0.0,"damage_taken":0.0,"cards_obtained":["Reaper"]},{"damage_healed":0.0,"max_hp_gain":0.0,"max_hp_loss":0.0,"gold_gain":0.0,"event_name":"Cursed Tome","player_choice":"Obtained Book","floor":29.0,"gold_loss":0.0,"damage_taken":16.0},{"damage_healed":26.0,"max_hp_gain":0.0,"max_hp_loss":0.0,"gold_gain":0.0,"event_name":"The Library","player_choice":"Heal","floor":31.0,"gold_loss":0.0,"damage_taken":0.0},{"damage_healed":0,"gold_gain":0,"player_choice":"Copied","damage_taken":0,"max_hp_gain":0,"max_hp_loss":0,"event_name":"Duplicator","floor":44,"gold_loss":0,"cards_obtained":["Combust"]},{"cards_removed":["Anger"],"damage_healed":0,"gold_gain":0,"player_choice":"Removed Attack","damage_taken":0,"max_hp_gain":0,"max_hp_loss":0,"event_name":"Falling","floor":47,"gold_loss":0}],"is_beta":false,"boss_relics":[{"not_picked":["Runic Dome","White Beast Statue"],"picked":"Philosopher\u0027s Stone"},{"not_picked":["Empty Cage","Tiny House"],"picked":"Lizard Tail"}],"items_purged_floors":[22,30,41],"is_endless":false,"potions_floor_spawned":[1,3,6,8,14,18,21,25,37,38,40,48],"ascension_level":4}