{"path_per_floor":["M","?","M","?","M","R","E","M","T","R","M","?","T","?","R"],"character_chosen":"THE_SILENT","items_purchased":[],"gold_per_floor":[110,110,122,197,212,212,245,265,265,265,283,283,283,283,283],"floor_reached":16,"campfire_rested":3,"playtime":944,"current_hp_per_floor":[58,58,46,35,32,53,24,14,14,35,32,32,32,18,39],"items_purged":[],"gold":283,"play_id":"231e1e36-fcc5-49e5-8754-d45e3b46d8df","is_prod":false,"is_daily":false,"is_ascension_mode":false,"campfire_upgraded":0,"path_taken":["M","?","M","?","M","R","E","M","T","R","?","?","?","?","R","BOSS"],"build_version":"2018-01-25-PROD3","purchased_purges":0,"victory":false,"master_deck":["Defend_G","Defend_G","Defend_G","Defend_G","Defend_G","Strike_G","Strike_G","Strike_G","Strike_G","Strike_G","Survivor","Neutralize","Writhe","Decay","Blade Dance","Flying Knee","Dark Shackles","Prepared","Eviscerate","Bane","Bullet Time","Dagger Throw+1","Crippling Poison+1","Backstab","Noxious Fumes"],"max_hp_per_floor":[70,70,70,70,70,70,70,70,70,70,70,70,70,70,70],"relics":["Calling Bell","Dream Catcher","Toolbox","Shuriken","Snake Skull","Orichalcum","Bird Faced Urn"],"card_choices":[{"not_picked":["Choke","Calculated Gamble"],"picked":"Blade Dance"},{"not_picked":["Sucker Punch","Dodge and Roll"],"picked":"Prepared"},{"not_picked":["Quick Slash","Acrobatics"],"picked":"Eviscerate"},{"not_picked":["Predator","Deadly Poison"],"picked":"Bane"},{"not_picked":["Dagger Spray","Flechettes"],"picked":"Bullet Time"},{"not_picked":["Flying Knee","Predator"],"picked":"Dagger Throw"},{"not_picked":["Dagger Spray","Escape Plan"],"picked":"Crippling Poison"},{"not_picked":["Sucker Punch","Eviscerate"],"picked":"Backstab"},{"not_picked":["Backstab","Dagger Spray"],"picked":"Noxious Fumes"}],"player_experience":39293,"potions_floor_usage":[5],"damage_taken":[{"damage":12,"enemies":"Small Slimes","floor":1,"turns":4},{"damage":12,"enemies":"Blue Slaver","floor":3,"turns":6},{"damage":3,"enemies":"Jaw Worm","floor":5,"turns":3},{"damage":29,"enemies":"3 Sentries","floor":7,"turns":7},{"damage":10,"enemies":"3 Louse","floor":8,"turns":4},{"damage":3,"enemies":"2 Fungi Beasts","floor":11,"turns":3},{"damage":45,"enemies":"The Guardian","floor":16,"turns":5}],"event_choices":[{"event_name":"Match and Keep!","player_choice":"2 cards matched","floor":2,"damage_taken":0},{"event_name":"World of Goop","player_choice":"Gather Gold","floor":4,"damage_taken":0},{"event_name":"Living Wall","player_choice":"Forget","floor":12,"damage_taken":0},{"event_name":"Shining Light","player_choice":"Entered Light","floor":14,"damage_taken":0}],"boss_relics":[],"potions_floor_spawned":[1,8],"seed_played":"-4846165253898221225","killed_by":"The Guardian","ascension_level":0,"is_trial":false}