{"gold_per_floor":[116,131,131,231,246,272,283,283,283,283,293,312,322,337,337,437,437,448,363,463,473,488,516,516,28,54,71,71,88,101,115,115,217,217,233,233,40,56,105,139,156,431,484,500,512,542,569,615,627,639],"floor_reached":51,"playtime":4596,"items_purged":[],"score":842,"play_id":"6760a5f7-93ba-4939-86dd-68b61a25f49f","local_time":"20190820172605","is_ascension_mode":false,"campfire_choices":[{"data":"Feed","floor":8,"key":"SMITH"},{"data":"Anger","floor":10,"key":"SMITH"},{"floor":15,"key":"REST"},{"floor":24,"key":"REST"},{"floor":32,"key":"REST"},{"floor":49,"key":"REST"}],"neow_cost":"NONE","seed_source_timestamp":67059106343000,"circlet_count":0,"master_deck":["Strike_R","Strike_R","Strike_R","Strike_R","Strike_R","Defend_R","Defend_R","Defend_R","Defend_R","Bash","Feed+1","Anger","Clothesline","Pommel Strike","Anger+1","Thunderclap","Disarm","Heavy Blade+1","Combust","Infernal Blade","Limit Break+1","Searing Blow+1","Warcry+1","Anger+1","Inflame+1","Clothesline+1","Metallicize","Limit Break","Dual Wield","Rage","Clash+1","Double Tap","Heavy Blade+1","Pommel Strike+1","Flex","Blood for Blood+1","Regret","Pommel Strike+1","Parasite","Perfected Strike+1","Inflame+1","Reaper+1","Heavy Blade+1"],"relics":["Burning Blood","Meat on the Bone","Molten Egg 2","Fusion Hammer","Shuriken","Gremlin Horn","Brimstone","Ornamental Fan","Anchor","Black Star","Sling","Bird Faced Urn","Matryoshka","Frozen Egg 2","Centennial Puzzle","Orichalcum","Pen Nib","MawBank","Happy Flower","Blood Vial"],"potions_floor_usage":[23,23,23,33,47,50,50,50],"damage_taken":[{"damage":0,"enemies":"2 Louse","floor":1,"turns":3},{"damage":0,"enemies":"Cultist","floor":2,"turns":2},{"damage":3,"enemies":"Jaw Worm","floor":5,"turns":3},{"damage":46,"enemies":"3 Sentries","floor":6,"turns":10},{"damage":38,"enemies":"Gremlin Gang","floor":7,"turns":4},{"damage":9,"enemies":"Blue Slaver","floor":11,"turns":2},{"damage":21,"enemies":"Red Slaver","floor":12,"turns":3},{"damage":8,"enemies":"Looter","floor":13,"turns":3},{"damage":19,"enemies":"Gremlin Gang","floor":14,"turns":5},{"damage":30,"enemies":"Slime Boss","floor":16,"turns":8},{"damage":20,"enemies":"Spheric Guardian","floor":18,"turns":4},{"damage":25,"enemies":"2 Thieves","floor":21,"turns":3},{"damage":33,"enemies":"Cultist and Chosen","floor":22,"turns":5},{"damage":29,"enemies":"Gremlin Leader","floor":23,"turns":4},{"damage":3,"enemies":"Centurion and Healer","floor":27,"turns":3},{"damage":15,"enemies":"Shelled Parasite and Fungi","floor":29,"turns":3},{"damage":2,"enemies":"Cultist and Chosen","floor":30,"turns":3},{"damage":0,"enemies":"Centurion and Healer","floor":31,"turns":2},{"damage":63,"enemies":"Collector","floor":33,"turns":5},{"damage":20,"enemies":"3 Shapes","floor":35,"turns":3},{"damage":0,"enemies":"Orb Walker","floor":38,"turns":2},{"damage":51,"enemies":"2 Orb Walkers","floor":39,"turns":4},{"damage":15,"enemies":"Giant Head","floor":40,"turns":4},{"damage":30,"enemies":"4 Shapes","floor":41,"turns":3},{"damage":8,"enemies":"Jaw Worm Horde","floor":44,"turns":3},{"damage":2,"enemies":"Writhing Mass","floor":45,"turns":3},{"damage":63,"enemies":"Reptomancer","floor":46,"turns":3},{"damage":0,"enemies":"4 Shapes","floor":47,"turns":1},{"damage":15,"enemies":"Giant Head","floor":48,"turns":4},{"damage":59,"enemies":"Donu and Deca","floor":50,"turns":6}],"seed_played":"3104797237853118331","potions_obtained":[{"floor":2,"key":"Energy Potion"},{"floor":7,"key":"AttackPotion"},{"floor":12,"key":"SteroidPotion"},{"floor":29,"key":"EssenceOfSteel"},{"floor":38,"key":"SmokeBomb"},{"floor":39,"key":"SteroidPotion"},{"floor":45,"key":"Dexterity Potion"},{"floor":46,"key":"GamblersBrew"},{"floor":48,"key":"Regen Potion"}],"is_trial":false,"path_per_floor":["M","M","$","?","M","E","M","R","T","R","M","M","M","M","R","B",null,"M","?","?","M","M","E","R","$","T","M","?","M","M","M","R","B",null,"M","?","$","M","?","E","M","?","T","M","M","E","M","E","R","B",null],"character_chosen":"IRONCLAD","items_purchased":["Brimstone","Ornamental Fan","Clothesline+1","Sling"],"campfire_rested":4,"item_purchase_floors":[25,25,25,37],"current_hp_per_floor":[80,83,83,83,83,46,26,26,26,26,35,32,46,45,72,64,94,80,80,80,61,46,35,63,63,63,70,70,61,65,71,98,53,98,84,84,84,90,57,64,52,52,52,64,70,29,47,56,87,73],"gold":651,"neow_bonus":"ONE_RANDOM_RARE_CARD","is_prod":false,"is_daily":false,"chose_seed":false,"campfire_upgraded":2,"win_rate":0,"timestamp":1566347165,"path_taken":["M","M","$","?","M","E","?","R","T","R","?","M","M","M","R","BOSS","M","?","?","M","?","E","R","$","T","M","?","M","?","M","R","BOSS","M","?","$","?","?","E","M","?","T","M","M","E","M","E","R","BOSS"],"build_version":"2019-07-17","purchased_purges":0,"victory":true,"max_hp_per_floor":[80,83,83,83,83,86,86,86,86,86,86,86,90,90,90,94,94,94,94,94,94,94,94,94,94,94,98,98,98,98,98,98,98,98,98,98,98,98,98,98,98,98,98,98,98,102,102,106,106,110],"card_choices":[{"not_picked":["Pommel Strike","Armaments"],"picked":"Anger","floor":1},{"not_picked":["Spot Weakness","Power Through"],"picked":"Clothesline","floor":2},{"not_picked":["Twin Strike","Sword Boomerang"],"picked":"Pommel Strike","floor":5},{"not_picked":["Armaments","Headbutt"],"picked":"Anger","floor":6},{"not_picked":["Cleave","Iron Wave"],"picked":"Thunderclap","floor":7},{"not_picked":["Clash+1","Sword Boomerang+1"],"picked":"Disarm","floor":11},{"not_picked":["Combust","Spot Weakness"],"picked":"Heavy Blade+1","floor":12},{"not_picked":["Headbutt+1","Pummel+1"],"picked":"Combust","floor":13},{"not_picked":["Armaments","Clothesline+1"],"picked":"Infernal Blade","floor":14},{"not_picked":["Bludgeon+1","Double Tap"],"picked":"Limit Break","floor":16},{"not_picked":["Entrench+1","True Grit"],"picked":"Searing Blow+1","floor":18},{"not_picked":["Headbutt+1","Armaments+1"],"picked":"Warcry+1","floor":21},{"not_picked":["Iron Wave+1","Perfected Strike+1"],"picked":"Anger+1","floor":22},{"not_picked":["Headbutt+1","True Grit"],"picked":"Inflame+1","floor":23},{"not_picked":["Armaments+1","Ghostly Armor"],"picked":"Metallicize","floor":27},{"not_picked":["Offering","Carnage+1"],"picked":"Dual Wield","floor":29},{"not_picked":["Armaments+1","Perfected Strike+1"],"picked":"Rage","floor":30},{"not_picked":["Pommel Strike+1","Headbutt+1"],"picked":"Clash+1","floor":31},{"not_picked":["Offering","Berserk"],"picked":"Double Tap","floor":33},{"not_picked":["Shrug It Off+1","Spot Weakness"],"picked":"Heavy Blade+1","floor":35},{"not_picked":["Sword Boomerang+1","Armaments+1","Twin Strike+1"],"picked":"SKIP","floor":38},{"not_picked":["Armaments","Twin Strike+1"],"picked":"Pommel Strike+1","floor":39},{"not_picked":["Rampage+1","Metallicize"],"picked":"Flex","floor":40},{"not_picked":["Ghostly Armor+1","Cleave+1"],"picked":"Blood for Blood+1","floor":41},{"not_picked":["Entrench","Shockwave+1"],"picked":"Pommel Strike+1","floor":44},{"not_picked":["Warcry","Power Through+1"],"picked":"Perfected Strike+1","floor":45},{"not_picked":["Cleave+1","Warcry"],"picked":"Inflame+1","floor":46},{"not_picked":["Body Slam+1","Second Wind+1"],"picked":"Reaper+1","floor":47},{"not_picked":["Cleave+1","Flame Barrier"],"picked":"Heavy Blade+1","floor":48}],"player_experience":10932,"relics_obtained":[{"floor":6,"key":"Meat on the Bone"},{"floor":9,"key":"Molten Egg 2"},{"floor":23,"key":"Gremlin Horn"},{"floor":26,"key":"Anchor"},{"floor":39,"key":"Bird Faced Urn"},{"floor":40,"key":"Matryoshka"},{"floor":40,"key":"Frozen Egg 2"},{"floor":43,"key":"Centennial Puzzle"},{"floor":43,"key":"Orichalcum"},{"floor":46,"key":"Pen Nib"},{"floor":46,"key":"MawBank"},{"floor":48,"key":"Happy Flower"},{"floor":48,"key":"Blood Vial"}],"event_choices":[{"damage_healed":0,"gold_gain":100,"player_choice":"Pray","damage_taken":0,"max_hp_gain":0,"max_hp_loss":0,"event_name":"Golden Shrine","floor":4,"gold_loss":0},{"damage_healed":0,"gold_gain":0,"player_choice":"Obtained Relic","damage_taken":0,"relics_obtained":["Shuriken"],"max_hp_gain":0,"max_hp_loss":0,"event_name":"Addict","floor":19,"gold_loss":85},{"damage_healed":0,"gold_gain":100,"player_choice":"Pray","damage_taken":0,"max_hp_gain":0,"max_hp_loss":0,"event_name":"Golden Shrine","floor":20,"gold_loss":0},{"damage_healed":0,"gold_gain":0,"player_choice":"Copied","damage_taken":0,"max_hp_gain":0,"max_hp_loss":0,"event_name":"Duplicator","floor":28,"gold_loss":0,"cards_obtained":["Limit Break"]},{"damage_healed":0,"gold_gain":0,"player_choice":"Forge","damage_taken":0,"max_hp_gain":0,"max_hp_loss":0,"event_name":"Accursed Blacksmith","floor":36,"gold_loss":0,"cards_upgraded":["Limit Break"]},{"damage_healed":0,"gold_gain":0,"player_choice":"Fight","damage_taken":0,"max_hp_gain":0,"max_hp_loss":0,"event_name":"Mysterious Sphere","floor":39,"gold_loss":0},{"damage_healed":0,"gold_gain":275,"player_choice":"Desecrate","damage_taken":0,"max_hp_gain":0,"max_hp_loss":0,"event_name":"Golden Shrine","floor":42,"gold_loss":0,"cards_obtained":["Regret"]}],"is_beta":false,"boss_relics":[{"not_picked":["Black Blood","Lizard Tail"],"picked":"Fusion Hammer"},{"not_picked":["Coffee Dripper","Sozu"],"picked":"Black Star"}],"items_purged_floors":[],"is_endless":false,"potions_floor_spawned":[2,7,12,21,29,38,39,45,46,48],"ascension_level":0}