{"gold_per_floor":[115,130,144,68,85,85,85,85,85,85,85,117,42,42,42,42],"floor_reached":16,"playtime":636,"items_purged":["Defend_R"],"score":176,"play_id":"fad099cc-afc4-488c-b898-fc21784908ee","local_time":"20190829131851","is_ascension_mode":true,"campfire_choices":[{"data":"Berserk","floor":6,"key":"SMITH"},{"data":"Flame Barrier","floor":8,"key":"SMITH"},{"data":"Bash","floor":11,"key":"SMITH"},{"floor":15,"key":"REST"}],"neow_cost":"NONE","seed_source_timestamp":833815555862100,"circlet_count":0,"master_deck":["AscendersBane","Strike_R","Strike_R","Strike_R","Strike_R","Strike_R","Defend_R","Defend_R","Bash+1","Berserk+1","Shrug It Off","Flame Barrier+1","Shockwave+1","Rampage","Ghostly Armor","Demon Form","Injury"],"relics":["Burning Blood","Shuriken","Question Card","Golden Idol"],"potions_floor_usage":[12,16],"damage_taken":[{"damage":15,"enemies":"Cultist","floor":1,"turns":5},{"damage":4,"enemies":"2 Louse","floor":2,"turns":5},{"damage":0,"enemies":"Small Slimes","floor":3,"turns":4},{"damage":3,"enemies":"Looter","floor":5,"turns":4},{"damage":43,"enemies":"Gremlin Nob","floor":12,"turns":5},{"damage":48,"enemies":"Hexaghost","floor":16,"turns":10}],"seed_played":"8892186560386283418","potions_obtained":[{"floor":2,"key":"Weak Potion"},{"floor":5,"key":"Dexterity Potion"}],"is_trial":false,"path_per_floor":["M","M","M","$","M","R","?","R","T","?","R","E","$","?","R","B"],"character_chosen":"IRONCLAD","items_purchased":["Rampage"],"campfire_rested":1,"item_purchase_floors":[4],"current_hp_per_floor":[59,61,67,67,70,70,70,70,70,63,63,26,26,26,48,0],"gold":42,"neow_bonus":"ONE_RANDOM_RARE_CARD","is_prod":false,"is_daily":false,"chose_seed":false,"campfire_upgraded":3,"win_rate":0,"timestamp":1567109931,"path_taken":["M","M","M","?","M","R","?","R","T","?","R","E","$","?","R","BOSS"],"build_version":"2019-07-17","purchased_purges":1,"victory":false,"max_hp_per_floor":[75,75,75,75,75,75,75,75,75,75,75,75,75,75,75,75],"card_choices":[{"not_picked":["Body Slam","Sword Boomerang"],"picked":"Shrug It Off","floor":1},{"not_picked":["Flex","Uppercut"],"picked":"Flame Barrier","floor":2},{"not_picked":["Second Wind","Infernal Blade"],"picked":"Shockwave","floor":3},{"not_picked":["True Grit","Iron Wave"],"picked":"Ghostly Armor","floor":5},{"not_picked":["Feel No Pain","Sword Boomerang"],"picked":"Demon Form","floor":12}],"player_experience":293775,"relics_obtained":[{"floor":9,"key":"Shuriken"},{"floor":12,"key":"Question Card"}],"event_choices":[{"damage_healed":0,"gold_gain":0,"player_choice":"Grow","damage_taken":0,"max_hp_gain":0,"max_hp_loss":0,"event_name":"Living Wall","floor":7,"gold_loss":0,"cards_upgraded":["Shockwave"]},{"cards_removed":["Defend_R"],"damage_healed":0,"gold_gain":0,"player_choice":"Card Removal","damage_taken":7,"max_hp_gain":0,"max_hp_loss":0,"event_name":"Golden Wing","floor":10,"gold_loss":0},{"damage_healed":0,"gold_gain":0,"player_choice":"Take Wound","damage_taken":0,"relics_obtained":["Golden Idol"],"max_hp_gain":0,"max_hp_loss":0,"event_name":"Golden Idol","floor":14,"gold_loss":0,"cards_obtained":["Injury"]}],"is_beta":false,"boss_relics":[],"items_purged_floors":[13],"is_endless":false,"potions_floor_spawned":[2,5],"killed_by":"Hexaghost","ascension_level":16}