{"gold_per_floor":[114,129,144,144,159,159,179,204,228,261,261,278,154,154,154,258,258,269,289,23,0,20,20,36,135,159,159,159,187,187,206,206,309,309,322,322,422,422,9,9,19,19,19,34,0,17,37,53,53,53],"floor_reached":51,"playtime":3340,"items_purged":["Strike_R","Strike_R","Strike_R"],"score":820,"play_id":"52983ccf-7d58-49c5-acc9-9fd01e652d0f","local_time":"20190102201302","is_ascension_mode":true,"campfire_choices":[{"floor":6,"key":"REST"},{"floor":11,"key":"REST"},{"data":"Body Slam","floor":15,"key":"SMITH"},{"data":"Apotheosis","floor":23,"key":"SMITH"},{"floor":28,"key":"REST"},{"floor":32,"key":"REST"},{"data":"Battle Trance","floor":40,"key":"SMITH"},{"floor":42,"key":"REST"},{"floor":49,"key":"REST"}],"neow_cost":"NONE","seed_source_timestamp":295605364141474,"circlet_count":0,"master_deck":["Strike_R","Defend_R","Defend_R","Defend_R","Defend_R","Bash","Juggernaut","Headbutt","Body Slam+1","Flex","Carnage","Uppercut","Pommel Strike","Shrug It Off","Fiend Fire","Thunderclap+1","Apotheosis+1","Battle Trance+1","Battle Trance+1","Dual Wield","Evolve","Second Wind","Panacea","Inflame"],"relics":["Burning Blood","Odd Mushroom","Orichalcum","Ancient Tea Set","Vajra","Sozu","Lantern","Nilry\u0027s Codex","Pen Nib","Runic Pyramid","Ginger","Thread and Needle","Meat on the Bone","Red Mask"],"potions_floor_usage":[7,50],"damage_taken":[{"damage":1,"enemies":"Cultist","floor":1,"turns":4},{"damage":6,"enemies":"2 Louse","floor":2,"turns":3},{"damage":0,"enemies":"Small Slimes","floor":3,"turns":3},{"damage":26,"enemies":"Blue Slaver","floor":5,"turns":4},{"damage":27,"enemies":"The Mushroom Lair","floor":7,"turns":4},{"damage":27,"enemies":"3 Sentries","floor":10,"turns":9},{"damage":6,"enemies":"Looter","floor":12,"turns":2},{"damage":65,"enemies":"Hexaghost","floor":16,"turns":10},{"damage":11,"enemies":"Shell Parasite","floor":18,"turns":4},{"damage":4,"enemies":"Chosen","floor":19,"turns":3},{"damage":18,"enemies":"Centurion and Healer","floor":22,"turns":4},{"damage":7,"enemies":"Shelled Parasite and Fungi","floor":24,"turns":2},{"damage":15,"enemies":"Gremlin Leader","floor":29,"turns":5},{"damage":20,"enemies":"Snecko","floor":31,"turns":4},{"damage":45,"enemies":"Automaton","floor":33,"turns":6},{"damage":20,"enemies":"3 Shapes","floor":35,"turns":4},{"damage":5,"enemies":"Mind Bloom Boss Battle","floor":37,"turns":3},{"damage":7,"enemies":"3 Darklings","floor":41,"turns":5},{"damage":20,"enemies":"Spire Growth","floor":44,"turns":3},{"damage":2,"enemies":"Jaw Worm Horde","floor":46,"turns":4},{"damage":6,"enemies":"Maw","floor":47,"turns":6},{"damage":8,"enemies":"Transient","floor":48,"turns":5},{"damage":49,"enemies":"Time Eater","floor":50,"turns":8}],"seed_played":"9025869722685279105","potions_obtained":[{"floor":3,"key":"Fire Potion"},{"floor":5,"key":"Dexterity Potion"},{"floor":12,"key":"GamblersBrew"}],"is_trial":false,"path_per_floor":["M","M","M","?","M","R","?","T","T","E","R","M","$","?","R","B",null,"M","M","$","?","M","R","M","?","T","?","R","E","?","M","R","B",null,"M","?","?","?","$","R","M","R","T","M","?","M","M","M","R","B",null],"character_chosen":"IRONCLAD","items_purchased":["Shrug It Off","Apotheosis","Thread and Needle"],"campfire_rested":6,"item_purchase_floors":[13,20,39],"current_hp_per_floor":[80,80,80,73,53,77,56,56,56,35,59,59,59,80,80,21,80,75,77,77,77,65,65,64,64,64,48,72,63,63,49,73,34,80,66,66,67,67,67,67,66,76,76,62,62,66,66,64,76,45],"gold":53,"neow_bonus":"ONE_RANDOM_RARE_CARD","is_prod":false,"is_daily":false,"chose_seed":false,"campfire_upgraded":3,"win_rate":0,"timestamp":1546427582,"path_taken":["M","?","M","?","M","R","?","?","T","E","R","M","$","?","R","BOSS","M","M","$","?","M","R","M","?","T","?","R","E","?","?","R","BOSS","M","?","?","?","?","R","M","R","T","?","?","M","M","M","R","BOSS"],"build_version":"2018-12-20","purchased_purges":3,"victory":true,"max_hp_per_floor":[80,80,80,80,80,80,80,80,80,80,80,80,80,80,80,80,80,80,80,80,80,80,80,80,80,80,80,80,80,80,80,80,80,80,80,80,80,76,76,76,76,76,76,76,76,76,76,76,76,76],"card_choices":[{"not_picked":["Sword Boomerang","Corruption","Combust"],"picked":"SKIP","floor":1},{"not_picked":["Sword Boomerang","Armaments"],"picked":"Headbutt","floor":2},{"not_picked":["Seeing Red","Headbutt"],"picked":"Body Slam","floor":3},{"not_picked":["Heavy Blade","Twin Strike"],"picked":"Flex","floor":5},{"not_picked":["Thunderclap","Sword Boomerang"],"picked":"Carnage","floor":7},{"not_picked":["Corruption","Perfected Strike"],"picked":"Uppercut","floor":10},{"not_picked":["Pummel","Rampage"],"picked":"Pommel Strike","floor":12},{"not_picked":["Double Tap","Exhume"],"picked":"Fiend Fire","floor":16},{"not_picked":["Rage+1","Burning Pact","Body Slam"],"picked":"SKIP","floor":18},{"not_picked":["Fire Breathing+1","Iron Wave"],"picked":"Thunderclap+1","floor":19},{"not_picked":["Feed","Pommel Strike"],"picked":"Battle Trance","floor":22},{"not_picked":["Headbutt","Wild Strike"],"picked":"Battle Trance+1","floor":24},{"not_picked":["Sentinel+1","Ghostly Armor"],"picked":"Dual Wield","floor":29},{"not_picked":["Rupture","Combust"],"picked":"Evolve","floor":31},{"not_picked":["Headbutt","Clothesline+1"],"picked":"Second Wind","floor":35},{"not_picked":["Purity","Mind Blast"],"picked":"Panacea","floor":36},{"not_picked":["Headbutt+1","Seeing Red","Thunderclap"],"picked":"SKIP","floor":41},{"not_picked":["Heavy Blade+1","Pommel Strike+1","Armaments"],"picked":"SKIP","floor":44},{"not_picked":["Rampage+1","Fire Breathing+1"],"picked":"Inflame","floor":46},{"not_picked":["Clash","Body Slam","Evolve"],"picked":"SKIP","floor":47},{"not_picked":["Sentinel","Warcry","Sword Boomerang"],"picked":"SKIP","floor":48}],"player_experience":116961,"relics_obtained":[{"floor":7,"key":"Odd Mushroom"},{"floor":8,"key":"Orichalcum"},{"floor":9,"key":"Ancient Tea Set"},{"floor":10,"key":"Vajra"},{"floor":26,"key":"Lantern"},{"floor":27,"key":"Nilry\u0027s Codex"},{"floor":29,"key":"Pen Nib"},{"floor":37,"key":"Ginger"},{"floor":43,"key":"Meat on the Bone"}],"event_choices":[{"cards_removed":["Strike_R"],"damage_healed":0,"gold_gain":0,"player_choice":"Card Removal","damage_taken":7,"max_hp_gain":0,"max_hp_loss":0,"event_name":"Golden Wing","floor":4,"gold_loss":0},{"damage_healed":0,"gold_gain":0,"player_choice":"Fought Mushrooms","damage_taken":0,"max_hp_gain":0,"max_hp_loss":0,"event_name":"Mushrooms","floor":7,"gold_loss":0},{"damage_healed":26,"gold_gain":0,"player_choice":"Banana","damage_taken":0,"max_hp_gain":0,"max_hp_loss":0,"event_name":"Big Fish","floor":14,"gold_loss":0},{"damage_healed":0,"gold_gain":0,"player_choice":"Paid Fearfully","damage_taken":0,"max_hp_gain":0,"max_hp_loss":0,"event_name":"Masked Bandits","floor":21,"gold_loss":23},{"damage_healed":0,"gold_gain":99,"player_choice":"Stole From Cult","damage_taken":0,"max_hp_gain":0,"max_hp_loss":0,"event_name":"Nest","floor":25,"gold_loss":0},{"damage_healed":0,"gold_gain":0,"player_choice":"Obtained Book","damage_taken":16,"max_hp_gain":0,"max_hp_loss":0,"event_name":"Cursed Tome","floor":27,"gold_loss":0},{"damage_healed":0,"gold_gain":0,"player_choice":"Ignored","damage_taken":0,"max_hp_gain":0,"max_hp_loss":0,"event_name":"Vampires","floor":30,"gold_loss":0},{"damage_healed":0,"gold_gain":0,"player_choice":"Memory 1","damage_taken":0,"max_hp_gain":0,"max_hp_loss":0,"event_name":"SensoryStone","floor":36,"gold_loss":0},{"damage_healed":0,"gold_gain":0,"player_choice":"Fight","damage_taken":0,"max_hp_gain":0,"max_hp_loss":0,"event_name":"MindBloom","floor":37,"gold_loss":0},{"damage_healed":0,"gold_gain":0,"player_choice":"Max HP","damage_taken":0,"max_hp_gain":0,"max_hp_loss":4,"event_name":"Winding Halls","floor":38,"gold_loss":0},{"damage_healed":0,"gold_gain":0,"player_choice":"Paid","damage_taken":0,"relics_obtained":["Red Mask"],"max_hp_gain":0,"max_hp_loss":0,"event_name":"Tomb of Lord Red Mask","floor":45,"gold_loss":34}],"is_beta":false,"boss_relics":[{"not_picked":["Busted Crown","Astrolabe"],"picked":"Sozu"},{"not_picked":["Philosopher\u0027s Stone","Velvet Choker"],"picked":"Runic Pyramid"}],"items_purged_floors":[13,20,39],"is_endless":false,"potions_floor_spawned":[3,5,12,19,22,29,31,37,44,46,48],"ascension_level":4}