{"gold_per_floor":[114,134,154,174,174,174,199,235,287,317,71,107,107,126,126,251,251,271,295,315,336,336,380,380,395,395,395,310,310,334,378,378,507,507,526,526,544,544,90,126,142,142,216,216,21,55,75,110,110,110,110,110,60,93,93],"floor_reached":56,"playtime":3812,"items_purged":["Strike_B","Zap","Defend_B","Auto Shields"],"score":1262,"play_id":"b147b19f-92ea-41a0-b722-83430158e615","local_time":"20190826145953","is_ascension_mode":false,"campfire_choices":[{"data":"Chaos","floor":6,"key":"SMITH"},{"data":"Defragment","floor":13,"key":"SMITH"},{"data":"Dualcast","floor":15,"key":"SMITH"},{"floor":24,"key":"REST"},{"floor":27,"key":"REST"},{"floor":32,"key":"REST"},{"floor":42,"key":"RECALL"},{"floor":49,"key":"REST"},{"floor":52,"key":"REST"}],"neow_cost":"TEN_PERCENT_HP_LOSS","seed_source_timestamp":839548706225864,"circlet_count":0,"master_deck":["Dualcast+1","Tempest","Chaos+1","Echo Form","Conserve Battery","Defragment+1","Reinforced Body","Multi-Cast+1","Tempest+1","Static Discharge","Thunder Strike","Reinforced Body+1","Seek+1","Tempest+1"],"relics":["Cracked Core","Golden Idol","Orichalcum","Smiling Mask","Chemical X","Blue Candle","Empty Cage","Oddly Smooth Stone","Pen Nib","War Paint","Fusion Hammer","Lantern","Pantograph","Symbiotic Virus","Gremlin Horn","Centennial Puzzle","Happy Flower","Regal Pillow"],"potions_floor_usage":[12,16,19,21,25,31,31,40,55,55],"damage_taken":[{"damage":0,"enemies":"Cultist","floor":1,"turns":3},{"damage":0,"enemies":"2 Louse","floor":2,"turns":1},{"damage":2,"enemies":"Small Slimes","floor":3,"turns":2},{"damage":2,"enemies":"2 Fungi Beasts","floor":4,"turns":3},{"damage":0,"enemies":"Exordium Thugs","floor":7,"turns":5},{"damage":3,"enemies":"Lagavulin","floor":8,"turns":5},{"damage":3,"enemies":"3 Sentries","floor":12,"turns":3},{"damage":0,"enemies":"3 Louse","floor":14,"turns":2},{"damage":1,"enemies":"Hexaghost","floor":16,"turns":5},{"damage":6,"enemies":"3 Byrds","floor":18,"turns":4},{"damage":0,"enemies":"Spheric Guardian","floor":19,"turns":3},{"damage":12,"enemies":"Shelled Parasite and Fungi","floor":20,"turns":4},{"damage":3,"enemies":"Sentry and Sphere","floor":21,"turns":4},{"damage":21,"enemies":"Gremlin Leader","floor":23,"turns":4},{"damage":18,"enemies":"Centurion and Healer","floor":25,"turns":4},{"damage":10,"enemies":"3 Cultists","floor":30,"turns":3},{"damage":20,"enemies":"Slavers","floor":31,"turns":3},{"damage":21,"enemies":"Collector","floor":33,"turns":7},{"damage":9,"enemies":"Orb Walker","floor":35,"turns":2},{"damage":0,"enemies":"3 Shapes","floor":37,"turns":2},{"damage":0,"enemies":"Nemesis","floor":40,"turns":3},{"damage":0,"enemies":"3 Darklings","floor":41,"turns":3},{"damage":10,"enemies":"Reptomancer","floor":46,"turns":3},{"damage":0,"enemies":"Jaw Worm Horde","floor":47,"turns":2},{"damage":8,"enemies":"Giant Head","floor":48,"turns":5},{"damage":15,"enemies":"Time Eater","floor":50,"turns":4},{"damage":4,"enemies":"Shield and Spear","floor":54,"turns":5},{"damage":64,"enemies":"The Heart","floor":55,"turns":6}],"seed_played":"-8931476728258605619","potions_obtained":[{"floor":4,"key":"Fire Potion"},{"floor":7,"key":"AttackPotion"},{"floor":8,"key":"Fire Potion"},{"floor":16,"key":"Strength Potion"},{"floor":19,"key":"Fire Potion"},{"floor":21,"key":"Strength Potion"},{"floor":25,"key":"SteroidPotion"},{"floor":30,"key":"SteroidPotion"},{"floor":31,"key":"Energy Potion"},{"floor":37,"key":"AttackPotion"},{"floor":41,"key":"GamblersBrew"},{"floor":47,"key":"Explosive Potion"}],"is_trial":false,"path_per_floor":["M","M","M","M","?","R","M","E","T","?","$","E","R","M","R","B",null,"M","M","M","M","?","E","R","M","T","R","?","?","M","E","R","B",null,"M","?","M","?","$","E","M","R","T","?","$","E","M","E","R","B",null,"R","$","E","B",null],"character_chosen":"DEFECT","items_purchased":["Chemical X","Lantern","Pantograph","Centennial Puzzle"],"campfire_rested":5,"item_purchase_floors":[11,39,39,45],"current_hp_per_floor":[68,68,66,64,47,47,47,44,44,44,44,41,41,41,41,40,68,62,62,50,47,47,26,46,28,28,48,48,48,38,18,38,17,68,59,59,59,59,59,59,59,59,59,59,59,49,49,41,68,53,68,68,68,64,4],"gold":93,"neow_bonus":"TRANSFORM_TWO_CARDS","is_prod":false,"is_daily":false,"chose_seed":false,"campfire_upgraded":3,"win_rate":0,"timestamp":1566799193,"path_taken":["M","M","M","?","?","R","M","E","T","?","$","E","R","M","R","BOSS","M","M","M","M","?","E","R","M","T","R","?","?","M","E","R","BOSS","M","?","M","?","$","E","M","R","T","?","$","E","?","E","R","BOSS","R","$","E","BOSS"],"build_version":"2019-07-05","purchased_purges":4,"victory":true,"max_hp_per_floor":[68,68,68,68,68,68,68,68,68,68,68,68,68,68,68,68,68,68,68,68,68,68,68,68,68,68,68,68,68,68,68,68,68,68,68,68,68,68,68,68,68,68,68,68,68,68,68,68,68,68,68,68,68,68,68],"card_choices":[{"not_picked":["Ball Lightning","Sweeping Beam","Melter"],"picked":"SKIP","floor":1},{"not_picked":["Chill","Ball Lightning"],"picked":"Tempest","floor":2},{"not_picked":["Go for the Eyes","Sunder"],"picked":"Chaos","floor":3},{"not_picked":["Cold Snap","Ball Lightning"],"picked":"Echo Form","floor":4},{"not_picked":["Blizzard","Stack"],"picked":"Conserve Battery","floor":7},{"not_picked":["Aggregate","Sweeping Beam"],"picked":"Defragment","floor":8},{"not_picked":["Stack","Conserve Battery"],"picked":"Reinforced Body","floor":12},{"not_picked":["Leap","Consume","Machine Learning"],"picked":"SKIP","floor":14},{"not_picked":["All For One","Rainbow"],"picked":"Multi-Cast","floor":16},{"not_picked":["Coolheaded+1","Sweeping Beam","Consume+1"],"picked":"SKIP","floor":18},{"not_picked":["Barrage+1","Hologram+1"],"picked":"Tempest+1","floor":19},{"not_picked":["Steam+1","Beam Cell","Coolheaded"],"picked":"SKIP","floor":20},{"not_picked":["Steam","Compile Driver","Coolheaded"],"picked":"SKIP","floor":21},{"not_picked":["Heatsinks","Hologram","Steam Power"],"picked":"SKIP","floor":23},{"not_picked":["Redo","Hello World+1","Go for the Eyes"],"picked":"SKIP","floor":25},{"not_picked":["Beam Cell","Leap"],"picked":"Reinforced Body","floor":30},{"not_picked":["Machine Learning","Hologram","Barrage"],"picked":"SKIP","floor":31},{"not_picked":["Meteor Strike","Amplify"],"picked":"Seek","floor":33},{"not_picked":["Redo+1","Hologram","Beam Cell+1"],"picked":"SKIP","floor":35},{"not_picked":["Coolheaded+1","Beam Cell+1"],"picked":"Tempest+1","floor":37},{"not_picked":["Melter+1","Hologram+1","Gash+1"],"picked":"SKIP","floor":40},{"not_picked":["Core Surge","Conserve Battery+1","Darkness"],"picked":"SKIP","floor":41},{"not_picked":["White Noise+1","Darkness+1","Static Discharge+1"],"picked":"SKIP","floor":46},{"not_picked":["Barrage","Cold Snap+1","Hologram+1"],"picked":"SKIP","floor":47},{"not_picked":["Gash+1","Ball Lightning+1","Stack+1"],"picked":"SKIP","floor":48},{"not_picked":["Consume+1","Scrape","Conserve Battery"],"picked":"SKIP","floor":54}],"player_experience":601336,"relics_obtained":[{"floor":8,"key":"Orichalcum"},{"floor":9,"key":"Smiling Mask"},{"floor":12,"key":"Blue Candle"},{"floor":23,"key":"Oddly Smooth Stone"},{"floor":31,"key":"War Paint"},{"floor":40,"key":"Symbiotic Virus"},{"floor":43,"key":"Gremlin Horn"},{"floor":46,"key":"Happy Flower"},{"floor":48,"key":"Regal Pillow"}],"event_choices":[{"damage_healed":0,"gold_gain":0,"player_choice":"Take Damage","damage_taken":17,"relics_obtained":["Golden Idol"],"max_hp_gain":0,"max_hp_loss":0,"event_name":"Golden Idol","floor":5,"gold_loss":0},{"damage_healed":0,"gold_gain":30,"player_choice":"Searched \u00272\u0027 times","damage_taken":0,"max_hp_gain":0,"max_hp_loss":0,"event_name":"Dead Adventurer","floor":10,"gold_loss":0},{"damage_healed":0,"gold_gain":30,"player_choice":"Searched \u00272\u0027 times","damage_taken":0,"max_hp_gain":0,"max_hp_loss":0,"event_name":"Dead Adventurer","floor":10,"gold_loss":0},{"damage_healed":0,"gold_gain":30,"player_choice":"Searched \u00272\u0027 times","damage_taken":0,"max_hp_gain":0,"max_hp_loss":0,"event_name":"Dead Adventurer","floor":10,"gold_loss":0},{"damage_healed":0,"gold_gain":0,"player_choice":"Ignored","damage_taken":0,"max_hp_gain":0,"max_hp_loss":0,"event_name":"Vampires","floor":22,"gold_loss":0},{"damage_healed":0,"gold_gain":0,"player_choice":"Obtained Relic","damage_taken":0,"relics_obtained":["Pen Nib"],"max_hp_gain":0,"max_hp_loss":0,"event_name":"Addict","floor":28,"gold_loss":85},{"damage_healed":0,"gold_gain":0,"cards_transformed":["Defend_B","Strike_B"],"player_choice":"Became Test Subject","damage_taken":0,"max_hp_gain":0,"max_hp_loss":0,"event_name":"Drug Dealer","floor":29,"gold_loss":0,"cards_obtained":["Static Discharge","Thunder Strike"]},{"cards_removed":["Sunder"],"damage_healed":0,"gold_gain":0,"player_choice":"Removed Attack","damage_taken":0,"max_hp_gain":0,"max_hp_loss":0,"event_name":"Falling","floor":36,"gold_loss":0},{"damage_healed":0,"gold_gain":0,"player_choice":"Ignored","damage_taken":0,"max_hp_gain":0,"max_hp_loss":0,"event_name":"Tomb of Lord Red Mask","floor":38,"gold_loss":0},{"damage_healed":0,"gold_gain":0,"player_choice":"Forge","damage_taken":0,"max_hp_gain":0,"max_hp_loss":0,"event_name":"Accursed Blacksmith","floor":44,"gold_loss":0,"cards_upgraded":["Seek"]}],"is_beta":false,"boss_relics":[{"not_picked":["Calling Bell","Pandora\u0027s Box"],"picked":"Empty Cage"},{"not_picked":["Cursed Key","Black Star"],"picked":"Fusion Hammer"}],"items_purged_floors":[11,39,45,53],"is_endless":false,"potions_floor_spawned":[4,7,8,16,19,21,25,30,31,37,41,47],"ascension_level":0}