{"gold_per_floor":[359,35,35,51,68,68,87,117,141,176,196,196,208,43,43,120,120,140,140,157,167,167,167,195,195],"floor_reached":25,"playtime":1535,"items_purged":[],"score":516,"play_id":"6a844d2a-f2c9-4f47-96f1-87646e07ebbd","local_time":"20190830162108","is_ascension_mode":true,"campfire_choices":[{"data":"Whirlwind","floor":6,"key":"SMITH"},{"data":"Wild Strike","floor":12,"key":"SMITH"},{"data":"Armaments","floor":15,"key":"SMITH"},{"data":"Offering","floor":23,"key":"SMITH"}],"neow_cost":"TEN_PERCENT_HP_LOSS","seed_source_timestamp":65461705760500,"circlet_count":0,"master_deck":["AscendersBane","Strike_R","Strike_R","Strike_R","Strike_R","Defend_R+1","Defend_R","Defend_R","Defend_R","Bash","Battle Trance+1","Shrug It Off","Cleave","Whirlwind+1","Carnage","Iron Wave","Wild Strike+1","Warcry","Burning Pact","Armaments+1","Offering+1","Evolve+1","Spot Weakness+1","Disarm+1","Ghostly","Ghostly","Ghostly","Heavy Blade"],"relics":["Burning Blood","Sling","Anchor","Strawberry","War Paint","Potion Belt","Mark of Pain","Nilry\u0027s Codex","Kunai"],"potions_floor_usage":[16,16,20,20,25],"damage_taken":[{"damage":1,"enemies":"Cultist","floor":1,"turns":3},{"damage":13,"enemies":"Jaw Worm","floor":4,"turns":6},{"damage":3,"enemies":"2 Louse","floor":5,"turns":5},{"damage":3,"enemies":"Exordium Wildlife","floor":7,"turns":3},{"damage":10,"enemies":"3 Sentries","floor":8,"turns":3},{"damage":8,"enemies":"Gremlin Nob","floor":10,"turns":3},{"damage":1,"enemies":"Red Slaver","floor":11,"turns":4},{"damage":20,"enemies":"Exordium Thugs","floor":13,"turns":5},{"damage":56,"enemies":"The Guardian","floor":16,"turns":9},{"damage":24,"enemies":"Chosen","floor":18,"turns":4},{"damage":0,"enemies":"Spheric Guardian","floor":20,"turns":3},{"damage":19,"enemies":"Centurion and Healer","floor":21,"turns":5},{"damage":0,"enemies":"Gremlin Leader","floor":24,"turns":5},{"damage":19,"enemies":"Sentry and Sphere","floor":25,"turns":5}],"seed_played":"1799627652707292445","potions_obtained":[{"floor":1,"key":"Dexterity Potion"},{"floor":10,"key":"SpeedPotion"},{"floor":11,"key":"PowerPotion"},{"floor":16,"key":"Ancient Potion"},{"floor":18,"key":"Fire Potion"},{"floor":21,"key":"Swift Potion"},{"floor":24,"key":"EssenceOfSteel"}],"is_trial":false,"path_per_floor":["M","$","?","M","M","R","M","E","T","E","M","R","M","$","R","B",null,"M","?","M","M","?","R","E","M"],"character_chosen":"IRONCLAD","items_purchased":["Sling","Shrug It Off","Cleave","Potion Belt"],"campfire_rested":0,"item_purchase_floors":[2,2,2,14],"current_hp_per_floor":[68,68,68,61,64,64,67,63,70,68,73,73,59,59,59,9,59,41,20,26,13,13,13,19,0],"gold":195,"neow_bonus":"TWO_FIFTY_GOLD","is_prod":false,"is_daily":false,"chose_seed":false,"campfire_upgraded":4,"win_rate":0,"timestamp":1567196468,"path_taken":["M","$","?","M","M","R","M","E","T","E","M","R","M","?","R","BOSS","M","?","M","M","?","R","E","M"],"build_version":"2019-07-17","purchased_purges":0,"victory":false,"max_hp_per_floor":[68,68,68,68,68,68,68,68,75,75,75,75,75,75,75,75,75,75,75,75,75,37,37,37,37],"card_choices":[{"not_picked":["Rage","Shockwave"],"picked":"Battle Trance","floor":1},{"not_picked":["Anger","Twin Strike"],"picked":"Whirlwind","floor":4},{"not_picked":["Disarm","Havoc"],"picked":"Carnage","floor":5},{"not_picked":["Sentinel","Clash"],"picked":"Iron Wave","floor":7},{"not_picked":["Burning Pact","Berserk"],"picked":"Wild Strike","floor":8},{"not_picked":["Thunderclap","Carnage"],"picked":"Warcry","floor":10},{"not_picked":["Havoc","Sever Soul"],"picked":"Burning Pact","floor":11},{"not_picked":["Iron Wave","True Grit"],"picked":"Armaments","floor":13},{"not_picked":["Berserk","Brutality"],"picked":"Offering","floor":16},{"not_picked":["Havoc","Body Slam"],"picked":"Evolve+1","floor":18},{"not_picked":["Rupture","Bloodletting"],"picked":"Spot Weakness+1","floor":20},{"not_picked":["Fire Breathing+1","Burning Pact"],"picked":"Disarm+1","floor":21},{"not_picked":["Clash","Thunderclap"],"picked":"Heavy Blade","floor":24}],"player_experience":208169,"relics_obtained":[{"floor":8,"key":"Anchor"},{"floor":9,"key":"Strawberry"},{"floor":10,"key":"War Paint"},{"floor":19,"key":"Nilry\u0027s Codex"},{"floor":24,"key":"Kunai"}],"event_choices":[{"cards_removed":["Strike_R"],"damage_healed":0,"gold_gain":0,"player_choice":"Offered Basic","damage_taken":0,"max_hp_gain":0,"max_hp_loss":0,"event_name":"Bonfire Elementals","floor":3,"gold_loss":0},{"damage_healed":0,"gold_gain":0,"player_choice":"Obtained Book","damage_taken":21,"max_hp_gain":0,"max_hp_loss":0,"event_name":"Cursed Tome","floor":19,"gold_loss":0},{"damage_healed":0,"gold_gain":0,"player_choice":"Became a Ghost","damage_taken":0,"max_hp_gain":0,"max_hp_loss":38,"event_name":"Ghosts","floor":22,"gold_loss":0,"cards_obtained":["Ghostly","Ghostly","Ghostly"]}],"is_beta":false,"boss_relics":[{"not_picked":["Fusion Hammer","Busted Crown"],"picked":"Mark of Pain"}],"items_purged_floors":[],"is_endless":false,"potions_floor_spawned":[1,10,11,16,18,21,24],"killed_by":"Sentry and Sphere","ascension_level":20}