{"gold_per_floor":[144,144,144,189,46,46,91,106,106,61,61,161,206,251,251,551,551,596,646,16,61,106,196,196,196,271,316,376,34,34,79,79,379,379,424,724,72,72,117,117,117,117,117,117,237,249,261,23,23,23],"floor_reached":51,"playtime":14898,"items_purged":[],"score":824,"play_id":"5be17b32-cb48-4bec-a567-30de509f0365","local_time":"20190823210941","daily_mods":["Specialized","Flight","Midas"],"is_ascension_mode":false,"campfire_choices":[{"floor":6,"key":"REST"},{"floor":15,"key":"REST"},{"floor":24,"key":"REST"},{"floor":30,"key":"REST"},{"floor":32,"key":"REST"},{"floor":40,"key":"REST"},{"floor":41,"key":"DIG"},{"floor":42,"key":"DIG"},{"floor":44,"key":"DIG"},{"floor":47,"key":"DIG"},{"floor":49,"key":"REST"}],"neow_cost":"","seed_source_timestamp":727589039902400,"circlet_count":0,"master_deck":["Bash","Warcry","Warcry","Warcry","Warcry","Whirlwind","Battle Trance","Iron Wave","Iron Wave","Inflame","Cleave","Flex","Cleave","Cleave","Flex","Heavy Blade","Clash","Uppercut","Reaper","Uppercut","Immolate","Sever Soul","Shockwave","Whirlwind","Rampage","Twin Strike+1","Twin Strike","Combust","Rupture+1","Flex+1","Carnage","Cleave+1","Inflame+1","Fire Breathing","Flash of Steel","Whirlwind","Rampage+1","Rage","Clothesline","Iron Wave","Thunderclap","Bludgeon","Bludgeon","Thunderclap","Feed","Metallicize","Heavy Blade","Cleave","Heavy Blade+1","Inflame","Flex","Secret Technique","Sword Boomerang+1","Bandage Up"],"special_seed":18132,"relics":["Burning Blood","Prayer Wheel","Odd Mushroom","Champion Belt","Fusion Hammer","Bottled Tornado","HandDrill","Strawberry","Matryoshka","Red Mask","PreservedInsect","Pandora\u0027s Box","Shovel","Brimstone","Bag of Marbles","Shuriken","Gremlin Horn","Anchor","Meat on the Bone","MawBank","Unceasing Top","Turnip","Bottled Flame"],"potions_floor_usage":[16,33,50,50],"damage_taken":[{"damage":5,"enemies":"Jaw Worm","floor":1,"turns":4},{"damage":14,"enemies":"Small Slimes","floor":4,"turns":4},{"damage":0,"enemies":"Cultist","floor":7,"turns":3},{"damage":18,"enemies":"The Mushroom Lair","floor":8,"turns":2},{"damage":12,"enemies":"2 Fungi Beasts","floor":13,"turns":2},{"damage":1,"enemies":"Exordium Thugs","floor":14,"turns":3},{"damage":54,"enemies":"Slime Boss","floor":16,"turns":9},{"damage":9,"enemies":"Shell Parasite","floor":18,"turns":4},{"damage":30,"enemies":"Spheric Guardian","floor":21,"turns":4},{"damage":16,"enemies":"3 Cultists","floor":22,"turns":4},{"damage":51,"enemies":"Slavers","floor":23,"turns":3},{"damage":4,"enemies":"Cultist and Chosen","floor":27,"turns":4},{"damage":9,"enemies":"Masked Bandits","floor":28,"turns":3},{"damage":4,"enemies":"Chosen and Byrds","floor":31,"turns":4},{"damage":46,"enemies":"Automaton","floor":33,"turns":7},{"damage":11,"enemies":"Orb Walker","floor":35,"turns":3},{"damage":28,"enemies":"Mind Bloom Boss Battle","floor":36,"turns":6},{"damage":12,"enemies":"3 Darklings","floor":39,"turns":3},{"damage":24,"enemies":"2 Orb Walkers","floor":45,"turns":4},{"damage":89,"enemies":"Time Eater","floor":50,"turns":7}],"seed_played":"-4066854202002492669","potions_obtained":[{"floor":8,"key":"AttackPotion"},{"floor":27,"key":"SteroidPotion"},{"floor":31,"key":"SpeedPotion"},{"floor":33,"key":"FearPotion"},{"floor":35,"key":"Regen Potion"}],"is_trial":false,"path_per_floor":["M","?","?","M","$","R","M","?","T","$","?","?","M","M","R","B",null,"M","?","$","M","M","E","R","?","T","M","?","$","R","M","R","B",null,"M","?","$","?","M","R","R","R","T","R","?","?","R","$","R","B",null],"character_chosen":"IRONCLAD","items_purchased":["Inflame","Cleave","Flex","Heavy Blade","Whirlwind","Bottled Tornado","HandDrill","Rampage","EssenceOfSteel","Fire Breathing","Flash of Steel","Whirlwind","PreservedInsect","Brimstone","Bag of Marbles","Inflame","Flex","Secret Technique","Bottled Flame"],"campfire_rested":7,"item_purchase_floors":[5,5,5,10,20,20,20,20,20,29,29,29,29,37,37,37,37,37,48],"current_hp_per_floor":[80,55,55,47,47,71,77,65,65,65,70,70,64,69,85,37,85,82,82,82,58,60,46,73,73,73,75,72,72,92,92,92,52,92,87,65,65,65,59,86,86,86,86,86,75,75,75,75,92,30],"gold":23,"neow_bonus":"","is_prod":false,"is_daily":true,"chose_seed":false,"campfire_upgraded":0,"win_rate":0,"timestamp":1566619781,"path_taken":["M","?","?","M","$","R","?","?","T","?","?","?","?","?","R","BOSS","M","?","$","?","?","E","R","?","T","M","?","$","R","M","R","BOSS","M","?","$","?","?","R","R","R","T","R","?","?","R","?","R","BOSS"],"build_version":"2019-07-17","purchased_purges":0,"victory":true,"max_hp_per_floor":[80,80,80,80,80,80,80,80,80,80,85,85,85,85,85,85,85,85,85,85,85,85,92,92,92,92,92,92,92,92,92,92,92,92,92,92,92,92,92,92,92,92,92,92,92,92,92,92,92,92],"card_choices":[{"not_picked":["Sword Boomerang","True Grit"],"picked":"Whirlwind","floor":1},{"not_picked":["Havoc","Thunderclap"],"picked":"Iron Wave","floor":4},{"not_picked":["Twin Strike","Shrug It Off"],"picked":"Iron Wave","floor":4},{"not_picked":["True Grit","Dual Wield"],"picked":"Cleave","floor":7},{"not_picked":["True Grit","Burning Pact"],"picked":"Cleave","floor":7},{"not_picked":["Havoc","True Grit"],"picked":"Flex","floor":8},{"not_picked":["Reckless Charge","Corruption"],"picked":"Clash","floor":13},{"not_picked":["Warcry","Headbutt"],"picked":"Uppercut","floor":13},{"not_picked":["Infernal Blade","Blood for Blood"],"picked":"Reaper","floor":14},{"not_picked":["Intimidate","Thunderclap"],"picked":"Uppercut","floor":14},{"not_picked":["Exhume","Impervious"],"picked":"Immolate","floor":16},{"not_picked":["Infernal Blade","Dual Wield"],"picked":"Sever Soul","floor":18},{"not_picked":["Shrug It Off+1","Warcry+1"],"picked":"Shockwave","floor":18},{"not_picked":["Spot Weakness","Body Slam"],"picked":"Twin Strike+1","floor":21},{"not_picked":["Bloodletting","Warcry"],"picked":"Twin Strike","floor":21},{"not_picked":["Iron Wave+1","Power Through+1"],"picked":"Combust","floor":22},{"not_picked":["Warcry","Sword Boomerang"],"picked":"Rupture+1","floor":22},{"not_picked":["Evolve","Intimidate"],"picked":"Flex+1","floor":23},{"not_picked":["Power Through","Iron Wave"],"picked":"Carnage","floor":27},{"not_picked":["Sentinel+1","Wild Strike+1"],"picked":"Cleave+1","floor":27},{"not_picked":["Shrug It Off","Reaper"],"picked":"Inflame+1","floor":28},{"not_picked":["True Grit","Hemokinesis"],"picked":"Rampage+1","floor":31},{"not_picked":["Inflame","Pommel Strike+1"],"picked":"Rage","floor":31},{"not_picked":["Thunderclap+1","Flex"],"picked":"Cleave","floor":35},{"not_picked":["Pommel Strike","Headbutt","Warcry"],"picked":"SKIP","floor":35},{"not_picked":["Shrug It Off+1","Clash+1"],"picked":"Heavy Blade+1","floor":36},{"not_picked":["Evolve+1","Anger","Blood for Blood+1"],"picked":"SKIP","floor":39},{"not_picked":["Anger","Body Slam+1","Evolve"],"picked":"SKIP","floor":39},{"not_picked":["Armaments+1","Perfected Strike+1"],"picked":"Sword Boomerang+1","floor":45},{"not_picked":["Trip","Jack Of All Trades"],"picked":"Bandage Up","floor":46}],"player_experience":31413,"relics_obtained":[{"floor":8,"key":"Odd Mushroom"},{"floor":9,"key":"Champion Belt"},{"floor":23,"key":"Strawberry"},{"floor":26,"key":"Matryoshka"},{"floor":28,"key":"Red Mask"},{"floor":36,"key":"Shovel"},{"floor":41,"key":"Shuriken"},{"floor":42,"key":"Gremlin Horn"},{"floor":43,"key":"Anchor"},{"floor":43,"key":"Meat on the Bone"},{"floor":44,"key":"MawBank"},{"floor":45,"key":"Unceasing Top"},{"floor":47,"key":"Turnip"}],"event_choices":[{"damage_healed":0,"gold_gain":0,"player_choice":"Success","damage_taken":25,"relics_obtained":["Prayer Wheel"],"max_hp_gain":0,"max_hp_loss":0,"event_name":"Scrap Ooze","floor":2,"gold_loss":0},{"damage_healed":0,"gold_gain":0,"cards_transformed":["Warcry"],"player_choice":"Transformed","damage_taken":0,"max_hp_gain":0,"max_hp_loss":0,"event_name":"Transmorgrifier","floor":3,"gold_loss":0,"cards_obtained":["Battle Trance"]},{"damage_healed":0,"gold_gain":0,"player_choice":"Fought Mushrooms","damage_taken":0,"max_hp_gain":0,"max_hp_loss":0,"event_name":"Mushrooms","floor":8,"gold_loss":0},{"damage_healed":0,"gold_gain":0,"player_choice":"Donut","damage_taken":0,"max_hp_gain":5,"max_hp_loss":0,"event_name":"Big Fish","floor":11,"gold_loss":0},{"damage_healed":0,"gold_gain":100,"player_choice":"Pray","damage_taken":0,"max_hp_gain":0,"max_hp_loss":0,"event_name":"Golden Shrine","floor":12,"gold_loss":0},{"damage_healed":0,"gold_gain":100,"player_choice":"Bet on Murderer","damage_taken":0,"max_hp_gain":0,"max_hp_loss":0,"event_name":"The Joust","floor":19,"gold_loss":50},{"damage_healed":0,"gold_gain":0,"player_choice":"Simplicity","damage_taken":0,"max_hp_gain":0,"max_hp_loss":0,"event_name":"Back to Basics","floor":25,"gold_loss":0,"cards_upgraded":["Strike_R","Strike_R","Strike_R","Strike_R","Strike_R","Defend_R","Defend_R","Defend_R","Defend_R"]},{"damage_healed":0,"gold_gain":0,"player_choice":"Fought Bandits","damage_taken":0,"max_hp_gain":0,"max_hp_loss":0,"event_name":"Masked Bandits","floor":28,"gold_loss":0},{"damage_healed":0,"gold_gain":0,"player_choice":"Fight","damage_taken":0,"max_hp_gain":0,"max_hp_loss":0,"event_name":"MindBloom","floor":36,"gold_loss":0},{"damage_healed":0,"gold_gain":0,"player_choice":"Bought 0 Potions","damage_taken":0,"max_hp_gain":0,"max_hp_loss":0,"event_name":"The Woman in Blue","floor":38,"gold_loss":0},{"damage_healed":0,"gold_gain":0,"player_choice":"Fight","damage_taken":0,"max_hp_gain":0,"max_hp_loss":0,"event_name":"Mysterious Sphere","floor":45,"gold_loss":0},{"damage_healed":0,"gold_gain":0,"player_choice":"Memory 1","damage_taken":0,"max_hp_gain":0,"max_hp_loss":0,"event_name":"SensoryStone","floor":46,"gold_loss":0}],"is_beta":false,"boss_relics":[{"not_picked":["Black Star","Snecko Eye"],"picked":"Fusion Hammer"},{"not_picked":["Lizard Tail","White Beast Statue"],"picked":"Pandora\u0027s Box"}],"items_purged_floors":[],"is_endless":false,"potions_floor_spawned":[8,27,31,33,35,45],"ascension_level":0}