{"gold_per_floor":[112,112,187,187,200,230,230,20,44,78,97,97,0,35,35,35],"floor_reached":16,"playtime":1449,"items_purged":[],"score":197,"play_id":"af7e060a-6963-41c6-8619-8477b5bc8b92","local_time":"20190711193519","is_ascension_mode":true,"campfire_choices":[{"floor":7,"key":"REST"},{"data":"Zap","floor":12,"key":"SMITH"},{"floor":15,"key":"REST"}],"neow_cost":"NONE","seed_source_timestamp":93873372594432,"circlet_count":0,"master_deck":["Strike_B","Strike_B","Strike_B","Strike_B","Defend_B","Defend_B","Defend_B","Defend_B","Zap+1","Dualcast","Beam Cell","Heatsinks","Auto Shields","Loop","Conserve Battery","Skim","Reprogram","Scrape","Dark Shackles","Loop"],"relics":["Black Star","Bag of Preparation","Lantern","Juzu Bracelet","FossilizedHelix","Strawberry","Unceasing Top","DataDisk","The Courier","Art of War"],"potions_floor_usage":[6,10,14],"damage_taken":[{"damage":4,"enemies":"2 Louse","floor":1,"turns":4},{"damage":0,"enemies":"Small Slimes","floor":5,"turns":3},{"damage":20,"enemies":"Lagavulin","floor":6,"turns":7},{"damage":28,"enemies":"3 Sentries","floor":10,"turns":10},{"damage":0,"enemies":"Jaw Worm","floor":11,"turns":3},{"damage":0,"enemies":"Lagavulin","floor":14,"turns":7},{"damage":52,"enemies":"Hexaghost","floor":16,"turns":9}],"seed_played":"-2893300516461989469","potions_obtained":[{"floor":5,"key":"AttackPotion"},{"floor":11,"key":"Block Potion"}],"is_trial":false,"path_per_floor":["M","?","?","T","M","E","R","$","T","E","M","R","$","E","R","B"],"character_chosen":"DEFECT","items_purchased":["Loop","Conserve Battery","Skim","Strength Potion","Dark Shackles"],"campfire_rested":2,"item_purchase_floors":[8,8,8,8,13],"current_hp_per_floor":[64,57,46,46,46,26,48,48,55,27,27,27,27,27,51,0],"gold":35,"neow_bonus":"BOSS_RELIC","is_prod":false,"is_daily":false,"chose_seed":false,"campfire_upgraded":1,"win_rate":0,"timestamp":1562888119,"path_taken":["M","?","?","?","M","E","R","$","T","E","M","R","?","E","R","BOSS"],"build_version":"2019-07-05","purchased_purges":0,"victory":false,"max_hp_per_floor":[75,75,75,75,75,75,75,75,82,82,82,82,82,82,82,82],"card_choices":[{"not_picked":["Stack","Turbo"],"picked":"Beam Cell","floor":1},{"not_picked":["Blizzard","Leap"],"picked":"Heatsinks","floor":5},{"not_picked":["Compile Driver","Leap"],"picked":"Auto Shields","floor":6},{"not_picked":["Sweeping Beam","Barrage"],"picked":"Reprogram","floor":10},{"not_picked":["Steam","Ball Lightning"],"picked":"Scrape","floor":11},{"not_picked":["Redo","Stack"],"picked":"Loop","floor":14}],"player_experience":200747,"relics_obtained":[{"floor":4,"key":"Lantern"},{"floor":6,"key":"Juzu Bracelet"},{"floor":6,"key":"FossilizedHelix"},{"floor":9,"key":"Strawberry"},{"floor":10,"key":"Unceasing Top"},{"floor":10,"key":"DataDisk"},{"floor":14,"key":"The Courier"},{"floor":14,"key":"Art of War"}],"event_choices":[{"damage_healed":0,"gold_gain":0,"player_choice":"Success","damage_taken":7,"relics_obtained":["Bag of Preparation"],"max_hp_gain":0,"max_hp_loss":0,"event_name":"Scrap Ooze","floor":2,"gold_loss":0},{"damage_healed":0,"gold_gain":75,"player_choice":"Gather Gold","damage_taken":11,"max_hp_gain":0,"max_hp_loss":0,"event_name":"World of Goop","floor":3,"gold_loss":0}],"is_beta":false,"boss_relics":[],"items_purged_floors":[],"is_endless":false,"potions_floor_spawned":[5,11],"killed_by":"Hexaghost","ascension_level":8}