{"gold_per_floor":[116,132,132,132,152,152,185,216,228,415,442,88,88,13,13,144,144,163,181,181,202,218,218,218,261,261,261,276,276,299,330,330,459,459,478,478,478,493,31,62,62,86,86,111,111,154,154,172,172,172],"floor_reached":50,"playtime":3132,"items_purged":["Doubt"],"score":652,"play_id":"96929726-de37-46f2-82b3-212c67ff8045","local_time":"20180806224336","is_ascension_mode":true,"campfire_choices":[{"floor":6,"key":"REST"},{"data":"Envenom","floor":15,"key":"SMITH"},{"data":"Burst","floor":23,"key":"SMITH"},{"data":"Backstab","floor":27,"key":"SMITH"},{"floor":29,"key":"REST"},{"data":"Neutralize","floor":32,"key":"SMITH"},{"floor":41,"key":"REST"},{"floor":45,"key":"REST"},{"data":"Madness","floor":49,"key":"SMITH"}],"neow_cost":"NONE","seed_source_timestamp":886181573262501,"circlet_count":0,"master_deck":["Defend_G","Defend_G","Defend_G","Defend_G","Defend_G","Strike_G","Strike_G","Survivor","Neutralize+1","Poisoned Stab","Heel Hook","Deflect","Envenom+1","Endless Agony","Backstab+1","Bane","Burst+1","Dagger Spray+1","Backstab+1","Footwork+1","Blur","Flying Knee","Masterful Stab","Slice","Envenom+1","Dodge and Roll+1","Slice","Blur","PiercingWail","Unload","Catalyst+1","Madness","Madness+1","Escape Plan+1","Deflect","Distraction+1","Dodge and Roll+1","Poisoned Stab+1","Distraction+1","Backflip","Distraction+1"],"relics":["Ring of the Snake","Golden Idol","MawBank","Dodecahedron","Lee\u0027s Waffle","Happy Flower","Astrolabe","Centennial Puzzle","Incense Burner","Vajra","Red Mask","White Beast Statue","Prayer Wheel","The Specimen","Bag of Marbles","Regal Pillow","Turnip","Mummified Hand"],"potions_floor_usage":[5,8,18,30,31,33,33,38,40,40,44,46,48,50,50,50],"damage_taken":[{"damage":0,"enemies":"Cultist","floor":1,"turns":3},{"damage":4,"enemies":"2 Louse","floor":2,"turns":4},{"damage":0,"enemies":"Jaw Worm","floor":5,"turns":4},{"damage":28,"enemies":"Lagavulin","floor":7,"turns":7},{"damage":35,"enemies":"Large Slime","floor":8,"turns":7},{"damage":0,"enemies":"Red Slaver","floor":11,"turns":2},{"damage":42,"enemies":"The Guardian","floor":16,"turns":9},{"damage":6,"enemies":"Shell Parasite","floor":18,"turns":4},{"damage":8,"enemies":"Chosen","floor":19,"turns":5},{"damage":0,"enemies":"Snecko","floor":21,"turns":4},{"damage":7,"enemies":"Chosen and Byrds","floor":22,"turns":4},{"damage":11,"enemies":"Book of Stabbing","floor":25,"turns":4},{"damage":4,"enemies":"Centurion and Healer","floor":28,"turns":7},{"damage":0,"enemies":"Snake Plant","floor":30,"turns":2},{"damage":0,"floor":31,"turns":5},{"damage":11,"enemies":"Collector","floor":33,"turns":9},{"damage":0,"enemies":"Orb Walker","floor":35,"turns":3},{"damage":7,"floor":37,"turns":7},{"damage":20,"enemies":"3 Shapes","floor":38,"turns":4},{"damage":23,"enemies":"Giant Head","floor":40,"turns":10},{"damage":6,"enemies":"Flame Bruiser 2 Orb","floor":42,"turns":5},{"damage":18,"enemies":"Sphere and 2 Shapes","floor":44,"turns":8},{"damage":7,"enemies":"Nemesis","floor":46,"turns":5},{"damage":13,"enemies":"3 Darklings","floor":48,"turns":4},{"damage":76,"enemies":"Awakened One","floor":50,"turns":12}],"seed_played":"8342857234052628612","potions_obtained":[{"floor":1,"key":"LiquidBronze"},{"floor":2,"key":"PowerPotion"},{"floor":8,"key":"Explosive Potion"},{"floor":18,"key":"SpeedPotion"},{"floor":19,"key":"SteroidPotion"},{"floor":28,"key":"EssenceOfSteel"},{"floor":30,"key":"Poison Potion"},{"floor":31,"key":"SkillPotion"},{"floor":35,"key":"Weak Potion"},{"floor":37,"key":"Regen Potion"},{"floor":38,"key":"Dexterity Potion"},{"floor":40,"key":"Ancient Potion"},{"floor":42,"key":"Swift Potion"},{"floor":44,"key":"FearPotion"},{"floor":46,"key":"Fire Potion"},{"floor":48,"key":"Regen Potion"}],"is_trial":false,"path_per_floor":["M","M","$","?","M","R","E","M","T","?","M","$","?","$","R","B",null,"M","M","T","M","M","R","?","E","T","R","M","R","M","?","R","B",null,"M","?","?","M","$","E","R","M","T","M","R","E","?","M","R"],"character_chosen":"THE_SILENT","items_purchased":["Lee\u0027s Waffle","Happy Flower","The Specimen","Bag of Marbles"],"campfire_rested":4,"item_purchase_floors":[12,12,39,39],"current_hp_per_floor":[70,66,66,49,49,70,42,7,7,7,7,77,77,77,77,35,77,71,63,63,63,56,56,56,45,45,45,41,64,64,64,64,53,77,77,67,60,49,49,26,64,58,58,40,77,70,70,57,57,0],"gold":172,"neow_bonus":"THREE_CARDS","is_prod":false,"is_daily":false,"chose_seed":false,"campfire_upgraded":5,"win_rate":0,"timestamp":1533588216,"path_taken":["M","?","?","?","?","R","E","M","T","?","M","$","?","$","R","BOSS","M","?","?","M","M","R","?","E","T","R","M","R","?","?","R","BOSS","M","?","?","M","$","E","R","M","T","M","R","E","?","?","R","BOSS"],"build_version":"2018-08-02","purchased_purges":1,"victory":false,"max_hp_per_floor":[70,70,70,70,70,70,70,70,70,70,70,77,77,77,77,77,77,77,77,77,77,77,77,77,77,77,77,77,77,77,77,77,77,77,77,77,77,77,77,77,77,77,77,77,77,77,77,77,77,77],"card_choices":[{"not_picked":["Terror","Deflect"],"picked":"Poisoned Stab","floor":0},{"not_picked":["Deadly Poison","Dagger Throw"],"picked":"Heel Hook","floor":1},{"not_picked":["Backflip","Reflex"],"picked":"Deflect","floor":2},{"not_picked":["Blade Dance","Calculated Gamble"],"picked":"Envenom","floor":5},{"not_picked":["Choke","Deflect"],"picked":"Endless Agony","floor":7},{"not_picked":["Calculated Gamble","Underhanded Strike"],"picked":"Backstab","floor":8},{"not_picked":["Acrobatics","Cloak And Dagger"],"picked":"Bane","floor":11},{"not_picked":["Doppelganger","Glass Knife"],"picked":"Burst","floor":16},{"not_picked":["Dagger Spray","Finisher"],"picked":"Blur","floor":18},{"not_picked":["PiercingWail","Choke"],"picked":"Flying Knee","floor":19},{"not_picked":["Slice","Dash"],"picked":"Masterful Stab","floor":21},{"not_picked":["Backflip","Dagger Throw"],"picked":"Slice","floor":22},{"not_picked":["Heel Hook+1","Leg Sweep"],"picked":"Dodge and Roll+1","floor":25},{"not_picked":["Dagger Spray","Eviscerate+1"],"picked":"Slice","floor":28},{"not_picked":["Deadly Poison","Prepared"],"picked":"Blur","floor":30},{"not_picked":["Choke","Accuracy"],"picked":"PiercingWail","floor":31},{"not_picked":["Glass Knife","Night Terror"],"picked":"Unload","floor":33},{"not_picked":["PiercingWail","Prepared"],"picked":"Catalyst+1","floor":35},{"not_picked":["Dagger Throw","Dagger Spray+1"],"picked":"Escape Plan+1","floor":37},{"not_picked":["Bane","Tactician"],"picked":"Deflect","floor":38},{"not_picked":["Dagger Throw+1","Infinite Blades"],"picked":"Distraction+1","floor":38},{"not_picked":["Cloak And Dagger","Tools of the Trade","Riddle With Holes+1"],"picked":"SKIP","floor":40},{"not_picked":["PiercingWail","Dagger Throw+1"],"picked":"Dodge and Roll+1","floor":42},{"not_picked":["Flying Knee","Prepared+1"],"picked":"Poisoned Stab+1","floor":42},{"not_picked":["Choke","Endless Agony"],"picked":"Distraction+1","floor":44},{"not_picked":["Dash","Distraction","Dodge and Roll+1"],"picked":"SKIP","floor":44},{"not_picked":["Concentrate+1","Blur+1"],"picked":"Footwork","floor":46},{"not_picked":["Blade Dance","Poisoned Stab+1"],"picked":"Backflip","floor":48},{"not_picked":["Bane","Expertise+1"],"picked":"Distraction+1","floor":48}],"player_experience":191926,"relics_obtained":[{"floor":7,"key":"MawBank"},{"floor":9,"key":"Dodecahedron"},{"floor":20,"key":"Centennial Puzzle"},{"floor":25,"key":"Incense Burner"},{"floor":26,"key":"Vajra"},{"floor":31,"key":"Red Mask"},{"floor":37,"key":"Prayer Wheel"},{"floor":40,"key":"Regal Pillow"},{"floor":43,"key":"Turnip"},{"floor":46,"key":"Mummified Hand"}],"event_choices":[{"event_name":"Golden Idol","player_choice":"Take Damage","floor":4,"damage_taken":0},{"event_name":"Liars Game","player_choice":"agreed","floor":10,"damage_taken":0},{"event_name":"The Cleric","player_choice":"Leave","floor":13,"damage_taken":0},{"event_name":"Duplicator","player_choice":"One dupe","floor":24,"damage_taken":0},{"event_name":"Masked Bandits","player_choice":"Fought over 299 gold","floor":31,"damage_taken":0},{"event_name":"Winding Halls","player_choice":"Embrace Madness","floor":36,"damage_taken":0},{"event_name":"MindBloom","player_choice":"Fight","floor":37,"damage_taken":0},{"event_name":"Falling","player_choice":"Removed Power","floor":47,"damage_taken":0}],"is_beta":false,"boss_relics":[{"not_picked":["Runic Dome","Velvet Choker"],"picked":"Astrolabe"},{"not_picked":["Eternal Feather","Runic Pyramid"],"picked":"White Beast Statue"}],"items_purged_floors":[14],"is_endless":false,"potions_floor_spawned":[1,2,8,18,19,28,30,31,35,37,38,40,42,44,46,48],"killed_by":"Awakened One","ascension_level":2}