{"gold_per_floor":[114,114,189,201,217,217,118,118,118,135,135,135,135,152,152,249,249],"floor_reached":17,"playtime":641,"items_purged":["Strike_R"],"score":174,"play_id":"661a9686-89b3-4048-af95-680f605e09bf","local_time":"20190101213712","is_ascension_mode":true,"campfire_choices":[{"data":"True Grit","floor":6,"key":"SMITH"},{"data":"Thunderclap","floor":8,"key":"SMITH"},{"data":"Headbutt","floor":11,"key":"SMITH"},{"data":"Bash","floor":15,"key":"SMITH"}],"neow_cost":"TEN_PERCENT_HP_LOSS","seed_source_timestamp":282052150961428,"circlet_count":0,"master_deck":["Bash+1","Headbutt+1","True Grit+1","Thunderclap+1","Corruption","Double Tap","Dropkick","Warcry","Pommel Strike","Bloodletting","Headbutt","Warcry","Thunderclap"],"relics":["Burning Blood","FossilizedHelix","Charon\u0027s Ashes","Pandora\u0027s Box"],"potions_floor_usage":[10,16],"damage_taken":[{"damage":12,"enemies":"Jaw Worm","floor":1,"turns":5},{"damage":2,"enemies":"2 Louse","floor":4,"turns":3},{"damage":0,"enemies":"Cultist","floor":5,"turns":3},{"damage":0,"enemies":"Looter","floor":10,"turns":3},{"damage":5,"enemies":"Gremlin Gang","floor":14,"turns":4},{"damage":53,"enemies":"The Guardian","floor":16,"turns":11}],"seed_played":"-2014964191206906605","potions_obtained":[{"floor":1,"key":"Strength Potion"},{"floor":10,"key":"AttackPotion"}],"is_trial":false,"path_per_floor":["M","?","?","M","M","R","$","R","T","M","R","?","?","M","R","B",null],"character_chosen":"IRONCLAD","items_purchased":["Thunderclap"],"campfire_rested":0,"item_purchase_floors":[7],"current_hp_per_floor":[66,59,48,52,58,58,58,58,58,64,64,64,69,70,70,23,77],"gold":249,"neow_bonus":"ONE_RARE_RELIC","is_prod":false,"is_daily":false,"chose_seed":false,"campfire_upgraded":4,"win_rate":0,"timestamp":1546346232,"path_taken":["M","?","?","M","M","R","$","R","T","M","R","?","?","M","R","BOSS"],"build_version":"2018-12-20","purchased_purges":1,"victory":false,"max_hp_per_floor":[72,72,72,72,72,72,72,72,72,72,72,72,77,77,77,77,77],"card_choices":[{"not_picked":["Pummel","Sword Boomerang","Wild Strike"],"picked":"SKIP","floor":1},{"not_picked":["Twin Strike","Sever Soul"],"picked":"Headbutt","floor":4},{"not_picked":["Shrug It Off","Perfected Strike"],"picked":"True Grit","floor":5},{"not_picked":["Dual Wield","Clash"],"picked":"Corruption","floor":10},{"not_picked":["Armaments","Clash","Wild Strike"],"picked":"SKIP","floor":14},{"not_picked":["Barricade","Demon Form"],"picked":"Double Tap","floor":16}],"player_experience":107660,"relics_obtained":[{"floor":9,"key":"Charon\u0027s Ashes"}],"event_choices":[{"cards_removed":["Strike_R"],"damage_healed":0,"gold_gain":0,"player_choice":"Card Removal","damage_taken":7,"max_hp_gain":0,"max_hp_loss":0,"event_name":"Golden Wing","floor":2,"gold_loss":0},{"damage_healed":0,"gold_gain":75,"player_choice":"Gather Gold","damage_taken":11,"max_hp_gain":0,"max_hp_loss":0,"event_name":"World of Goop","floor":3,"gold_loss":0},{"damage_healed":0,"gold_gain":0,"player_choice":"Ignored","damage_taken":0,"max_hp_gain":0,"max_hp_loss":0,"event_name":"Liars Game","floor":12,"gold_loss":0},{"damage_healed":0,"gold_gain":0,"player_choice":"Donut","damage_taken":0,"max_hp_gain":5,"max_hp_loss":0,"event_name":"Big Fish","floor":13,"gold_loss":0}],"is_beta":false,"boss_relics":[{"not_picked":["Velvet Choker","Astrolabe"],"picked":"Pandora\u0027s Box"}],"items_purged_floors":[7],"is_endless":false,"potions_floor_spawned":[1,10],"ascension_level":4}