{"path_per_floor":["M","$","?","?","M","E","R","M","T","E","M","M"],"character_chosen":"DEFECT","items_purchased":["Storm"],"gold_per_floor":[113,40,40,40,52,80,80,94,94,125,139,149,149],"floor_reached":13,"campfire_rested":0,"playtime":367,"item_purchase_floors":[2],"current_hp_per_floor":[75,75,60,65,65,65,65,58,58,47,25,12,0],"items_purged":[],"gold":149,"score":132,"play_id":"f59f0858-3096-4056-949b-95d77b94229e","local_time":"20180619204641","is_prod":false,"is_daily":false,"chose_seed":false,"is_ascension_mode":true,"campfire_upgraded":1,"win_rate":0,"timestamp":1529434001,"campfire_choices":[{"data":"Echo Form","floor":7,"key":"SMITH"}],"path_taken":["M","$","?","?","M","E","R","?","T","E","M","M","M"],"build_version":"2018-06-14v2","seed_source_timestamp":682199911607483,"purchased_purges":0,"victory":false,"master_deck":["Strike_B","Strike_B","Strike_B","Strike_B","Defend_B","Defend_B+1","Defend_B","Defend_B","Zap","Dualcast","Gash","Storm+1","Ball Lightning","Echo Form+1","Self Repair","Machine Learning","Sunder"],"max_hp_per_floor":[75,75,75,80,80,80,80,80,80,80,80,82,82],"relics":["Cracked Core","NeowsBlessing","Mummified Hand","Singing Bowl","Bottled Tornado"],"card_choices":[{"not_picked":["Consume","Force Field"],"picked":"Gash","floor":1},{"not_picked":["Turbo","Undo"],"picked":"Ball Lightning","floor":5},{"not_picked":["Leap","Conserve Battery"],"picked":"Echo Form","floor":6},{"not_picked":["Reprogram","Gash"],"picked":"Self Repair","floor":8},{"not_picked":["Sunder","Go for the Eyes"],"picked":"Machine Learning","floor":10},{"not_picked":["Hello World","Hologram"],"picked":"Sunder","floor":11},{"not_picked":["Coolheaded","Redo","Go for the Eyes"],"picked":"Singing Bowl","floor":12}],"player_experience":163590,"potions_floor_usage":[10,11,13],"damage_taken":[{"damage":0,"enemies":"2 Louse","floor":1,"turns":1},{"damage":0,"enemies":"Small Slimes","floor":5,"turns":1},{"damage":0,"enemies":"Lagavulin","floor":6,"turns":1},{"damage":7,"enemies":"Jaw Worm","floor":8,"turns":2},{"damage":11,"enemies":"3 Sentries","floor":10,"turns":5},{"damage":29,"enemies":"Exordium Thugs","floor":11,"turns":4},{"damage":22,"enemies":"Lots of Slimes","floor":12,"turns":3},{"damage":13,"enemies":"Blue Slaver","floor":13,"turns":1}],"relics_obtained":[{"floor":6,"key":"Mummified Hand"},{"floor":9,"key":"Singing Bowl"},{"floor":10,"key":"Bottled Tornado"}],"event_choices":[{"event_name":"Shining Light","player_choice":"Entered Light","floor":3,"damage_taken":0},{"event_name":"Big Fish","player_choice":"Donut","floor":4,"damage_taken":0}],"boss_relics":[],"items_purged_floors":[],"is_endless":false,"potions_floor_spawned":[5,10,12],"seed_played":"-3265019941881591119","killed_by":"Blue Slaver","ascension_level":2,"potions_obtained":[{"floor":5,"key":"Fire Potion"},{"floor":10,"key":"Weak Potion"},{"floor":12,"key":"FocusPotion"}],"is_trial":false}