{"gold_per_floor":[109,120,138,26,44,44,76,76,99,118,148,48,78,78,78,181,181,201,217,168,168,180,180,241,257,325,341,341,341,358,141,141,245,245,262,163,263,263,263,263,282,300,372,372,16,16],"floor_reached":46,"playtime":3326,"items_purged":["Strike_B","Strike_B","Sunder"],"score":618,"play_id":"1d63ce36-b73d-4af5-a90f-b7885958671e","local_time":"20190819214524","is_ascension_mode":true,"campfire_choices":[{"data":"Zap","floor":6,"key":"SMITH"},{"floor":15,"key":"REST"},{"floor":23,"key":"REST"},{"floor":29,"key":"REST"},{"floor":32,"key":"REST"},{"data":"Defragment","floor":40,"key":"SMITH"},{"data":"Redo","floor":44,"key":"SMITH"}],"neow_cost":"NONE","seed_source_timestamp":385560280904400,"circlet_count":0,"master_deck":["Defend_B","Defend_B","Defend_B","Zap+1","Dualcast","Conserve Battery","Cold Snap","Leap","Glacier+1","Go for the Eyes","Self Repair","Blizzard","Multi-Cast","Reboot","Rainbow","Rip and Tear+1","Rebound","Hologram+1","Go for the Eyes","Defragment+1","Steam Power","Compile Driver","Loop","Redo+1","Chill","Panacea","Darkness+1","Rebound+1","FTL"],"relics":["Cracked Core","Anchor","Art of War","Happy Flower","Regal Pillow","Busted Crown","Tiny Chest","Pear","Empty Cage","Pocketwatch","Symbiotic Virus","ClockworkSouvenir"],"potions_floor_usage":[7,7,16,22,24,30,33,35,46],"damage_taken":[{"damage":2,"enemies":"Jaw Worm","floor":1,"turns":3},{"damage":1,"enemies":"Cultist","floor":2,"turns":3},{"damage":0,"enemies":"Small Slimes","floor":3,"turns":2},{"damage":2,"enemies":"Blue Slaver","floor":5,"turns":4},{"damage":2,"enemies":"3 Sentries","floor":7,"turns":6},{"damage":2,"enemies":"Red Slaver","floor":10,"turns":3},{"damage":7,"enemies":"Lagavulin","floor":11,"turns":8},{"damage":26,"enemies":"Gremlin Nob","floor":13,"turns":5},{"damage":39,"enemies":"Hexaghost","floor":16,"turns":16},{"damage":22,"enemies":"Spheric Guardian","floor":18,"turns":6},{"damage":2,"enemies":"Chosen","floor":19,"turns":6},{"damage":32,"enemies":"Shelled Parasite and Fungi","floor":22,"turns":7},{"damage":42,"enemies":"Gremlin Leader","floor":24,"turns":8},{"damage":8,"enemies":"Centurion and Healer","floor":25,"turns":6},{"damage":28,"enemies":"Snecko","floor":27,"turns":5},{"damage":17,"enemies":"Cultist and Chosen","floor":30,"turns":8},{"damage":29,"enemies":"Champ","floor":33,"turns":11},{"damage":27,"enemies":"3 Darklings","floor":35,"turns":10},{"damage":0,"enemies":"Mind Bloom Boss Battle","floor":37,"turns":7},{"damage":0,"enemies":"Orb Walker","floor":41,"turns":4},{"damage":19,"enemies":"4 Shapes","floor":42,"turns":6},{"damage":64,"enemies":"Transient","floor":46,"turns":4}],"seed_played":"-108810707147082177","potions_obtained":[{"floor":2,"key":"Explosive Potion"},{"floor":3,"key":"Fire Potion"},{"floor":11,"key":"SpeedPotion"},{"floor":13,"key":"Regen Potion"},{"floor":16,"key":"SteroidPotion"},{"floor":18,"key":"Swift Potion"},{"floor":22,"key":"FearPotion"},{"floor":25,"key":"AttackPotion"},{"floor":27,"key":"SpeedPotion"},{"floor":30,"key":"Energy Potion"},{"floor":35,"key":"FocusPotion"},{"floor":41,"key":"SteroidPotion"}],"is_trial":false,"path_per_floor":["M","M","M","$","M","R","E","?","T","M","E","$","E","$","R","B",null,"M","M","$","?","M","R","E","M","T","M","?","R","M","$","R","B",null,"M","$","?","$","?","R","M","M","T","R","$","M"],"character_chosen":"DEFECT","items_purchased":["Glacier","Rebound","Defragment","Steam Power","FocusPotion","Loop","Redo","FTL","ClockworkSouvenir"],"campfire_rested":4,"item_purchase_floors":[4,20,31,31,31,36,36,45,45],"current_hp_per_floor":[66,65,65,65,63,63,61,61,61,66,66,66,47,47,75,43,67,52,57,57,57,44,75,40,39,49,28,28,68,58,58,85,63,80,60,60,67,67,67,67,74,62,62,62,62,0],"gold":16,"neow_bonus":"THREE_CARDS","is_prod":false,"is_daily":false,"chose_seed":false,"campfire_upgraded":3,"win_rate":0,"timestamp":1566218724,"path_taken":["M","M","M","$","M","R","E","?","T","M","E","$","E","?","R","BOSS","M","M","$","?","M","R","E","M","T","M","?","R","M","?","R","BOSS","M","$","?","$","?","R","M","?","T","R","$","M"],"build_version":"2019-07-17","purchased_purges":3,"victory":false,"max_hp_per_floor":[75,75,75,75,75,75,75,75,75,75,75,75,75,75,75,75,75,75,75,75,75,75,75,75,75,85,85,85,85,85,85,85,85,85,85,85,85,85,85,85,85,85,85,85,85,85],"card_choices":[{"not_picked":["Leap","Aggregate"],"picked":"Sunder","floor":0},{"not_picked":["Streamline","Reinforced Body"],"picked":"Conserve Battery","floor":1},{"not_picked":["Sunder","Leap"],"picked":"Cold Snap","floor":2},{"not_picked":["Heatsinks","Streamline"],"picked":"Leap","floor":3},{"not_picked":["Streamline","Auto Shields"],"picked":"Go for the Eyes","floor":5},{"not_picked":["Hyperbeam","Double Energy"],"picked":"Self Repair","floor":7},{"not_picked":["Turbo","Aggregate"],"picked":"Blizzard","floor":10},{"not_picked":["Steam","Rebound"],"picked":"Multi-Cast","floor":11},{"not_picked":["Gash","Multi-Cast"],"picked":"Reboot","floor":13},{"not_picked":["Multi-Cast","Meteor Strike"],"picked":"Rainbow","floor":16},{"not_picked":["Aggregate"],"picked":"SKIP","floor":18},{"not_picked":[],"picked":"Rip and Tear+1","floor":19},{"not_picked":[],"picked":"Hologram+1","floor":22},{"not_picked":[],"picked":"Go for the Eyes","floor":24},{"not_picked":["Redo"],"picked":"SKIP","floor":25},{"not_picked":["Tempest"],"picked":"SKIP","floor":27},{"not_picked":["Sweeping Beam+1"],"picked":"SKIP","floor":30},{"not_picked":[],"picked":"Compile Driver","floor":35},{"not_picked":[],"picked":"Chill","floor":37},{"not_picked":[],"picked":"Darkness+1","floor":41},{"not_picked":[],"picked":"Rebound+1","floor":42}],"player_experience":172333,"relics_obtained":[{"floor":7,"key":"Anchor"},{"floor":9,"key":"Art of War"},{"floor":11,"key":"Happy Flower"},{"floor":13,"key":"Regal Pillow"},{"floor":24,"key":"Tiny Chest"},{"floor":26,"key":"Pear"},{"floor":37,"key":"Pocketwatch"},{"floor":43,"key":"Symbiotic Virus"}],"event_choices":[{"damage_healed":0,"gold_gain":0,"player_choice":"Forge","damage_taken":0,"max_hp_gain":0,"max_hp_loss":0,"event_name":"Accursed Blacksmith","floor":8,"gold_loss":0,"cards_upgraded":["Glacier"]},{"damage_healed":0,"gold_gain":0,"player_choice":"Ignored","damage_taken":0,"max_hp_gain":0,"max_hp_loss":0,"event_name":"Ghosts","floor":21,"gold_loss":0},{"cards_removed":["Strike_B"],"damage_healed":0,"gold_gain":0,"player_choice":"Elegance","damage_taken":0,"max_hp_gain":0,"max_hp_loss":0,"event_name":"Back to Basics","floor":28,"gold_loss":0},{"damage_healed":0,"gold_gain":0,"player_choice":"Fight","damage_taken":0,"max_hp_gain":0,"max_hp_loss":0,"event_name":"MindBloom","floor":37,"gold_loss":0},{"damage_healed":0,"gold_gain":0,"player_choice":"1 cards matched","damage_taken":0,"max_hp_gain":0,"max_hp_loss":0,"event_name":"Match and Keep!","floor":39,"gold_loss":0,"cards_obtained":["Panacea"]}],"is_beta":false,"boss_relics":[{"not_picked":["Ectoplasm","Black Star"],"picked":"Busted Crown"},{"not_picked":["Coffee Dripper","Pandora\u0027s Box"],"picked":"Empty Cage"}],"items_purged_floors":[4,12,45],"is_endless":false,"potions_floor_spawned":[2,3,11,13,16,18,22,25,27,30,35,41,42],"killed_by":"Transient","ascension_level":7}