{"gold_per_floor":[112,112,62,73,88,88,120,120,174,201,213,213,245,303,303,398,398,414,414,22,34,46,58],"floor_reached":23,"playtime":761,"items_purged":[],"score":246,"play_id":"a98c1c85-175c-4f86-94a1-e5405ac346b0","local_time":"20181115203730","is_ascension_mode":true,"campfire_choices":[{"data":"Bash","floor":6,"key":"SMITH"},{"data":"Iron Wave","floor":8,"key":"SMITH"},{"floor":12,"key":"REST"},{"floor":15,"key":"REST"}],"neow_cost":"NONE","seed_source_timestamp":1041488753599009,"circlet_count":0,"master_deck":["Strike_R","Strike_R","Strike_R","Strike_R","Strike_R","Defend_R","Defend_R","Defend_R","Defend_R","Bash+1","Flex","Flex","Clash","Iron Wave+1","Demon Form","Second Wind","Berserk+1","Twin Strike"],"relics":["Burning Blood","NeowsBlessing","CultistMask","Happy Flower","Oddly Smooth Stone","Smiling Mask","Frozen Egg 2","Sozu","Sundial","Paper Frog","MawBank"],"potions_floor_usage":[13,16,23],"damage_taken":[{"damage":0,"enemies":"Jaw Worm","floor":1,"turns":1},{"damage":0,"enemies":"Cultist","floor":4,"turns":1},{"damage":0,"enemies":"2 Louse","floor":5,"turns":1},{"damage":30,"enemies":"Lagavulin","floor":7,"turns":5},{"damage":16,"enemies":"Gremlin Nob","floor":10,"turns":4},{"damage":14,"enemies":"Exordium Wildlife","floor":11,"turns":4},{"damage":22,"enemies":"Lagavulin","floor":13,"turns":5},{"damage":13,"enemies":"The Guardian","floor":16,"turns":6},{"damage":24,"enemies":"Chosen","floor":18,"turns":5},{"damage":50,"enemies":"Slavers","floor":23,"turns":7}],"seed_played":"-8604800252155577648","potions_obtained":[{"floor":7,"key":"Explosive Potion"},{"floor":11,"key":"Poison Potion"},{"floor":13,"key":"FearPotion"}],"is_trial":false,"path_per_floor":["M","?","$","M","M","R","E","R","T","E","M","R","E","?","R","B",null,"M","?","$","?","?","E"],"character_chosen":"IRONCLAD","items_purchased":["Flex","Paper Frog","MawBank"],"campfire_rested":2,"item_purchase_floors":[3,20,20],"current_hp_per_floor":[80,80,80,80,80,80,56,56,56,46,38,62,46,46,70,63,80,62,62,62,47,47,0],"gold":58,"neow_bonus":"THREE_ENEMY_KILL","is_prod":false,"is_daily":false,"chose_seed":false,"campfire_upgraded":2,"win_rate":0,"timestamp":1542310650,"path_taken":["M","?","$","M","?","R","E","R","T","E","?","R","E","?","R","BOSS","M","?","$","?","?","E"],"build_version":"2018-11-08","purchased_purges":0,"victory":false,"max_hp_per_floor":[80,80,80,80,80,80,80,80,80,80,80,80,80,80,80,80,80,80,80,80,85,85,85],"card_choices":[{"not_picked":["Armaments","Corruption"],"picked":"Flex","floor":1},{"not_picked":["Thunderclap","Pommel Strike","Metallicize"],"picked":"SKIP","floor":4},{"not_picked":["Infernal Blade","Sever Soul"],"picked":"Clash","floor":5},{"not_picked":["Thunderclap","Juggernaut"],"picked":"Iron Wave","floor":7},{"not_picked":["Rupture","Seeing Red"],"picked":"Demon Form","floor":10},{"not_picked":["Anger","Heavy Blade","Sword Boomerang"],"picked":"SKIP","floor":11},{"not_picked":["Thunderclap","Dual Wield"],"picked":"Second Wind","floor":13},{"not_picked":["Dark Embrace+1","Immolate"],"picked":"Berserk+1","floor":16},{"not_picked":["Anger+1","Pommel Strike"],"picked":"Twin Strike","floor":18}],"player_experience":271455,"relics_obtained":[{"floor":7,"key":"Happy Flower"},{"floor":9,"key":"Oddly Smooth Stone"},{"floor":10,"key":"Smiling Mask"},{"floor":13,"key":"Frozen Egg 2"}],"event_choices":[{"damage_healed":0,"gold_gain":0,"player_choice":"Trade","damage_taken":0,"relics_obtained":["CultistMask"],"max_hp_gain":0,"max_hp_loss":0,"event_name":"FaceTrader","floor":2,"gold_loss":0},{"damage_healed":0,"gold_gain":58,"player_choice":"Gained Gold","damage_taken":0,"max_hp_gain":0,"max_hp_loss":0,"event_name":"Golden Wing","floor":14,"gold_loss":0},{"damage_healed":0,"gold_gain":0,"player_choice":"Opened","damage_taken":0,"relics_obtained":["Sundial"],"max_hp_gain":0,"max_hp_loss":0,"event_name":"The Mausoleum","floor":19,"gold_loss":0},{"damage_healed":0,"gold_gain":0,"player_choice":"Shed Blood","damage_taken":20,"max_hp_gain":5,"max_hp_loss":0,"event_name":"Forgotten Altar","floor":21,"gold_loss":0},{"damage_healed":0,"gold_gain":0,"player_choice":"Ignored","damage_taken":0,"max_hp_gain":0,"max_hp_loss":0,"event_name":"Beggar","floor":22,"gold_loss":0}],"is_beta":false,"boss_relics":[{"not_picked":["Tiny House","Eternal Feather"],"picked":"Sozu"}],"items_purged_floors":[],"is_endless":false,"potions_floor_spawned":[7,11,13,18],"killed_by":"Slavers","ascension_level":4}