{"gold_per_floor":[111,111,130,146,161,161,192,192,264,264,283,293,293,293,293,293],"floor_reached":16,"playtime":3588,"items_purged":[],"score":102,"play_id":"ace09aec-358d-45bb-b0e3-cbc1c6945a14","local_time":"20190818094955","is_ascension_mode":false,"campfire_choices":[{"data":"Cleave","floor":6,"key":"SMITH"},{"floor":8,"key":"REST"},{"data":"Sword Boomerang","floor":10,"key":"SMITH"},{"data":"Pommel Strike","floor":13,"key":"SMITH"},{"floor":15,"key":"REST"}],"neow_cost":"NONE","seed_source_timestamp":1213603563877390,"circlet_count":0,"master_deck":["Strike_R","Strike_R","Strike_R","Strike_R","Strike_R","Defend_R","Defend_R","Defend_R","Bash","Hemokinesis","Sword Boomerang+1","Cleave+1","Anger","Impervious","Pommel Strike+1","Warcry"],"relics":["Burning Blood","Peace Pipe","Self Forming Clay"],"potions_floor_usage":[7,11,16,16,16],"damage_taken":[{"damage":8,"enemies":"2 Louse","floor":1,"turns":3},{"damage":6,"enemies":"Cultist","floor":3,"turns":3},{"damage":13,"enemies":"Jaw Worm","floor":4,"turns":3},{"damage":13,"enemies":"3 Louse","floor":5,"turns":3},{"damage":30,"enemies":"Gremlin Nob","floor":7,"turns":4},{"damage":11,"enemies":"Large Slime","floor":11,"turns":5},{"damage":4,"enemies":"2 Fungi Beasts","floor":12,"turns":2},{"damage":90,"enemies":"Hexaghost","floor":16,"turns":11}],"seed_played":"8294492890030143852","potions_obtained":[{"floor":1,"key":"Swift Potion"},{"floor":3,"key":"SteroidPotion"},{"floor":5,"key":"LiquidBronze"},{"floor":11,"key":"SpeedPotion"},{"floor":12,"key":"Weak Potion"}],"is_trial":false,"path_per_floor":["M","?","M","M","M","R","E","R","T","R","M","M","R","?","R","B"],"character_chosen":"IRONCLAD","items_purchased":[],"campfire_rested":2,"item_purchase_floors":[],"current_hp_per_floor":[86,86,86,79,72,72,48,74,74,74,69,71,71,71,88,0],"gold":293,"neow_bonus":"TEN_PERCENT_HP_BONUS","is_prod":false,"is_daily":false,"chose_seed":false,"campfire_upgraded":3,"win_rate":0.0,"timestamp":1566092995,"path_taken":["M","?","?","M","M","R","E","R","T","R","M","M","R","?","R","BOSS"],"build_version":"2019-07-17","purchased_purges":0,"victory":false,"max_hp_per_floor":[88,88,88,88,88,88,88,88,88,88,88,88,88,88,88,88],"card_choices":[{"not_picked":["Corruption","Bloodletting"],"picked":"Hemokinesis","floor":1},{"not_picked":["Clash","Headbutt"],"picked":"Sword Boomerang","floor":3},{"not_picked":["Feel No Pain","Hemokinesis"],"picked":"Cleave","floor":4},{"not_picked":["Flex","Blood for Blood"],"picked":"Anger","floor":5},{"not_picked":["Seeing Red","True Grit"],"picked":"Impervious","floor":7},{"not_picked":["Iron Wave","Anger"],"picked":"Pommel Strike","floor":11},{"not_picked":["Thunderclap","Dark Embrace"],"picked":"Warcry","floor":12}],"player_experience":1903,"relics_obtained":[{"floor":7,"key":"Peace Pipe"},{"floor":9,"key":"Self Forming Clay"}],"event_choices":[{"cards_removed":["Defend_R"],"damage_healed":0,"gold_gain":0,"player_choice":"Offered Basic","damage_taken":0,"max_hp_gain":0,"max_hp_loss":0,"event_name":"Bonfire Elementals","floor":2,"gold_loss":0},{"damage_healed":0,"gold_gain":0,"player_choice":"Ignored","damage_taken":0,"max_hp_gain":0,"max_hp_loss":0,"event_name":"Liars Game","floor":14,"gold_loss":0}],"is_beta":false,"boss_relics":[],"items_purged_floors":[],"is_endless":false,"potions_floor_spawned":[1,3,5,11,12],"killed_by":"Hexaghost","ascension_level":0}