{"gold_per_floor":[123,135,161,184,196,208,235,247,259,271,299,13,51,51,51,182,182,195,38,38,38,59,59,83,83,106,150,150,150,168,206,206,206],"floor_reached":33,"playtime":1431,"items_purged":[],"score":379,"play_id":"632a751f-8d72-4f45-afd5-12c3445e939b","local_time":"20181028165215","is_ascension_mode":true,"campfire_choices":[{"data":"Zap","floor":6,"key":"SMITH"},{"data":"Defragment","floor":8,"key":"SMITH"},{"data":"Dualcast","floor":10,"key":"SMITH"},{"floor":15,"key":"REST"},{"floor":23,"key":"REST"},{"floor":28,"key":"REST"},{"floor":32,"key":"REST"}],"neow_cost":"NONE","seed_source_timestamp":860566174045303,"circlet_count":0,"master_deck":["Strike_B","Strike_B","Strike_B","Strike_B","Defend_B","Defend_B","Defend_B","Zap+1","Dualcast+1","Streamline","Rebound","Ball Lightning","Defragment+1","Streamline","Go for the Eyes","Sweeping Beam","Thunder Strike","Rainbow","Leap","Storm","Gash","Reboot","Electrodynamics","Gash","Ball Lightning"],"relics":["Cracked Core","MawBank","Golden Idol","Strawberry","Blue Candle","Bottled Flame","Fusion Hammer","Anchor","PreservedInsect","Potion Belt","Pear","Omamori"],"potions_floor_usage":[3,13,13,18,27,31,33],"damage_taken":[{"damage":4,"enemies":"Small Slimes","floor":1,"turns":3},{"damage":6,"enemies":"Cultist","floor":3,"turns":3},{"damage":12,"enemies":"Jaw Worm","floor":4,"turns":2},{"damage":6,"enemies":"Looter","floor":7,"turns":2},{"damage":2,"enemies":"3 Louse","floor":11,"turns":3},{"damage":26,"enemies":"3 Sentries","floor":13,"turns":4},{"damage":39,"enemies":"Hexaghost","floor":16,"turns":7},{"damage":18,"enemies":"2 Thieves","floor":18,"turns":3},{"damage":12,"enemies":"3 Byrds","floor":22,"turns":3},{"damage":37,"enemies":"Snake Plant","floor":24,"turns":4},{"damage":0,"enemies":"Gremlin Leader","floor":27,"turns":3},{"damage":25,"enemies":"Sentry and Sphere","floor":30,"turns":4},{"damage":20,"enemies":"Book of Stabbing","floor":31,"turns":3},{"damage":75,"enemies":"Collector","floor":33,"turns":6}],"seed_played":"-6604110206825782283","potions_obtained":[{"floor":2,"key":"Fruit Juice"},{"floor":2,"key":"Poison Potion"},{"floor":2,"key":"FocusPotion"},{"floor":3,"key":"Ancient Potion"},{"floor":7,"key":"Regen Potion"},{"floor":16,"key":"Fire Potion"},{"floor":22,"key":"PowerPotion"},{"floor":24,"key":"FearPotion"}],"is_trial":false,"path_per_floor":["M","?","M","M","?","R","M","R","T","R","M","$","E","?","R","B",null,"M","$","?","?","M","R","M","?","T","E","R","?","M","E","R"],"character_chosen":"DEFECT","items_purchased":["Blue Candle","Go for the Eyes","Anchor"],"campfire_rested":4,"item_purchase_floors":[12,12,19],"current_hp_per_floor":[71,71,70,58,58,58,52,52,59,59,57,57,43,43,69,30,87,69,69,69,69,57,83,46,46,46,46,72,82,57,37,66,0],"gold":206,"neow_bonus":"RANDOM_COMMON_RELIC","is_prod":false,"is_daily":false,"chose_seed":false,"campfire_upgraded":3,"win_rate":0,"timestamp":1540741935,"path_taken":["M","?","M","M","?","R","M","R","T","R","M","$","E","?","R","BOSS","M","$","?","?","M","R","?","?","T","E","R","?","M","E","R","BOSS"],"build_version":"2018-10-25v2","purchased_purges":0,"victory":false,"max_hp_per_floor":[75,75,80,80,80,80,80,80,87,87,87,87,87,87,87,87,87,87,87,87,87,87,87,87,87,87,87,87,97,97,97,97,97],"card_choices":[{"not_picked":["Gash","Steam Power"],"picked":"Streamline","floor":1},{"not_picked":["Recycle","Stack"],"picked":"Rebound","floor":3},{"not_picked":["Reinforced Body","Cold Snap"],"picked":"Ball Lightning","floor":4},{"not_picked":["Streamline","Stack"],"picked":"Defragment","floor":7},{"not_picked":["Hologram","Cold Snap"],"picked":"Streamline","floor":11},{"not_picked":["Force Field","Chill"],"picked":"Sweeping Beam","floor":13},{"not_picked":["Echo Form","Creative AI"],"picked":"Rainbow","floor":16},{"not_picked":["Hello World","Consume"],"picked":"Leap","floor":18},{"not_picked":["Leap","Coolheaded"],"picked":"Storm","floor":22},{"not_picked":["Turbo","Barrage"],"picked":"Gash","floor":24},{"not_picked":["Go for the Eyes","Sweeping Beam"],"picked":"Electrodynamics","floor":27},{"not_picked":["Leap","Barrage"],"picked":"Gash","floor":30},{"not_picked":["FTL","Turbo"],"picked":"Ball Lightning","floor":31}],"player_experience":239345,"relics_obtained":[{"floor":9,"key":"Strawberry"},{"floor":13,"key":"Bottled Flame"},{"floor":26,"key":"PreservedInsect"},{"floor":27,"key":"Potion Belt"},{"floor":31,"key":"Omamori"}],"event_choices":[{"damage_healed":0,"gold_gain":0,"player_choice":"Got Potions","damage_taken":0,"max_hp_gain":0,"max_hp_loss":0,"event_name":"The Lab","floor":2,"gold_loss":0},{"damage_healed":0,"gold_gain":0,"player_choice":"Take Wound","damage_taken":0,"relics_obtained":["Golden Idol"],"max_hp_gain":0,"max_hp_loss":0,"event_name":"Golden Idol","floor":5,"gold_loss":0,"cards_obtained":["Injury"]},{"damage_healed":0,"gold_gain":0,"player_choice":"1 cards matched","damage_taken":0,"max_hp_gain":0,"max_hp_loss":0,"event_name":"Match and Keep!","floor":14,"gold_loss":0,"cards_obtained":["Thunder Strike"]},{"damage_healed":0,"gold_gain":0,"player_choice":"Ignored","damage_taken":0,"max_hp_gain":0,"max_hp_loss":0,"event_name":"Ghosts","floor":20,"gold_loss":0},{"cards_removed":["Injury"],"damage_healed":0,"gold_gain":0,"player_choice":"Card Removal","damage_taken":0,"max_hp_gain":0,"max_hp_loss":0,"event_name":"Wheel of Change","floor":21,"gold_loss":0},{"damage_healed":0,"gold_gain":0,"cards_transformed":["Defend_B"],"player_choice":"Transformed","damage_taken":0,"max_hp_gain":0,"max_hp_loss":0,"event_name":"Transmorgrifier","floor":25,"gold_loss":0,"cards_obtained":["Reboot"]},{"damage_healed":0,"gold_gain":0,"player_choice":"Opened","damage_taken":0,"relics_obtained":["Pear"],"max_hp_gain":0,"max_hp_loss":0,"event_name":"The Mausoleum","floor":29,"gold_loss":0}],"is_beta":false,"boss_relics":[{"not_picked":["Snecko Eye","Black Star"],"picked":"Fusion Hammer"}],"items_purged_floors":[],"is_endless":false,"potions_floor_spawned":[3,4,7,16,22,24],"killed_by":"Collector","ascension_level":3}