{"gold_per_floor":[109,109,109,124,8,8,22,36,36,36,55,86,102,127,127,229,229,244,244,256,256,270,270,301,301,301,301,301],"floor_reached":28,"playtime":1778,"items_purged":[],"score":273,"play_id":"75a7be40-c189-4cae-9aaa-283d1c9d9cba","local_time":"20190822204452","is_ascension_mode":false,"campfire_choices":[{"data":"Armaments","floor":6,"key":"SMITH"},{"data":"Rampage","floor":10,"key":"SMITH"},{"data":"Perfected Strike","floor":15,"key":"SMITH"},{"data":"Inflame","floor":23,"key":"SMITH"},{"floor":27,"key":"REST"}],"neow_cost":"NONE","seed_source_timestamp":655973857329500,"circlet_count":0,"master_deck":["Strike_R+1","Strike_R+1","Strike_R+1","Strike_R+1","Strike_R+1","Defend_R+1","Defend_R+1","Defend_R+1","Defend_R+1","Bash","Trip+1","Armaments+1","Armaments","Rampage+1","Battle Trance+1","Dropkick","Clash","Cleave","Pummel","Perfected Strike+1","Sword Boomerang","Barricade","Cleave+1","Inflame+1","Iron Wave"],"relics":["Burning Blood","Toxic Egg 2","FossilizedHelix","Dodecahedron","Runic Cube","Gremlin Horn","MutagenicStrength","War Paint"],"potions_floor_usage":[24,24],"damage_taken":[{"damage":8,"enemies":"Jaw Worm","floor":1,"turns":3},{"damage":7,"enemies":"2 Louse","floor":4,"turns":3},{"damage":0,"enemies":"Small Slimes","floor":7,"turns":3},{"damage":3,"enemies":"2 Fungi Beasts","floor":8,"turns":4},{"damage":3,"enemies":"Exordium Wildlife","floor":11,"turns":4},{"damage":17,"enemies":"Gremlin Nob","floor":12,"turns":4},{"damage":0,"enemies":"Large Slime","floor":13,"turns":3},{"damage":0,"enemies":"Lagavulin","floor":14,"turns":5},{"damage":50,"enemies":"The Guardian","floor":16,"turns":10},{"damage":10,"enemies":"Shell Parasite","floor":18,"turns":4},{"damage":30,"enemies":"2 Thieves","floor":20,"turns":3},{"damage":7,"enemies":"Chosen and Byrds","floor":22,"turns":4},{"damage":45,"enemies":"Book of Stabbing","floor":24,"turns":6},{"damage":40,"enemies":"Sentry and Sphere","floor":28,"turns":5}],"seed_played":"8738004837382545892","potions_obtained":[{"floor":7,"key":"Regen Potion"},{"floor":12,"key":"Ancient Potion"},{"floor":13,"key":"Strength Potion"}],"is_trial":false,"path_per_floor":["M","?","?","M","$","R","M","M","T","R","M","E","M","E","R","B",null,"M","?","M","?","M","R","E","?","T","R","M"],"character_chosen":"IRONCLAD","items_purchased":["Rampage","Battle Trance"],"campfire_rested":1,"item_purchase_floors":[5,5],"current_hp_per_floor":[78,78,62,61,61,61,67,70,70,70,73,62,68,74,74,30,80,76,76,52,52,51,51,12,12,12,36,0],"gold":301,"neow_bonus":"RANDOM_COLORLESS","is_prod":false,"is_daily":false,"chose_seed":false,"campfire_upgraded":4,"win_rate":0,"timestamp":1566531892,"path_taken":["M","?","?","M","$","R","M","M","T","R","M","E","M","E","R","BOSS","M","?","M","?","M","R","E","?","T","R","M"],"build_version":"2019-07-17","purchased_purges":0,"victory":false,"max_hp_per_floor":[80,80,80,80,80,80,80,80,80,80,80,80,80,80,80,80,80,80,80,80,80,80,80,80,80,80,80,80],"card_choices":[{"not_picked":["Pommel Strike","Sword Boomerang"],"picked":"Armaments","floor":1},{"not_picked":["Warcry","Brutality"],"picked":"Armaments","floor":4},{"not_picked":["Headbutt","Seeing Red"],"picked":"Dropkick","floor":7},{"not_picked":["Seeing Red","Anger"],"picked":"Clash","floor":8},{"not_picked":["Combust","Iron Wave"],"picked":"Cleave","floor":11},{"not_picked":["Entrench+1","Intimidate+1"],"picked":"Pummel","floor":12},{"not_picked":["Armaments+1","Warcry+1"],"picked":"Perfected Strike","floor":13},{"not_picked":["Headbutt","Spot Weakness+1"],"picked":"Sword Boomerang","floor":14},{"not_picked":["Impervious+1","Bludgeon"],"picked":"Barricade","floor":16},{"not_picked":["Clothesline+1","Carnage"],"picked":"Cleave+1","floor":18},{"not_picked":["Shrug It Off+1","Combust"],"picked":"Inflame","floor":20},{"not_picked":["Armaments+1","Body Slam","True Grit+1"],"picked":"SKIP","floor":22},{"not_picked":["Armaments+1","Clothesline"],"picked":"Iron Wave","floor":24}],"player_experience":26631,"relics_obtained":[{"floor":9,"key":"Toxic Egg 2"},{"floor":12,"key":"FossilizedHelix"},{"floor":14,"key":"Dodecahedron"},{"floor":24,"key":"Gremlin Horn"},{"floor":26,"key":"War Paint"}],"event_choices":[{"damage_healed":0,"gold_gain":0,"player_choice":"Leave","damage_taken":0,"max_hp_gain":0,"max_hp_loss":0,"event_name":"The Cleric","floor":2,"gold_loss":0},{"damage_healed":0,"gold_gain":0,"player_choice":"Entered Light","damage_taken":16,"max_hp_gain":0,"max_hp_loss":0,"event_name":"Shining Light","floor":3,"gold_loss":0,"cards_upgraded":["Strike_R","Defend_R"]},{"damage_healed":0,"gold_gain":0,"player_choice":"Simplicity","damage_taken":0,"max_hp_gain":0,"max_hp_loss":0,"event_name":"Back to Basics","floor":19,"gold_loss":0,"cards_upgraded":["Strike_R","Strike_R","Strike_R","Strike_R","Defend_R","Defend_R","Defend_R"]},{"damage_healed":0,"gold_gain":0,"player_choice":"Ignored","damage_taken":0,"max_hp_gain":0,"max_hp_loss":0,"event_name":"Ghosts","floor":21,"gold_loss":0},{"damage_healed":0,"gold_gain":0,"player_choice":"Inject Mutagens","damage_taken":0,"relics_obtained":["MutagenicStrength"],"max_hp_gain":0,"max_hp_loss":0,"event_name":"Drug Dealer","floor":25,"gold_loss":0}],"is_beta":false,"boss_relics":[{"not_picked":["Mark of Pain","Fusion Hammer"],"picked":"Runic Cube"}],"items_purged_floors":[],"is_endless":false,"potions_floor_spawned":[7,12,13,14,22],"killed_by":"Sentry and Sphere","ascension_level":0}