{"path_per_floor":["M","M","M","M","?","M","E","R","T","?","R","M","?","M","R"],"character_chosen":"DEFECT","items_purchased":[],"gold_per_floor":[117,127,143,154,154,172,200,200,200,200,200,225,225,240,240,240],"floor_reached":16,"campfire_rested":3,"playtime":709,"item_purchase_floors":[],"current_hp_per_floor":[74,68,61,61,61,44,9,31,31,31,53,34,19,26,48,0],"items_purged":[],"gold":240,"score":104,"play_id":"f622e5ed-5f17-4dc5-ace8-435b766183cf","local_time":"20180601184202","is_prod":false,"is_daily":false,"chose_seed":false,"is_ascension_mode":false,"campfire_upgraded":0,"win_rate":0.0,"timestamp":1527871322,"campfire_choices":[{"floor":8,"key":"REST"},{"floor":11,"key":"REST"},{"floor":15,"key":"REST"}],"path_taken":["M","M","?","M","?","M","E","R","T","?","R","M","?","M","R","BOSS"],"build_version":"2018-05-31","seed_source_timestamp":84241692091107,"purchased_purges":0,"victory":false,"master_deck":["Strike_B","Strike_B","Strike_B","Defend_B","Defend_B","Defend_B+1","Defend_B","Zap","Dualcast","Doom and Gloom","Self Repair","Streamline","Aggregate","Beam Cell","Rip and Tear","Consume","Fission+1","Injury","Chaos","Chill"],"max_hp_per_floor":[75,75,75,75,75,75,75,75,75,75,75,75,75,75,75,75],"relics":["Cracked Core","Bottled Lightning","Thread and Needle","Golden Idol"],"card_choices":[{"not_picked":["Barrage","Steam"],"picked":"Doom and Gloom","floor":0},{"not_picked":["Leap","Hello World"],"picked":"Self Repair","floor":1},{"not_picked":["Doom and Gloom","Heatsinks"],"picked":"Streamline","floor":2},{"not_picked":["Hello World","Hologram"],"picked":"Aggregate","floor":3},{"not_picked":["Coolheaded","Cold Snap"],"picked":"Beam Cell","floor":4},{"not_picked":["Melter","Seek"],"picked":"Consume","floor":6},{"not_picked":["Gash","FTL"],"picked":"Fission","floor":7},{"not_picked":["Stack","Streamline"],"picked":"Chaos","floor":12},{"not_picked":["Self Repair","Compile Driver"],"picked":"Chill","floor":14}],"player_experience":140322,"potions_floor_usage":[4,12,16],"damage_taken":[{"damage":1,"enemies":"Cultist","floor":1,"turns":3},{"damage":13,"enemies":"Jaw Worm","floor":2,"turns":4},{"damage":14,"enemies":"Small Slimes","floor":3,"turns":3},{"damage":0,"enemies":"3 Louse","floor":4,"turns":2},{"damage":17,"enemies":"Large Slime","floor":6,"turns":4},{"damage":35,"enemies":"3 Sentries","floor":7,"turns":5},{"damage":19,"enemies":"Lots of Slimes","floor":12,"turns":3},{"damage":0,"enemies":"3 Louse","floor":14,"turns":3},{"damage":51,"enemies":"Hexaghost","floor":16,"turns":9}],"relics_obtained":[{"floor":7,"key":"Bottled Lightning"},{"floor":9,"key":"Thread and Needle"}],"event_choices":[{"event_name":"Living Wall","player_choice":"Change","floor":5,"damage_taken":0},{"event_name":"Golden Idol","player_choice":"Take Wound","floor":10,"damage_taken":0},{"event_name":"Shining Light","player_choice":"Entered Light","floor":13,"damage_taken":0}],"boss_relics":[],"items_purged_floors":[],"potions_floor_spawned":[1,3,7],"seed_played":"-3209296002729403982","killed_by":"Hexaghost","ascension_level":0,"potions_obtained":[{"floor":1,"key":"GamblersBrew"},{"floor":3,"key":"PowerPotion"},{"floor":7,"key":"LiquidBronze"}],"is_trial":false}