{"path_per_floor":["M","$","?","M","M","R","?","T","T","$","?","R","E","M","R","B",null,"M","?","M","?","M","R","$","R","T","T","M","M","E","M","R","B",null,"M","?","?","M","M","R","E","R","T","M","M"],"character_chosen":"THE_SILENT","items_purchased":["All Out Attack","Dagger Spray","Apotheosis","Flying Knee","Toxic Egg 2"],"gold_per_floor":[112,24,81,91,107,107,107,160,234,22,80,80,113,130,130,230,230,248,248,266,266,281,281,42,42,93,93,112,130,157,169,169,272,302,319,319,319,329,348,348,378,378,432,445,458,458],"floor_reached":46,"campfire_rested":5,"playtime":3004,"item_purchase_floors":[2,2,10,10,24],"current_hp_per_floor":[70,70,70,70,63,63,63,63,73,73,37,76,76,75,75,61,80,41,41,27,11,8,47,47,80,80,80,73,61,16,12,51,36,85,51,51,51,31,10,50,50,50,50,38,13,0],"items_purged":[],"gold":458,"score":621,"play_id":"aadaa02f-d64b-4ff7-bdec-70ba474681e2","local_time":"20180604220244","is_prod":false,"is_daily":false,"chose_seed":false,"is_ascension_mode":true,"campfire_upgraded":3,"win_rate":0,"timestamp":1528142564,"campfire_choices":[{"data":"Dagger Spray","floor":6,"key":"SMITH"},{"floor":12,"key":"REST"},{"data":"Dagger Spray","floor":15,"key":"SMITH"},{"floor":23,"key":"REST"},{"floor":25,"key":"REST"},{"floor":32,"key":"REST"},{"floor":40,"key":"REST"},{"data":"Choke","floor":42,"key":"SMITH"}],"path_taken":["M","$","?","?","M","R","?","?","T","?","?","R","E","M","R","BOSS","M","?","M","?","M","R","?","R","T","?","?","M","E","?","R","BOSS","M","?","?","M","?","R","E","R","T","?","M","M"],"build_version":"2018-05-31","seed_source_timestamp":353197417522633,"purchased_purges":0,"victory":false,"master_deck":["Defend_G","Defend_G","Defend_G","Defend_G","Defend_G","Strike_G","Strike_G","Strike_G","Strike_G","Strike_G","Survivor","Neutralize","Dagger Spray+1","Dagger Spray+1","Night Terror+1","Dodge and Roll","Normality","Apotheosis+1","Flying Knee","Deadly Poison","Underhanded Strike","Flying Knee","Doppelganger+1","Pain","Injury","Decay","Skewer","Setup","Dagger Throw","Finisher","Crippling Poison+1","Acrobatics+1","Dash+1","Poisoned Stab","A Thousand Cuts+1","Prepared+1","Dash+1","Doppelganger+1","Choke+1","Backflip+1","Crippling Poison+1","Deadly Poison+1","Dagger Throw+1","Outmaneuver+1","Venomology+1","Crippling Poison+1","Prepared+1"],"max_hp_per_floor":[70,70,70,70,70,70,70,70,80,80,80,80,80,80,80,80,80,80,80,80,80,80,80,80,80,80,80,80,80,80,80,80,80,85,85,85,85,85,85,85,85,85,85,85,85,85],"relics":["Snecko Eye","Pantograph","Regal Pillow","Pear","Thread and Needle","Bronze Scales","Calling Bell","Ice Cream","Dream Catcher","Ornamental Fan","Enchiridion","Toxic Egg 2","War Paint","Frozen Egg 2","Bottled Flame","Tiny House","Blood Vial","Omamori"],"card_choices":[{"not_picked":["Catalyst","Calculated Gamble"],"picked":"Dagger Spray","floor":1},{"not_picked":["Cloak And Dagger","Quick Slash"],"picked":"Night Terror","floor":4},{"not_picked":["Bane","Slice"],"picked":"Dodge and Roll","floor":5},{"not_picked":["Bane","PiercingWail"],"picked":"Deadly Poison","floor":11},{"not_picked":["Quick Slash","Outmaneuver"],"picked":"Underhanded Strike","floor":13},{"not_picked":["Slice","Grand Finale"],"picked":"Flying Knee","floor":14},{"not_picked":["Grand Finale","Tactician"],"picked":"Doppelganger","floor":16},{"not_picked":["Deadly Poison+1","Acrobatics"],"picked":"Skewer","floor":18},{"not_picked":["Slice","Deflect+1"],"picked":"Dagger Throw","floor":20},{"not_picked":["Deflect","Underhanded Strike"],"picked":"Finisher","floor":22},{"not_picked":["Dagger Throw","Deadly Poison+1"],"picked":"Crippling Poison+1","floor":23},{"not_picked":["Backflip+1","Infinite Blades+1"],"picked":"Acrobatics+1","floor":25},{"not_picked":["Footwork+1","Deadly Poison+1"],"picked":"Dash+1","floor":28},{"not_picked":["Dagger Spray","Sucker Punch+1"],"picked":"Poisoned Stab","floor":29},{"not_picked":["Skewer","Noxious Fumes+1"],"picked":"A Thousand Cuts+1","floor":30},{"not_picked":["Dodge and Roll+1","Finisher"],"picked":"Prepared+1","floor":31},{"not_picked":["Cloak And Dagger+1","Quick Slash"],"picked":"Dash","floor":32},{"not_picked":["Burst+1","Corpse Explosion"],"picked":"Doppelganger+1","floor":33},{"not_picked":["Deflect+1","Dash"],"picked":"Choke","floor":34},{"not_picked":["Flying Knee+1","Bane+1"],"picked":"Backflip+1","floor":35},{"not_picked":["Distraction+1","Well Laid Plans+1"],"picked":"Deadly Poison+1","floor":38},{"not_picked":["Deadly Poison+1","Endless Agony"],"picked":"Dagger Throw+1","floor":39},{"not_picked":["Dagger Throw+1","Backstab"],"picked":"Outmaneuver+1","floor":40},{"not_picked":["Quick Slash+1","Dodge and Roll+1"],"picked":"Venomology+1","floor":41},{"not_picked":["Dagger Spray","Flying Knee+1"],"picked":"Crippling Poison+1","floor":44},{"not_picked":["Reflex+1","Dagger Spray"],"picked":"Prepared+1","floor":45}],"player_experience":149849,"potions_floor_usage":[5,16,16,20,30,33,35,41,44,44,46],"damage_taken":[{"damage":0,"enemies":"Jaw Worm","floor":1,"turns":5},{"damage":0,"enemies":"2 Louse","floor":4,"turns":3},{"damage":7,"enemies":"Cultist","floor":5,"turns":5},{"damage":36,"enemies":"Gremlin Nob","floor":11,"turns":5},{"damage":0,"enemies":"Lagavulin","floor":13,"turns":6},{"damage":1,"enemies":"Lots of Slimes","floor":14,"turns":2},{"damage":19,"enemies":"Hexaghost","floor":16,"turns":6},{"damage":39,"enemies":"3 Byrds","floor":18,"turns":4},{"damage":28,"enemies":"Shell Parasite","floor":20,"turns":5},{"damage":3,"enemies":"Sentry and Sphere","floor":22,"turns":4},{"damage":7,"enemies":"Snecko","floor":28,"turns":4},{"damage":12,"enemies":"Snake Plant","floor":29,"turns":3},{"damage":45,"enemies":"Slavers","floor":30,"turns":5},{"damage":4,"enemies":"Centurion and Healer","floor":31,"turns":6},{"damage":40,"enemies":"Collector","floor":33,"turns":10},{"damage":34,"enemies":"3 Shapes","floor":35,"turns":4},{"damage":20,"enemies":"3 Darklings","floor":38,"turns":3},{"damage":21,"enemies":"4 Shapes","floor":39,"turns":4},{"damage":0,"enemies":"2 Orb Walkers","floor":41,"turns":4},{"damage":14,"enemies":"Maw","floor":44,"turns":6},{"damage":27,"enemies":"Sphere and 2 Shapes","floor":45,"turns":5},{"damage":19,"enemies":"3 Darklings","floor":46,"turns":2}],"relics_obtained":[{"floor":8,"key":"Regal Pillow"},{"floor":9,"key":"Pear"},{"floor":11,"key":"Thread and Needle"},{"floor":13,"key":"Bronze Scales"},{"floor":17,"key":"Ice Cream"},{"floor":17,"key":"Dream Catcher"},{"floor":17,"key":"Ornamental Fan"},{"floor":21,"key":"Enchiridion"},{"floor":26,"key":"War Paint"},{"floor":27,"key":"Frozen Egg 2"},{"floor":30,"key":"Bottled Flame"},{"floor":41,"key":"Blood Vial"},{"floor":43,"key":"Omamori"}],"event_choices":[{"event_name":"Golden Wing","player_choice":"Gained Gold","floor":3,"damage_taken":0},{"event_name":"Accursed Blacksmith","player_choice":"Rummage","floor":7,"damage_taken":0},{"event_name":"Dead Adventurer","player_choice":"Searched \u00272\u0027 times","floor":11,"damage_taken":0},{"event_name":"The Library","player_choice":"Read","floor":19,"damage_taken":0},{"event_name":"Cursed Tome","player_choice":"Obtained Book","floor":21,"damage_taken":0},{"event_name":"Upgrade Shrine","player_choice":"Upgraded","floor":36,"damage_taken":0},{"event_name":"Transmorgrifier","player_choice":"Transform","floor":37,"damage_taken":0}],"boss_relics":[{"not_picked":["Astrolabe","Philosopher\u0027s Stone"],"picked":"Calling Bell"},{"not_picked":["Runic Pyramid","Black Star"],"picked":"Tiny House"}],"items_purged_floors":[],"potions_floor_spawned":[4,11,14,16,29,30,33,35,39,45],"seed_played":"4062623273451949527","killed_by":"3 Darklings","ascension_level":1,"potions_obtained":[{"floor":4,"key":"PowerPotion"},{"floor":11,"key":"GamblersBrew"},{"floor":14,"key":"Block Potion"},{"floor":16,"key":"Regen Potion"},{"floor":29,"key":"LiquidBronze"},{"floor":30,"key":"SpeedPotion"},{"floor":33,"key":"AttackPotion"},{"floor":34,"key":"LiquidBronze"},{"floor":35,"key":"Fire Potion"},{"floor":39,"key":"FearPotion"},{"floor":45,"key":"AttackPotion"}],"is_trial":false}