{"gold_per_floor":[111,131,144,144,22,22,22,22,46,64,75,92,92,192,192,293,293,309,6,21,21,21,21,40,40,67,67,67,16,27,43,43,43],"floor_reached":33,"playtime":2947,"items_purged":[],"score":237,"play_id":"9eaf0dd9-41bc-4989-a231-f7058c395f39","local_time":"20190821000934","is_ascension_mode":false,"campfire_choices":[{"data":"Searing Blow","floor":6,"key":"SMITH"},{"data":"Searing Blow+1","floor":8,"key":"SMITH"},{"floor":15,"key":"REST"},{"floor":23,"key":"REST"},{"floor":27,"key":"REST"},{"floor":32,"key":"REST"}],"neow_cost":"NONE","seed_source_timestamp":196362713535731,"circlet_count":0,"master_deck":["Strike_R","Strike_R","Strike_R","Strike_R","Strike_R","Defend_R","Defend_R","Defend_R","Defend_R+1","Body Slam","Searing Blow+2","Deep Breath","Feel No Pain","Rampage","Infernal Blade+1","Demon Form","Heavy Blade","Armaments","Madness","Fire Breathing","Fire Breathing+1","RitualDagger","Dark Embrace","Perfected Strike","Anger","Ghostly Armor","Headbutt+1"],"relics":["Burning Blood","Pen Nib","Orichalcum","Black Star","Sling","Omamori"],"potions_floor_usage":[16,16,16,30,30,30,30,31,33],"damage_taken":[{"damage":11,"enemies":"Small Slimes","floor":1,"turns":4},{"damage":15,"enemies":"Cultist","floor":2,"turns":4},{"damage":6,"enemies":"Jaw Worm","floor":3,"turns":4},{"damage":11,"enemies":"Exordium Thugs","floor":10,"turns":5},{"damage":2,"enemies":"Blue Slaver","floor":11,"turns":3},{"damage":5,"enemies":"Large Slime","floor":12,"turns":6},{"damage":61,"enemies":"The Guardian","floor":16,"turns":9},{"damage":20,"enemies":"Spheric Guardian","floor":18,"turns":5},{"damage":52,"enemies":"3 Byrds","floor":20,"turns":8},{"damage":28,"enemies":"Snecko","floor":24,"turns":6},{"damage":29,"enemies":"Centurion and Healer","floor":30,"turns":8},{"damage":16,"enemies":"Cultist and Chosen","floor":31,"turns":6},{"damage":71,"enemies":"Champ","floor":33,"turns":7}],"seed_played":"2604152162614391609","potions_obtained":[{"floor":2,"key":"Dexterity Potion"},{"floor":3,"key":"Poison Potion"},{"floor":10,"key":"Block Potion"},{"floor":12,"key":"SteroidPotion"},{"floor":24,"key":"EntropicBrew"},{"floor":30,"key":"LiquidBronze"},{"floor":31,"key":"FearPotion"}],"is_trial":false,"path_per_floor":["M","M","M","?","$","R","$","R","T","M","M","M","?","?","R","B",null,"M","$","M","?","?","R","M","?","T","R","?","$","M","M","R","B"],"character_chosen":"IRONCLAD","items_purchased":["Deep Breath","Feel No Pain","Sling","Armaments","Madness","Anger"],"campfire_rested":4,"item_purchase_floors":[5,5,19,19,19,29],"current_hp_per_floor":[75,66,66,66,66,66,66,66,66,61,65,66,50,50,74,19,80,66,66,20,46,31,56,34,28,28,53,53,53,51,41,66,0],"gold":43,"neow_bonus":"RANDOM_COMMON_RELIC","is_prod":false,"is_daily":false,"chose_seed":false,"campfire_upgraded":2,"win_rate":0.0,"timestamp":1566317374,"path_taken":["M","M","M","?","$","R","?","R","T","M","M","M","?","?","R","BOSS","M","$","M","?","?","R","?","?","T","R","?","$","M","M","R","BOSS"],"build_version":"2019-07-17","purchased_purges":0,"victory":false,"max_hp_per_floor":[80,80,80,80,80,80,80,80,80,80,80,80,80,80,80,80,80,80,80,80,80,85,85,85,85,85,85,85,85,85,85,85,85],"card_choices":[{"not_picked":["Perfected Strike","Combust"],"picked":"Body Slam","floor":1},{"not_picked":["Carnage","Bloodletting"],"picked":"Searing Blow","floor":2},{"not_picked":["Warcry","Twin Strike"],"picked":"Iron Wave","floor":3},{"not_picked":["Disarm","Headbutt"],"picked":"Rampage","floor":10},{"not_picked":["Intimidate","Fire Breathing"],"picked":"Infernal Blade","floor":11},{"not_picked":["Ghostly Armor","Perfected Strike"],"picked":"Thunderclap","floor":12},{"not_picked":["Impervious","Bludgeon"],"picked":"Demon Form","floor":16},{"not_picked":["Thunderclap","Iron Wave"],"picked":"Heavy Blade","floor":18},{"not_picked":["Sword Boomerang+1","Iron Wave+1"],"picked":"Fire Breathing","floor":20},{"not_picked":["Armaments","Warcry"],"picked":"Fire Breathing+1","floor":24},{"not_picked":["Power Through","Rupture"],"picked":"Ghostly Armor","floor":30},{"not_picked":["Heavy Blade","Corruption"],"picked":"Headbutt+1","floor":31}],"player_experience":32432,"relics_obtained":[{"floor":9,"key":"Orichalcum"},{"floor":26,"key":"Omamori"}],"event_choices":[{"cards_removed":["Bash"],"damage_healed":0,"gold_gain":0,"player_choice":"Offered Basic","damage_taken":0,"max_hp_gain":0,"max_hp_loss":0,"event_name":"Bonfire Elementals","floor":4,"gold_loss":0},{"damage_healed":0,"gold_gain":0,"player_choice":"Entered Light","damage_taken":16,"max_hp_gain":0,"max_hp_loss":0,"event_name":"Shining Light","floor":13,"gold_loss":0,"cards_upgraded":["Infernal Blade","Defend_R"]},{"damage_healed":0,"gold_gain":100,"player_choice":"Pray","damage_taken":0,"max_hp_gain":0,"max_hp_loss":0,"event_name":"Golden Shrine","floor":14,"gold_loss":0},{"damage_healed":26,"gold_gain":0,"player_choice":"Heal","damage_taken":0,"max_hp_gain":0,"max_hp_loss":0,"event_name":"The Library","floor":21,"gold_loss":0},{"damage_healed":0,"gold_gain":0,"player_choice":"Shed Blood","damage_taken":20,"max_hp_gain":5,"max_hp_loss":0,"event_name":"Forgotten Altar","floor":22,"gold_loss":0},{"damage_healed":0,"gold_gain":0,"player_choice":"Joined the Cult","damage_taken":6,"max_hp_gain":0,"max_hp_loss":0,"event_name":"Nest","floor":25,"gold_loss":0,"cards_obtained":["RitualDagger"]},{"damage_healed":0,"gold_gain":0,"cards_transformed":["Thunderclap","Iron Wave"],"player_choice":"Became Test Subject","damage_taken":0,"max_hp_gain":0,"max_hp_loss":0,"event_name":"Drug Dealer","floor":28,"gold_loss":0,"cards_obtained":["Dark Embrace","Perfected Strike"]}],"is_beta":false,"boss_relics":[{"not_picked":["Mark of Pain","Busted Crown"],"picked":"Black Star"}],"items_purged_floors":[],"is_endless":false,"potions_floor_spawned":[2,3,10,12,24,30,31],"killed_by":"Champ","ascension_level":0}