{"gold_per_floor":[115,115,131,12,25,60,60,85,85,85,114,134,209,220,220,220],"floor_reached":16,"playtime":964,"items_purged":[],"score":174,"play_id":"0a8ec9b1-8a1b-4fb4-8027-d69cc3173ce1","local_time":"20190824225315","is_ascension_mode":true,"campfire_choices":[{"floor":7,"key":"REST"},{"floor":10,"key":"REST"},{"floor":15,"key":"REST"}],"neow_cost":"NONE","seed_source_timestamp":435945275400900,"circlet_count":0,"master_deck":["Strike_R","Strike_R","Strike_R","Strike_R","Strike_R","Defend_R","Defend_R","Defend_R","Defend_R","Bash","Combust","Perfected Strike","Rupture","Shrug It Off","Bludgeon","Heavy Blade","Flame Barrier","Perfected Strike","Flame Barrier","Blood for Blood"],"relics":["Burning Blood","Thread and Needle","Charon\u0027s Ashes","Champion Belt","Bottled Lightning"],"potions_floor_usage":[16,16],"damage_taken":[{"damage":5,"enemies":"Jaw Worm","floor":1,"turns":5},{"damage":2,"enemies":"Cultist","floor":3,"turns":3},{"damage":4,"enemies":"2 Louse","floor":5,"turns":3},{"damage":61,"enemies":"Lagavulin","floor":6,"turns":7},{"damage":25,"enemies":"Gremlin Nob","floor":8,"turns":4},{"damage":16,"enemies":"3 Sentries","floor":11,"turns":5},{"damage":5,"enemies":"Large Slime","floor":12,"turns":6},{"damage":4,"enemies":"Blue Slaver","floor":14,"turns":3},{"damage":58,"enemies":"Slime Boss","floor":16,"turns":7}],"seed_played":"-2051896636630716016","potions_obtained":[{"floor":8,"key":"Poison Potion"},{"floor":11,"key":"EssenceOfSteel"},{"floor":14,"key":"Swift Potion"}],"is_trial":false,"path_per_floor":["M","?","M","$","M","E","R","E","T","R","E","M","?","M","R","B"],"character_chosen":"IRONCLAD","items_purchased":["Shrug It Off","Bludgeon"],"campfire_rested":3,"item_purchase_floors":[4,4],"current_hp_per_floor":[73,73,77,77,79,24,48,29,29,53,43,44,33,35,59,1],"gold":220,"neow_bonus":"THREE_CARDS","is_prod":false,"is_daily":false,"chose_seed":false,"campfire_upgraded":0,"win_rate":0,"timestamp":1566712395,"path_taken":["M","?","?","?","M","E","R","E","T","R","E","M","?","M","R","BOSS"],"build_version":"2019-07-17","purchased_purges":0,"victory":false,"max_hp_per_floor":[80,80,80,80,80,80,80,80,80,80,80,80,80,80,80,80],"card_choices":[{"not_picked":["Clothesline","True Grit"],"picked":"Combust","floor":0},{"not_picked":["Headbutt","Sentinel"],"picked":"Perfected Strike","floor":1},{"not_picked":["Combust","Heavy Blade"],"picked":"Rupture","floor":3},{"not_picked":["Corruption","Feel No Pain"],"picked":"Heavy Blade","floor":5},{"not_picked":["Reckless Charge","Rampage"],"picked":"Flame Barrier","floor":6},{"not_picked":["Searing Blow","Shockwave"],"picked":"Perfected Strike","floor":8},{"not_picked":["Twin Strike","Flex"],"picked":"Flame Barrier","floor":11},{"not_picked":["Pommel Strike","Feel No Pain"],"picked":"Blood for Blood","floor":12},{"not_picked":["Headbutt","Dual Wield","Havoc"],"picked":"SKIP","floor":14}],"player_experience":156834,"relics_obtained":[{"floor":6,"key":"Thread and Needle"},{"floor":8,"key":"Charon\u0027s Ashes"},{"floor":9,"key":"Champion Belt"},{"floor":11,"key":"Bottled Lightning"}],"event_choices":[{"damage_healed":0,"gold_gain":0,"player_choice":"Bought 0 Potions","damage_taken":0,"max_hp_gain":0,"max_hp_loss":0,"event_name":"The Woman in Blue","floor":2,"gold_loss":0},{"damage_healed":0,"gold_gain":75,"player_choice":"Gather Gold","damage_taken":11,"max_hp_gain":0,"max_hp_loss":0,"event_name":"World of Goop","floor":13,"gold_loss":0}],"is_beta":false,"boss_relics":[],"items_purged_floors":[],"is_endless":false,"potions_floor_spawned":[8,11,14],"killed_by":"Slime Boss","ascension_level":9}