{"gold_per_floor":[113,213,233,233,51,51,78,78,78,111,129,149,149,159,159,234,234,247,247,262,262],"floor_reached":21,"playtime":1072,"items_purged":[],"score":407,"play_id":"05b6ab84-1f9f-47eb-95ee-9071cbfb19c1","local_time":"20190830120657","is_ascension_mode":true,"campfire_choices":[{"data":"Transmutation","floor":6,"key":"SMITH"},{"data":"Armaments","floor":13,"key":"SMITH"},{"floor":15,"key":"REST"}],"neow_cost":"NONE","seed_source_timestamp":915461722338800,"circlet_count":0,"master_deck":["AscendersBane","Strike_R","Strike_R","Strike_R","Strike_R","Strike_R","Defend_R","Defend_R","Defend_R","Bash","Armaments+1","Anger","Transmutation+1","Wild Strike","Clothesline","Wild Strike","Double Tap","Feed","Power Through+1","Transmutation+1"],"relics":["Burning Blood","NeowsBlessing","Regal Pillow","PreservedInsect","Pear","Snecko Eye"],"potions_floor_usage":[10,20],"damage_taken":[{"damage":0,"enemies":"2 Louse","floor":1,"turns":1},{"damage":0,"enemies":"Cultist","floor":3,"turns":1},{"damage":0,"enemies":"3 Sentries","floor":7,"turns":1},{"damage":24,"enemies":"Gremlin Nob","floor":10,"turns":4},{"damage":3,"enemies":"Small Slimes","floor":11,"turns":2},{"damage":15,"enemies":"2 Fungi Beasts","floor":12,"turns":3},{"damage":26,"enemies":"Lots of Slimes","floor":14,"turns":5},{"damage":55,"enemies":"The Guardian","floor":16,"turns":10},{"damage":19,"enemies":"3 Byrds","floor":18,"turns":5},{"damage":53,"enemies":"Chosen","floor":20,"turns":7},{"damage":31,"enemies":"Centurion and Healer","floor":21,"turns":5}],"seed_played":"3917867467064654707","potions_obtained":[{"floor":3,"key":"Fire Potion"},{"floor":8,"key":"FairyPotion"},{"floor":10,"key":"Dexterity Potion"},{"floor":16,"key":"Regen Potion"}],"is_trial":false,"path_per_floor":["M","?","M","?","$","R","E","?","T","E","M","M","R","M","R","B",null,"M","?","M","M"],"character_chosen":"IRONCLAD","items_purchased":["Transmutation"],"campfire_rested":1,"item_purchase_floors":[5],"current_hp_per_floor":[74,74,75,68,68,68,74,74,74,66,69,60,60,40,80,31,72,59,59,27,8],"gold":262,"neow_bonus":"THREE_ENEMY_KILL","is_prod":false,"is_daily":false,"chose_seed":false,"campfire_upgraded":2,"win_rate":0,"timestamp":1567192017,"path_taken":["M","?","?","?","$","R","E","?","T","E","?","M","R","M","R","BOSS","M","?","?","M"],"build_version":"2019-07-17","purchased_purges":0,"victory":false,"max_hp_per_floor":[75,75,75,75,75,75,75,75,75,85,85,85,85,85,85,85,85,85,85,85,85],"card_choices":[{"not_picked":["Cleave","Perfected Strike"],"picked":"Armaments","floor":1},{"not_picked":["Cleave","Headbutt"],"picked":"Anger","floor":3},{"not_picked":["Armaments","Rupture"],"picked":"Wild Strike","floor":7},{"not_picked":["Flex","Twin Strike"],"picked":"Clothesline","floor":10},{"not_picked":["Sword Boomerang","Clothesline"],"picked":"Wild Strike","floor":11},{"not_picked":["Body Slam","True Grit"],"picked":"Double Tap","floor":12},{"not_picked":["Searing Blow","Pommel Strike","Clothesline"],"picked":"SKIP","floor":14},{"not_picked":["Impervious","Berserk"],"picked":"Feed","floor":16},{"not_picked":["Rampage","Warcry"],"picked":"Power Through+1","floor":18},{"not_picked":["Wild Strike","Iron Wave+1","Sever Soul"],"picked":"SKIP","floor":20}],"player_experience":319873,"relics_obtained":[{"floor":7,"key":"Regal Pillow"},{"floor":9,"key":"PreservedInsect"},{"floor":10,"key":"Pear"}],"event_choices":[{"damage_healed":0,"gold_gain":100,"player_choice":"Gold","damage_taken":0,"max_hp_gain":0,"max_hp_loss":0,"event_name":"Wheel of Change","floor":2,"gold_loss":0},{"cards_removed":["Defend_R"],"damage_healed":0,"gold_gain":0,"player_choice":"Card Removal","damage_taken":7,"max_hp_gain":0,"max_hp_loss":0,"event_name":"Golden Wing","floor":4,"gold_loss":0},{"damage_healed":0,"gold_gain":0,"player_choice":"Got Potions","damage_taken":0,"max_hp_gain":0,"max_hp_loss":0,"event_name":"Lab","floor":8,"gold_loss":0},{"damage_healed":0,"gold_gain":0,"player_choice":"Copied","damage_taken":0,"max_hp_gain":0,"max_hp_loss":0,"event_name":"Duplicator","floor":19,"gold_loss":0,"cards_obtained":["Transmutation"]}],"is_beta":false,"boss_relics":[{"not_picked":["Runic Dome","Pandora\u0027s Box"],"picked":"Snecko Eye"}],"items_purged_floors":[],"is_endless":false,"potions_floor_spawned":[3,10,11,12,16],"killed_by":"Centurion and Healer","ascension_level":18}