{"gold_per_floor":[115,130,146,146,156,491,491,525,548,548,548,13,27,46,46,46],"floor_reached":16,"playtime":931,"items_purged":[],"score":202,"play_id":"ea388190-f45c-421f-b0ab-998b9b2e7cdf","local_time":"20190829163541","is_ascension_mode":true,"campfire_choices":[{"data":"Clothesline","floor":7,"key":"SMITH"},{"floor":15,"key":"REST"}],"neow_cost":"CURSE","seed_source_timestamp":845331327941900,"circlet_count":0,"master_deck":["AscendersBane","Strike_R","Strike_R","Strike_R","Strike_R","Strike_R","Defend_R","Defend_R","Defend_R","Defend_R","Bash","Decay","Offering","Clothesline+1","Metallicize","Warcry","Seeing Red","Anger","Feel No Pain","Immolate","Corruption","Armaments","Battle Trance"],"relics":["Burning Blood","Old Coin","Regal Pillow","Centennial Puzzle","Singing Bowl"],"potions_floor_usage":[6,8,14],"damage_taken":[{"damage":9,"enemies":"2 Louse","floor":1,"turns":3},{"damage":6,"enemies":"Cultist","floor":2,"turns":3},{"damage":2,"enemies":"Small Slimes","floor":3,"turns":3},{"damage":11,"enemies":"Looter","floor":5,"turns":4},{"damage":27,"enemies":"Gremlin Nob","floor":6,"turns":5},{"damage":41,"enemies":"Lagavulin","floor":8,"turns":6},{"damage":5,"enemies":"Blue Slaver","floor":13,"turns":5},{"damage":37,"enemies":"Gremlin Gang","floor":14,"turns":5},{"damage":42,"enemies":"Hexaghost","floor":16,"turns":11}],"seed_played":"2415137897108694989","potions_obtained":[{"floor":5,"key":"AttackPotion"},{"floor":6,"key":"SkillPotion"},{"floor":13,"key":"SpeedPotion"}],"is_trial":false,"path_per_floor":["M","M","M","?","M","E","R","E","T","?","?","$","M","M","R","B"],"character_chosen":"IRONCLAD","items_purchased":["Singing Bowl","Immolate","Corruption","Armaments"],"campfire_rested":1,"item_purchase_floors":[12,12,12,12],"current_hp_per_floor":[65,65,69,75,70,49,49,14,14,14,39,39,42,11,49,7],"gold":46,"neow_bonus":"THREE_RARE_CARDS","is_prod":false,"is_daily":false,"chose_seed":false,"campfire_upgraded":1,"win_rate":0,"timestamp":1567121741,"path_taken":["M","M","M","?","?","E","R","E","T","?","?","$","M","M","R","BOSS"],"build_version":"2019-07-17","purchased_purges":0,"victory":false,"max_hp_per_floor":[75,75,75,75,75,75,75,75,75,75,75,75,77,77,77,77],"card_choices":[{"not_picked":["Dark Embrace","Impervious"],"picked":"Offering","floor":0},{"not_picked":["Pommel Strike","Thunderclap"],"picked":"Clothesline","floor":1},{"not_picked":["Armaments","Perfected Strike"],"picked":"Metallicize","floor":2},{"not_picked":["Thunderclap","True Grit"],"picked":"Warcry","floor":3},{"not_picked":["Twin Strike","Inflame"],"picked":"Seeing Red","floor":5},{"not_picked":["Hemokinesis","Flex"],"picked":"Anger","floor":6},{"not_picked":["Uppercut","Headbutt"],"picked":"Feel No Pain","floor":8},{"not_picked":["Wild Strike","Perfected Strike","Havoc"],"picked":"Singing Bowl","floor":13},{"not_picked":["Feel No Pain","Whirlwind"],"picked":"Battle Trance","floor":14}],"player_experience":305233,"relics_obtained":[{"floor":6,"key":"Old Coin"},{"floor":8,"key":"Regal Pillow"},{"floor":9,"key":"Centennial Puzzle"}],"event_choices":[{"damage_healed":6,"gold_gain":0,"player_choice":"Full Heal","damage_taken":0,"max_hp_gain":0,"max_hp_loss":0,"event_name":"Wheel of Change","floor":4,"gold_loss":0},{"damage_healed":0,"gold_gain":0,"player_choice":"Ignored","damage_taken":0,"max_hp_gain":0,"max_hp_loss":0,"event_name":"Shining Light","floor":10,"gold_loss":0},{"damage_healed":25,"gold_gain":0,"player_choice":"Banana","damage_taken":0,"max_hp_gain":0,"max_hp_loss":0,"event_name":"Big Fish","floor":11,"gold_loss":0}],"is_beta":false,"boss_relics":[],"items_purged_floors":[],"is_endless":false,"potions_floor_spawned":[5,6,13],"killed_by":"Hexaghost","ascension_level":16}