{"gold_per_floor":[218,236,253,253,253,253,99,125,125,125,48,58,68,68,68,166,166,182,182,182,211,230,258,258,458,458,358,358,208,227,262,262,362,362,382,395,411,427,444,444,444,463,463,463,483,497,517,537,537,537],"floor_reached":51,"playtime":3552,"items_purged":["Strike_G","Strike_G+1"],"score":758,"play_id":"9274aff8-6f7b-47ae-979f-9b3a621d3548","local_time":"20181229224304","is_ascension_mode":true,"campfire_choices":[{"data":"Noxious Fumes","floor":6,"key":"SMITH"},{"floor":10,"key":"REST"},{"floor":15,"key":"REST"},{"floor":24,"key":"REST"},{"data":"Backflip","floor":28,"key":"SMITH"},{"floor":32,"key":"REST"},{"floor":40,"key":"REST"},{"data":"Adrenaline","floor":44,"key":"SMITH"},{"data":"Footwork","floor":49,"key":"SMITH"}],"neow_cost":"NONE","seed_source_timestamp":44095462525518,"circlet_count":0,"master_deck":["Defend_G+1","Defend_G+1","Defend_G+1","Defend_G+1","Defend_G+1","Strike_G+1","Strike_G+1","Survivor","Neutralize","Noxious Fumes+1","Poisoned Stab","Sucker Punch","Catalyst+1","PiercingWail","Well Laid Plans","Dagger Throw","Backflip+1","Corpse Explosion","Backflip","Acrobatics+1","Adrenaline","Leg Sweep","Catalyst+1","Adrenaline+1","Parasite","Parasite","Catalyst+1","Footwork+1"],"relics":["Ring of the Snake","Nunchaku","Bottled Flame","Sozu","MutagenicStrength","Red Mask","Matryoshka","Dodecahedron","Bottled Tornado","Happy Flower","Singing Bowl","Cursed Key","Paper Crane","Toxic Egg 2"],"potions_floor_usage":[16,16,50],"damage_taken":[{"damage":1,"enemies":"Jaw Worm","floor":1,"turns":6},{"damage":19,"enemies":"Small Slimes","floor":2,"turns":6},{"damage":0,"enemies":"Cultist","floor":3,"turns":4},{"damage":23,"enemies":"3 Sentries","floor":8,"turns":9},{"damage":5,"enemies":"Exordium Wildlife","floor":12,"turns":4},{"damage":9,"enemies":"2 Fungi Beasts","floor":13,"turns":4},{"damage":10,"enemies":"Hexaghost","floor":16,"turns":9},{"damage":2,"enemies":"Shell Parasite","floor":18,"turns":6},{"damage":1,"enemies":"Masked Bandits","floor":21,"turns":3},{"damage":3,"enemies":"2 Thieves","floor":22,"turns":3},{"damage":18,"enemies":"Book of Stabbing","floor":23,"turns":6},{"damage":7,"enemies":"Shelled Parasite and Fungi","floor":30,"turns":4},{"damage":8,"enemies":"Gremlin Leader","floor":31,"turns":6},{"damage":33,"enemies":"Collector","floor":33,"turns":8},{"damage":0,"enemies":"Orb Walker","floor":35,"turns":3},{"damage":0,"enemies":"3 Shapes","floor":36,"turns":3},{"damage":0,"enemies":"Jaw Worm Horde","floor":37,"turns":2},{"damage":2,"enemies":"Writhing Mass","floor":38,"turns":5},{"damage":17,"enemies":"Spire Growth","floor":39,"turns":4},{"damage":0,"enemies":"3 Darklings","floor":42,"turns":2},{"damage":0,"enemies":"Writhing Mass","floor":45,"turns":4},{"damage":0,"enemies":"Jaw Worm Horde","floor":46,"turns":1},{"damage":0,"enemies":"3 Darklings","floor":47,"turns":2},{"damage":0,"enemies":"Transient","floor":48,"turns":5},{"damage":16,"enemies":"Donu and Deca","floor":50,"turns":5}],"seed_played":"-3461565334282151337","potions_obtained":[{"floor":3,"key":"SpeedPotion"},{"floor":8,"key":"SkillPotion"},{"floor":12,"key":"Ancient Potion"}],"is_trial":false,"path_per_floor":["M","M","M","?","?","R","$","E","T","R","$","M","M","?","R","B",null,"M","?","?","?","M","E","R","?","T","$","R","$","M","E","R","B",null,"M","M","M","M","M","R","?","M","T","R","M","M","M","M","R","B",null],"character_chosen":"THE_SILENT","items_purchased":["Catalyst","Well Laid Plans","Happy Flower"],"campfire_rested":5,"item_purchase_floors":[7,11,29],"current_hp_per_floor":[69,50,50,70,70,70,70,47,47,68,68,63,54,54,70,60,70,68,68,68,67,64,46,67,67,67,67,67,67,60,54,72,39,72,74,76,78,78,61,80,80,80,80,80,80,82,84,84,84,68],"gold":537,"neow_bonus":"HUNDRED_GOLD","is_prod":false,"is_daily":false,"chose_seed":false,"campfire_upgraded":4,"win_rate":0,"timestamp":1546090984,"path_taken":["M","M","M","?","?","R","$","E","T","R","?","M","M","?","R","BOSS","M","?","?","?","M","E","R","?","T","$","R","$","M","E","R","BOSS","M","M","M","?","M","R","?","?","T","R","M","?","M","M","R","BOSS"],"build_version":"2018-12-20","purchased_purges":2,"victory":true,"max_hp_per_floor":[70,70,70,70,70,70,70,70,70,70,70,70,70,70,70,70,70,70,70,70,70,70,70,70,70,70,70,70,70,70,72,72,72,72,74,76,78,80,80,80,80,80,80,80,80,82,84,84,84,84],"card_choices":[{"not_picked":["Sucker Punch","Accuracy"],"picked":"Noxious Fumes","floor":1},{"not_picked":["Skewer","Dodge and Roll"],"picked":"Poisoned Stab","floor":2},{"not_picked":["Outmaneuver","Calculated Gamble"],"picked":"Sucker Punch","floor":3},{"not_picked":["Finisher","Dagger Spray"],"picked":"PiercingWail","floor":8},{"not_picked":["Riddle With Holes","Eviscerate"],"picked":"Dagger Throw","floor":12},{"not_picked":["Dash","Bane"],"picked":"Backflip","floor":13},{"not_picked":["Malaise","Envenom"],"picked":"Corpse Explosion","floor":16},{"not_picked":["PiercingWail","Finisher"],"picked":"Backflip","floor":18},{"not_picked":["Dagger Spray","Poisoned Stab+1"],"picked":"Acrobatics+1","floor":22},{"not_picked":["Underhanded Strike","Tools of the Trade","Dash+1"],"picked":"SKIP","floor":23},{"not_picked":["Well Laid Plans","Sucker Punch","Calculated Gamble"],"picked":"SKIP","floor":30},{"not_picked":["Dodge and Roll+1","Endless Agony","Corpse Explosion"],"picked":"Singing Bowl","floor":31},{"not_picked":["A Thousand Cuts","Die Die Die"],"picked":"Adrenaline","floor":33},{"not_picked":["Dagger Throw","Backflip","Bane+1"],"picked":"Singing Bowl","floor":35},{"not_picked":["Flechettes+1","Reflex","Cloak And Dagger"],"picked":"Singing Bowl","floor":36},{"not_picked":["Predator","Dodge and Roll","Heel Hook"],"picked":"Singing Bowl","floor":37},{"not_picked":["Endless Agony+1","Backflip","Caltrops"],"picked":"Singing Bowl","floor":38},{"not_picked":["Flechettes+1","Bane"],"picked":"Leg Sweep","floor":39},{"not_picked":["Backstab","Flying Knee"],"picked":"Adrenaline","floor":42},{"not_picked":["Outmaneuver+1","Dodge and Roll+1"],"picked":"Catalyst+1","floor":45},{"not_picked":["Blur+1","Crippling Poison+1","Backflip+1"],"picked":"Singing Bowl","floor":46},{"not_picked":["Predator+1","Bane+1","Cloak And Dagger+1"],"picked":"Singing Bowl","floor":47},{"not_picked":["Prepared+1","Terror+1"],"picked":"Footwork","floor":48}],"player_experience":55830,"relics_obtained":[{"floor":8,"key":"Nunchaku"},{"floor":9,"key":"Bottled Flame"},{"floor":21,"key":"Red Mask"},{"floor":23,"key":"Matryoshka"},{"floor":26,"key":"Dodecahedron"},{"floor":26,"key":"Bottled Tornado"},{"floor":31,"key":"Singing Bowl"},{"floor":43,"key":"Paper Crane"},{"floor":43,"key":"Toxic Egg 2"}],"event_choices":[{"damage_healed":23,"gold_gain":0,"player_choice":"Banana","damage_taken":0,"max_hp_gain":0,"max_hp_loss":0,"event_name":"Big Fish","floor":4,"gold_loss":0},{"cards_removed":["Strike_G"],"damage_healed":0,"gold_gain":0,"player_choice":"Forget","damage_taken":0,"max_hp_gain":0,"max_hp_loss":0,"event_name":"Living Wall","floor":5,"gold_loss":0},{"damage_healed":0,"gold_gain":0,"player_choice":"Upgraded","damage_taken":0,"max_hp_gain":0,"max_hp_loss":0,"event_name":"Upgrade Shrine","floor":14,"gold_loss":0,"cards_upgraded":["Catalyst"]},{"damage_healed":0,"gold_gain":0,"player_choice":"Inject Mutagens","damage_taken":0,"relics_obtained":["MutagenicStrength"],"max_hp_gain":0,"max_hp_loss":0,"event_name":"Drug Dealer","floor":19,"gold_loss":0},{"damage_healed":0,"gold_gain":0,"player_choice":"Simplicity","damage_taken":0,"max_hp_gain":0,"max_hp_loss":0,"event_name":"Back to Basics","floor":20,"gold_loss":0,"cards_upgraded":["Defend_G","Defend_G","Defend_G","Defend_G","Defend_G","Strike_G","Strike_G","Strike_G"]},{"damage_healed":0,"gold_gain":0,"player_choice":"Fought Bandits","damage_taken":0,"max_hp_gain":0,"max_hp_loss":0,"event_name":"Masked Bandits","floor":21,"gold_loss":0},{"damage_healed":0,"gold_gain":200,"player_choice":"Gold","damage_taken":0,"max_hp_gain":0,"max_hp_loss":0,"event_name":"Wheel of Change","floor":25,"gold_loss":0},{"damage_healed":0,"gold_gain":0,"player_choice":"Copied","damage_taken":0,"max_hp_gain":0,"max_hp_loss":0,"event_name":"Duplicator","floor":41,"gold_loss":0,"cards_obtained":["Catalyst"]}],"is_beta":false,"boss_relics":[{"not_picked":["White Beast Statue","Orrery"],"picked":"Sozu"},{"not_picked":["Snecko Eye","Velvet Choker"],"picked":"Cursed Key"}],"items_purged_floors":[7,27],"is_endless":false,"potions_floor_spawned":[3,8,12,21,22,31,35,39,45],"ascension_level":2}