{"gold_per_floor":[113,113,12,23,23,54,54,129,129,139,174,194,221,234,234,339,339,349,57,57,90,90,120,120,147,147,147,123,148,167,186,186,284,284,298,298,298,316,61,96,96,129,153,166,166,166,166,183,183,183,183,183,183,213,213],"floor_reached":55,"playtime":7642,"items_purged":[],"score":1159,"play_id":"763a847e-17a7-4fec-a9b0-0dfad52d94b3","local_time":"20190629222935","is_ascension_mode":true,"campfire_choices":[{"data":"Buffer","floor":7,"key":"SMITH"},{"data":"Consume","floor":15,"key":"SMITH"},{"data":"Amplify","floor":24,"key":"SMITH"},{"data":"Storm","floor":27,"key":"SMITH"},{"data":"Hologram","floor":32,"key":"SMITH"},{"data":"Secret Technique","floor":41,"key":"SMITH"},{"floor":46,"key":"RECALL"},{"data":"Go for the Eyes","floor":49,"key":"SMITH"},{"data":"Defragment","floor":52,"key":"SMITH"}],"neow_cost":"NONE","seed_source_timestamp":254183864494903,"circlet_count":0,"master_deck":["Zap+1","Force Field","Amplify+1","Genetic Algorithm","Buffer+1","Chill","Thunder Strike","Storm+1","Glacier","Undo","Rebound","Self Repair","Lockon","Consume+1","Auto Shields","Static Discharge","Tempest","Coolheaded","Echo Form","Go for the Eyes+1","Turbo","Thinking Ahead","Defragment+1","FTL","Defragment+1","Turbo","Hologram+1","Turbo+1","Creative AI","Fission+1","Storm","Good Instincts","Coolheaded+1","Secret Technique+1","Loop","Turbo+1","Aggregate"],"relics":["Pandora\u0027s Box","Shuriken","Pocketwatch","Dodecahedron","Pen Nib","Inserter","Red Mask","Happy Flower","Gremlin Horn","Bird Faced Urn","Busted Crown","Mercury Hourglass","Bag of Marbles","Dream Catcher","DataDisk"],"potions_floor_usage":[4,29,33,55,55,55],"damage_taken":[{"damage":0,"enemies":"2 Louse","floor":1,"turns":6},{"damage":0,"enemies":"Small Slimes","floor":4,"turns":4},{"damage":29,"enemies":"Gremlin Nob","floor":6,"turns":6},{"damage":0,"enemies":"Jaw Worm","floor":10,"turns":4},{"damage":0,"enemies":"3 Sentries","floor":11,"turns":7},{"damage":2,"enemies":"Blue Slaver","floor":12,"turns":4},{"damage":0,"enemies":"Gremlin Nob","floor":13,"turns":4},{"damage":11,"enemies":"Looter","floor":14,"turns":3},{"damage":0,"enemies":"Slime Boss","floor":16,"turns":8},{"damage":0,"enemies":"Spheric Guardian","floor":18,"turns":3},{"damage":8,"enemies":"Masked Bandits","floor":21,"turns":3},{"damage":8,"enemies":"Slavers","floor":23,"turns":4},{"damage":0,"enemies":"Gremlin Leader","floor":25,"turns":6},{"damage":24,"enemies":"Slavers","floor":29,"turns":5},{"damage":15,"enemies":"Shell Parasite","floor":30,"turns":4},{"damage":2,"enemies":"Snecko","floor":31,"turns":4},{"damage":7,"enemies":"Collector","floor":33,"turns":7},{"damage":0,"enemies":"Orb Walker","floor":35,"turns":3},{"damage":15,"enemies":"3 Darklings","floor":38,"turns":4},{"damage":41,"enemies":"Reptomancer","floor":40,"turns":4},{"damage":0,"enemies":"Nemesis","floor":42,"turns":5},{"damage":13,"enemies":"Spire Growth","floor":44,"turns":3},{"damage":0,"enemies":"Sphere and 2 Shapes","floor":48,"turns":3},{"damage":19,"enemies":"Donu and Deca","floor":50,"turns":5},{"damage":43,"enemies":"Shield and Spear","floor":54,"turns":3},{"damage":74,"enemies":"The Heart","floor":55,"turns":3}],"seed_played":"2523916154981770137","potions_obtained":[{"floor":1,"key":"Fire Potion"},{"floor":10,"key":"Energy Potion"},{"floor":11,"key":"Strength Potion"},{"floor":12,"key":"FocusPotion"},{"floor":13,"key":"PowerPotion"},{"floor":29,"key":"FearPotion"},{"floor":30,"key":"SpeedPotion"},{"floor":33,"key":"SteroidPotion"},{"floor":35,"key":"EssenceOfSteel"}],"is_trial":false,"path_per_floor":["M","?","$","M","?","E","R","?","T","M","E","M","E","M","R","B",null,"M","$","?","?","?","E","R","E","T","R","$","E","M","M","R","B",null,"M","?","?","M","$","E","R","E","T","M","?","R","$","M","R","B",null,"R","$","E","B"],"character_chosen":"DEFECT","items_purchased":["Rebound","Self Repair","Turbo","Thinking Ahead","Defragment","Hologram","Secret Technique","Loop"],"campfire_rested":0,"item_purchase_floors":[3,3,19,19,19,28,39,39],"current_hp_per_floor":[75,75,75,75,68,53,53,42,42,56,70,75,75,71,71,75,75,75,75,75,74,74,73,73,75,75,75,75,65,66,74,74,75,75,75,75,75,75,75,53,53,75,75,70,70,70,70,75,75,75,75,75,75,56,0],"gold":213,"neow_bonus":"BOSS_RELIC","is_prod":false,"is_daily":false,"chose_seed":false,"campfire_upgraded":8,"win_rate":0,"timestamp":1561861775,"path_taken":["M","?","$","M","?","E","R","?","T","M","E","M","E","M","R","BOSS","M","$","?","?","?","E","R","E","T","R","?","E","M","?","R","BOSS","M","?","?","M","$","E","R","E","T","M","?","R","$","M","R","BOSS","R","$","E","BOSS"],"build_version":"2019-01-23","purchased_purges":0,"victory":false,"max_hp_per_floor":[75,75,75,75,75,75,75,75,75,75,75,75,75,75,75,75,75,75,75,75,75,75,75,75,75,75,75,75,75,75,75,75,75,75,75,75,75,75,75,75,75,75,75,75,75,75,75,75,75,75,75,75,75,75,75],"card_choices":[{"not_picked":["Recycle","Coolheaded"],"picked":"Undo","floor":1},{"not_picked":["Glacier","Beam Cell"],"picked":"FTL","floor":4},{"not_picked":["Compile Driver","Doom and Gloom"],"picked":"Lockon","floor":6},{"not_picked":["Leap","Conserve Battery"],"picked":"Consume","floor":10},{"not_picked":["Recycle","Beam Cell"],"picked":"Auto Shields","floor":11},{"not_picked":["Barrage","Compile Driver"],"picked":"Static Discharge","floor":12},{"not_picked":["Conserve Battery","Static Discharge"],"picked":"Tempest","floor":13},{"not_picked":["Gash","Rebound"],"picked":"Coolheaded","floor":14},{"not_picked":["Meteor Strike","Biased Cognition"],"picked":"Echo Form","floor":16},{"not_picked":["Hello World+1","Beam Cell"],"picked":"Go for the Eyes","floor":18},{"not_picked":["Chaos","Gash"],"picked":"FTL","floor":21},{"not_picked":["Double Energy","Steam+1"],"picked":"Defragment+1","floor":23},{"not_picked":["Coolheaded","Rebound"],"picked":"Turbo","floor":25},{"not_picked":["Steam","Genetic Algorithm"],"picked":"Turbo+1","floor":29},{"not_picked":["Aggregate","Hello World"],"picked":"Creative AI","floor":30},{"not_picked":["Streamline","Coolheaded","Gash"],"picked":"SKIP","floor":31},{"not_picked":["Amplify","Echo Form"],"picked":"Fission","floor":33},{"not_picked":[],"picked":"Storm","floor":35},{"not_picked":[],"picked":"Good Instincts","floor":36},{"not_picked":[],"picked":"Coolheaded+1","floor":38},{"not_picked":[],"picked":"Turbo+1","floor":40},{"not_picked":[],"picked":"Aggregate","floor":42},{"not_picked":["Cold Snap"],"picked":"SKIP","floor":44},{"not_picked":["Cold Snap"],"picked":"SKIP","floor":44},{"not_picked":["Barrage+1"],"picked":"SKIP","floor":48},{"not_picked":["Meteor Strike"],"picked":"SKIP","floor":54}],"player_experience":142837,"relics_obtained":[{"floor":6,"key":"Shuriken"},{"floor":9,"key":"Pocketwatch"},{"floor":11,"key":"Dodecahedron"},{"floor":13,"key":"Pen Nib"},{"floor":21,"key":"Red Mask"},{"floor":23,"key":"Happy Flower"},{"floor":25,"key":"Gremlin Horn"},{"floor":29,"key":"Bird Faced Urn"},{"floor":40,"key":"Mercury Hourglass"},{"floor":42,"key":"Bag of Marbles"},{"floor":43,"key":"Dream Catcher"},{"floor":54,"key":"DataDisk"}],"event_choices":[{"damage_healed":0,"gold_gain":0,"player_choice":"Grow","damage_taken":0,"max_hp_gain":0,"max_hp_loss":0,"event_name":"Living Wall","floor":2,"gold_loss":0,"cards_upgraded":["Zap"]},{"cards_removed":["Dualcast"],"damage_healed":0,"gold_gain":0,"player_choice":"Card Removal","damage_taken":7,"max_hp_gain":0,"max_hp_loss":0,"event_name":"Golden Wing","floor":5,"gold_loss":0},{"damage_healed":0,"gold_gain":75,"player_choice":"Gather Gold","damage_taken":11,"max_hp_gain":0,"max_hp_loss":0,"event_name":"World of Goop","floor":8,"gold_loss":0},{"damage_healed":0,"gold_gain":0,"player_choice":"Ignored","damage_taken":0,"max_hp_gain":0,"max_hp_loss":0,"event_name":"Beggar","floor":20,"gold_loss":0},{"damage_healed":0,"gold_gain":0,"player_choice":"Fought Bandits","damage_taken":0,"max_hp_gain":0,"max_hp_loss":0,"event_name":"Masked Bandits","floor":21,"gold_loss":0},{"damage_healed":0,"gold_gain":0,"player_choice":"Ignored","damage_taken":0,"max_hp_gain":0,"max_hp_loss":0,"event_name":"Vampires","floor":22,"gold_loss":0},{"damage_healed":0,"gold_gain":0,"player_choice":"Memory 1","damage_taken":0,"max_hp_gain":0,"max_hp_loss":0,"event_name":"SensoryStone","floor":36,"gold_loss":0},{"cards_removed":["FTL"],"damage_healed":0,"gold_gain":0,"player_choice":"Removed Attack","damage_taken":0,"max_hp_gain":0,"max_hp_loss":0,"event_name":"Falling","floor":37,"gold_loss":0},{"damage_healed":0,"gold_gain":0,"player_choice":"Upgraded","damage_taken":0,"max_hp_gain":0,"max_hp_loss":0,"event_name":"Upgrade Shrine","floor":45,"gold_loss":0,"cards_upgraded":["Fission"]}],"is_beta":false,"boss_relics":[{"not_picked":["White Beast Statue","Tiny House"],"picked":"Inserter"},{"not_picked":["Calling Bell","Lizard Tail"],"picked":"Busted Crown"}],"items_purged_floors":[],"is_endless":false,"potions_floor_spawned":[1,10,11,12,13,25,29,30,33,35,38],"killed_by":"The Heart","ascension_level":4}