{"gold_per_floor":[117,117,42,42,57,57,88,107,188,199,213,213,213,42,42,142,142,160,160,178,277,277,225,252,252,277,293,293,293,311,328,328,427,427,442,454,454,467,467,467,467,467,467,479,355,355,366,25,25,25],"floor_reached":51,"playtime":2152,"items_purged":["Strike_B","Strike_B","Parasite","Hyperbeam"],"score":721,"play_id":"d9c1d7e7-0898-4247-808b-9f0990d06652","local_time":"20181231221602","is_ascension_mode":true,"campfire_choices":[{"data":"Defragment","floor":6,"key":"SMITH"},{"floor":15,"key":"REST"},{"floor":25,"key":"REST"},{"floor":29,"key":"REST"},{"floor":32,"key":"REST"},{"data":"Static Discharge","floor":40,"key":"SMITH"},{"data":"Zap","floor":42,"key":"SMITH"},{"data":"Static Discharge","floor":49,"key":"SMITH"}],"neow_cost":"NONE","seed_source_timestamp":196459326342071,"circlet_count":0,"master_deck":["Defend_B+1","Defend_B+1","Defend_B+1","Defend_B+1","Zap+1","Dualcast","Ball Lightning","Ball Lightning","Defragment+1","Ball Lightning","Static Discharge+1","Reboot+1","Steam+1","Reinforced Body+1","Self Repair","Conserve Battery+1","BootSequence+1","Blind+1","Tempest+1","Steam Power+1","Static Discharge+1"],"relics":["Cracked Core","Happy Flower","Toxic Egg 2","Centennial Puzzle","Empty Cage","Du-Vu Doll","MutagenicStrength","Kunai","Smiling Mask","Velvet Choker","Dead Branch","Lee\u0027s Waffle"],"potions_floor_usage":[31,33,33,50,50,50],"damage_taken":[{"damage":0,"enemies":"Small Slimes","floor":1,"turns":2},{"damage":1,"enemies":"Cultist","floor":5,"turns":3},{"damage":14,"enemies":"Gremlin Nob","floor":7,"turns":3},{"damage":1,"enemies":"Jaw Worm","floor":8,"turns":3},{"damage":2,"enemies":"Blue Slaver","floor":10,"turns":2},{"damage":11,"enemies":"2 Fungi Beasts","floor":11,"turns":3},{"damage":32,"enemies":"The Guardian","floor":16,"turns":6},{"damage":30,"enemies":"2 Thieves","floor":18,"turns":4},{"damage":5,"enemies":"Chosen","floor":20,"turns":3},{"damage":29,"enemies":"Gremlin Leader","floor":24,"turns":5},{"damage":7,"enemies":"Centurion and Healer","floor":27,"turns":6},{"damage":5,"enemies":"Snake Plant","floor":30,"turns":4},{"damage":11,"enemies":"Shelled Parasite and Fungi","floor":31,"turns":5},{"damage":62,"enemies":"Automaton","floor":33,"turns":11},{"damage":13,"enemies":"3 Darklings","floor":35,"turns":5},{"damage":13,"enemies":"3 Shapes","floor":36,"turns":3},{"damage":0,"enemies":"Writhing Mass","floor":38,"turns":6},{"damage":3,"enemies":"Jaw Worm Horde","floor":44,"turns":6},{"damage":35,"enemies":"Spire Growth","floor":47,"turns":5},{"damage":44,"enemies":"Time Eater","floor":50,"turns":9}],"seed_played":"4748035535429337369","potions_obtained":[{"floor":7,"key":"Weak Potion"},{"floor":10,"key":"GamblersBrew"},{"floor":11,"key":"SpeedPotion"},{"floor":30,"key":"Weak Potion"},{"floor":31,"key":"Swift Potion"},{"floor":38,"key":"EssenceOfSteel"},{"floor":47,"key":"Fire Potion"}],"is_trial":false,"path_per_floor":["M","?","$","?","M","R","E","M","T","M","M","?","?","$","R","B",null,"M","?","M","?","?","$","E","R","T","M","?","R","M","M","R","B",null,"M","M","?","M","?","R","?","R","T","M","$","?","M","$","R","B",null],"character_chosen":"DEFECT","items_purchased":["Static Discharge","Steam+1","Tempest+1","Static Discharge","Lee\u0027s Waffle","Dexterity Potion"],"campfire_rested":4,"item_purchase_floors":[14,23,45,48,48,48],"current_hp_per_floor":[75,75,75,75,74,74,60,59,59,57,46,46,39,39,61,29,75,45,45,40,40,40,40,11,33,33,26,26,48,50,46,68,13,75,69,56,56,63,63,63,63,63,63,67,67,67,39,75,75,38],"gold":25,"neow_bonus":"REMOVE_CARD","is_prod":false,"is_daily":false,"chose_seed":false,"campfire_upgraded":4,"win_rate":0,"timestamp":1546262162,"path_taken":["M","?","?","?","?","R","E","M","T","M","M","?","?","$","R","BOSS","M","?","?","?","?","$","E","R","T","M","?","R","M","M","R","BOSS","M","M","?","M","?","R","?","R","T","M","?","?","M","$","R","BOSS"],"build_version":"2018-12-20","purchased_purges":4,"victory":true,"max_hp_per_floor":[75,75,75,75,75,75,75,75,75,75,75,75,75,75,75,75,75,75,75,75,75,75,75,75,75,75,75,75,75,75,75,75,75,75,75,75,75,75,71,71,71,71,71,71,68,68,68,75,75,75],"card_choices":[{"not_picked":["Leap","Rebound"],"picked":"Ball Lightning","floor":1},{"not_picked":["Sunder","Gash","Chill"],"picked":"SKIP","floor":5},{"not_picked":["Streamline","Scrape"],"picked":"Hyperbeam","floor":7},{"not_picked":["Rip and Tear","Barrage","Gash"],"picked":"SKIP","floor":8},{"not_picked":["Hologram+1","Ball Lightning"],"picked":"Storm","floor":10},{"not_picked":["Sweeping Beam","Beam Cell"],"picked":"Ball Lightning","floor":11},{"not_picked":["Fission+1","Multi-Cast+1"],"picked":"Reboot+1","floor":16},{"not_picked":["Ball Lightning","Coolheaded+1","Heatsinks"],"picked":"SKIP","floor":18},{"not_picked":["Hologram+1","Ball Lightning","Redo+1"],"picked":"SKIP","floor":20},{"not_picked":["Redo+1","Heatsinks"],"picked":"Reinforced Body+1","floor":24},{"not_picked":["Chill+1","Reboot+1"],"picked":"Self Repair","floor":27},{"not_picked":["Gash+1","Hologram+1","Streamline"],"picked":"SKIP","floor":30},{"not_picked":["Ball Lightning+1","Streamline+1"],"picked":"Conserve Battery+1","floor":31},{"not_picked":["Barrage+1","Cold Snap","Undo+1"],"picked":"SKIP","floor":35},{"not_picked":["Double Energy+1","Gash+1"],"picked":"BootSequence+1","floor":36},{"not_picked":["Mayhem","Dramatic Entrance"],"picked":"Blind+1","floor":37},{"not_picked":["Melter","Go for the Eyes+1","Darkness+1"],"picked":"SKIP","floor":38},{"not_picked":["Streamline","Barrage+1","Redo+1"],"picked":"SKIP","floor":44},{"not_picked":["Compile Driver+1","Force Field+1"],"picked":"Steam Power+1","floor":47}],"player_experience":85219,"relics_obtained":[{"floor":7,"key":"Happy Flower"},{"floor":9,"key":"Toxic Egg 2"},{"floor":24,"key":"Kunai"},{"floor":26,"key":"Smiling Mask"},{"floor":43,"key":"Dead Branch"}],"event_choices":[{"damage_healed":0,"gold_gain":0,"player_choice":"Bought 0 Potions","damage_taken":0,"max_hp_gain":0,"max_hp_loss":0,"event_name":"The Woman in Blue","floor":2,"gold_loss":0},{"damage_healed":0,"gold_gain":0,"player_choice":"2 cards matched","damage_taken":0,"max_hp_gain":0,"max_hp_loss":0,"event_name":"Match and Keep!","floor":4,"gold_loss":0,"cards_obtained":["Ball Lightning","Defragment"]},{"damage_healed":0,"gold_gain":0,"player_choice":"Ignored","damage_taken":0,"max_hp_gain":0,"max_hp_loss":0,"event_name":"Golden Idol","floor":12,"gold_loss":0},{"damage_healed":0,"gold_gain":0,"player_choice":"Success","damage_taken":7,"relics_obtained":["Centennial Puzzle"],"max_hp_gain":0,"max_hp_loss":0,"event_name":"Scrap Ooze","floor":13,"gold_loss":0},{"damage_healed":0,"gold_gain":0,"player_choice":"Gave Potion","damage_taken":0,"relics_obtained":["Du-Vu Doll"],"max_hp_gain":0,"max_hp_loss":0,"event_name":"WeMeetAgain","floor":19,"gold_loss":0},{"damage_healed":0,"gold_gain":99,"player_choice":"Stole From Cult","damage_taken":0,"max_hp_gain":0,"max_hp_loss":0,"event_name":"Nest","floor":21,"gold_loss":0},{"damage_healed":0,"gold_gain":0,"player_choice":"Inject Mutagens","damage_taken":0,"relics_obtained":["MutagenicStrength"],"max_hp_gain":0,"max_hp_loss":0,"event_name":"Drug Dealer","floor":22,"gold_loss":0},{"damage_healed":0,"gold_gain":0,"player_choice":"Simplicity","damage_taken":0,"max_hp_gain":0,"max_hp_loss":0,"event_name":"Back to Basics","floor":28,"gold_loss":0,"cards_upgraded":["Defend_B","Defend_B","Defend_B","Defend_B"]},{"damage_healed":0,"gold_gain":0,"player_choice":"Memory 1","damage_taken":0,"max_hp_gain":0,"max_hp_loss":0,"event_name":"SensoryStone","floor":37,"gold_loss":0},{"damage_healed":0,"gold_gain":0,"player_choice":"Max HP","damage_taken":0,"max_hp_gain":0,"max_hp_loss":4,"event_name":"Winding Halls","floor":39,"gold_loss":0},{"damage_healed":0,"gold_gain":0,"player_choice":"Ignored","damage_taken":0,"max_hp_gain":0,"max_hp_loss":0,"event_name":"Tomb of Lord Red Mask","floor":41,"gold_loss":0},{"damage_healed":0,"gold_gain":0,"player_choice":"Ignored","damage_taken":0,"max_hp_gain":0,"max_hp_loss":0,"event_name":"Mysterious Sphere","floor":46,"gold_loss":0}],"is_beta":false,"boss_relics":[{"not_picked":["Orrery","Coffee Dripper"],"picked":"Empty Cage"},{"not_picked":["Snecko Eye","Eternal Feather"],"picked":"Velvet Choker"}],"items_purged_floors":[3,14,45,48],"is_endless":false,"potions_floor_spawned":[7,10,11,18,30,31,38,47],"ascension_level":1}