{"gold_per_floor":[113,124,424,424,64,64,64,64,90,130,142,187,215,243,255,267],"floor_reached":16,"playtime":730,"items_purged":["Regret"],"score":225,"play_id":"51d55553-4d6d-44b2-8e5f-7206d360c212","local_time":"20190829220732","is_ascension_mode":true,"campfire_choices":[{"data":"Magnetism","floor":6,"key":"SMITH"},{"data":"Feed","floor":8,"key":"SMITH"},{"data":"Hemokinesis","floor":11,"key":"SMITH"},{"data":"True Grit","floor":15,"key":"SMITH"}],"neow_cost":"PERCENT_DAMAGE","seed_source_timestamp":865413998498000,"circlet_count":0,"master_deck":["AscendersBane","Strike_R","Strike_R","Strike_R","Strike_R","Defend_R","Defend_R","Defend_R","Defend_R","Bash","Hemokinesis+1","Shrug It Off","Feed+1","Magnetism+1","Feel No Pain","Seeing Red","True Grit","True Grit+1"],"special_seed":0,"relics":["Burning Blood","Old Coin","MawBank","Centennial Puzzle","Oddly Smooth Stone"],"potions_floor_usage":[12,16,16],"damage_taken":[{"damage":7.0,"enemies":"Cultist","floor":1.0,"turns":4.0},{"damage":4.0,"enemies":"Small Slimes","floor":2.0,"turns":4.0},{"damage":17,"enemies":"Lagavulin","floor":10,"turns":6},{"damage":32,"enemies":"Gremlin Nob","floor":12,"turns":4},{"damage":0,"enemies":"Jaw Worm","floor":13,"turns":6},{"damage":2,"enemies":"Large Slime","floor":14,"turns":4},{"damage":57,"enemies":"Slime Boss","floor":16,"turns":6}],"seed_played":"-5970085569136428698","potions_obtained":[{"floor":1.0,"key":"EssenceOfSteel"},{"floor":10,"key":"Strength Potion"},{"floor":12,"key":"SkillPotion"}],"is_trial":false,"path_per_floor":["M","M","?","?","$","R","$","R","T","E","R","E","M","M","R","B"],"character_chosen":"IRONCLAD","items_purchased":["Magnetism","Feel No Pain"],"campfire_rested":0,"item_purchase_floors":[5,5],"current_hp_per_floor":[63,65,65,65,65,65,65,65,65,58,58,32,42,50,50,0],"gold":267,"neow_bonus":"TWENTY_PERCENT_HP_BONUS","is_prod":false,"is_daily":false,"chose_seed":false,"campfire_upgraded":4,"win_rate":0,"timestamp":1567141652,"path_taken":["M","M","?","?","?","R","$","R","T","E","R","E","M","M","R","BOSS"],"build_version":"2019-07-17","purchased_purges":1,"victory":false,"max_hp_per_floor":[89,89,89,89,89,89,89,89,89,93,93,93,97,101,101,101],"card_choices":[{"not_picked":["Corruption","Havoc"],"picked":"Hemokinesis","floor":1.0},{"not_picked":["Wild Strike","True Grit"],"picked":"Shrug It Off","floor":2.0},{"not_picked":["Sword Boomerang","Sever Soul"],"picked":"Seeing Red","floor":10},{"not_picked":["Heavy Blade","Sentinel"],"picked":"True Grit","floor":12},{"not_picked":["Searing Blow","Twin Strike","Fire Breathing"],"picked":"SKIP","floor":13},{"not_picked":["Whirlwind","Pummel"],"picked":"True Grit","floor":14}],"player_experience":314297,"relics_obtained":[{"floor":9,"key":"MawBank"},{"floor":10,"key":"Centennial Puzzle"},{"floor":12,"key":"Oddly Smooth Stone"}],"event_choices":[{"damage_healed":0.0,"max_hp_gain":0.0,"max_hp_loss":0.0,"gold_gain":0.0,"event_name":"Big Fish","player_choice":"Box","floor":3.0,"gold_loss":0.0,"damage_taken":0.0,"relics_obtained":["Old Coin"],"cards_obtained":["Regret"]},{"damage_healed":0.0,"max_hp_gain":0.0,"max_hp_loss":0.0,"gold_gain":0.0,"cards_transformed":["Strike_R"],"event_name":"Living Wall","player_choice":"Change","floor":4.0,"gold_loss":0.0,"damage_taken":0.0,"cards_obtained":["Feed"]}],"is_beta":false,"boss_relics":[],"items_purged_floors":[5],"is_endless":false,"potions_floor_spawned":[1,10,12],"killed_by":"Slime Boss","ascension_level":17}