{"gold_per_floor":[114,114,289,304,304,304,4,4,79,79,94,109,124,124,124,224,224,239,254,179,104,108,108,8,8,8,8,8,8,23,23,23,123,123,138,13,28,128,128,128,158,173,173,188,128,128,143,143,143,143],"floor_reached":51,"playtime":4588,"items_purged":["Headbutt","Rage+1","Outmaneuver+1"],"score":861,"play_id":"365fe364-765a-4dc7-a908-6c0049f4b7ee","local_time":"20190702192640","daily_mods":["Draft","Red Cards","Binary"],"is_ascension_mode":false,"campfire_choices":[{"data":"Noxious Fumes","floor":6,"key":"SMITH"},{"data":"Noxious Fumes","floor":8,"key":"SMITH"},{"data":"Tactician","floor":10,"key":"SMITH"},{"floor":15,"key":"REST"},{"data":"Acrobatics","floor":23,"key":"SMITH"},{"data":"Body Slam","floor":25,"key":"SMITH"},{"data":"Backflip","floor":27,"key":"SMITH"},{"data":"Backflip","floor":32,"key":"SMITH"},{"floor":40,"key":"REST"},{"floor":46,"key":"REST"},{"floor":49,"key":"REST"}],"neow_cost":"","seed_source_timestamp":1167611863011957,"circlet_count":0,"master_deck":["Tactician+1","Noxious Fumes+1","Backflip+1","Body Slam+1","Prepared","Acrobatics+1","Prepared","Backflip+1","Noxious Fumes+1","Tactician+1"],"special_seed":18079,"relics":["Ring of the Snake","Calipers","Tough Bandages","Mercury Hourglass","Empty Cage","Red Mask","Incense Burner","Fusion Hammer","Bird Faced Urn","Ancient Tea Set","Paper Crane"],"potions_floor_usage":[],"damage_taken":[{"damage":4,"enemies":"Small Slimes","floor":1,"turns":4},{"damage":2,"enemies":"Jaw Worm","floor":4,"turns":4},{"damage":0,"enemies":"2 Louse","floor":11,"turns":3},{"damage":0,"enemies":"Large Slime","floor":12,"turns":3},{"damage":7,"enemies":"Looter","floor":13,"turns":3},{"damage":3,"enemies":"Slime Boss","floor":16,"turns":5},{"damage":0,"enemies":"Shell Parasite","floor":18,"turns":2},{"damage":0,"enemies":"Chosen","floor":19,"turns":2},{"damage":0,"enemies":"Masked Bandits","floor":22,"turns":1},{"damage":0,"enemies":"Centurion and Healer","floor":30,"turns":1},{"damage":0,"enemies":"Automaton","floor":33,"turns":1},{"damage":0,"enemies":"Orb Walker","floor":35,"turns":1},{"damage":0,"enemies":"3 Shapes","floor":37,"turns":1},{"damage":0,"enemies":"Mind Bloom Boss Battle","floor":38,"turns":1},{"damage":0,"enemies":"Reptomancer","floor":41,"turns":1},{"damage":0,"enemies":"3 Darklings","floor":42,"turns":1},{"damage":0,"enemies":"Writhing Mass","floor":44,"turns":1},{"damage":0,"enemies":"Spire Growth","floor":47,"turns":1},{"damage":0,"enemies":"Donu and Deca","floor":50,"turns":1}],"seed_played":"-3418930284357478111","potions_obtained":[{"floor":4,"key":"GhostInAJar"},{"floor":12,"key":"Poison Potion"},{"floor":22,"key":"PowerPotion"},{"floor":33,"key":"Weak Potion"},{"floor":37,"key":"EssenceOfSteel"},{"floor":47,"key":"GamblersBrew"}],"is_trial":false,"path_per_floor":["M","?","?","M","?","R","$","R","T","R","M","M","M","?","R","B",null,"M","M","?","$","?","R","$","R","T","R","?","$","M","?","R","B",null,"M","$","M","?","?","R","E","M","T","M","?","R","M","$","R","B",null],"character_chosen":"THE_SILENT","items_purchased":["Tough Bandages"],"campfire_rested":4,"item_purchase_floors":[7],"current_hp_per_floor":[66,59,59,57,50,50,50,50,50,50,50,50,43,29,50,47,70,70,70,70,70,70,70,70,70,70,70,70,70,70,70,70,70,70,70,70,70,70,66,66,66,66,66,66,66,66,66,66,66,66],"gold":143,"neow_bonus":"","is_prod":false,"is_daily":true,"chose_seed":false,"campfire_upgraded":7,"win_rate":0,"timestamp":1562063200,"path_taken":["M","?","?","M","?","R","$","R","T","R","M","M","M","?","R","BOSS","M","M","?","$","?","R","?","R","T","R","?","$","?","?","R","BOSS","M","$","?","?","?","R","E","M","T","?","?","R","M","?","R","BOSS"],"build_version":"2019-01-23","purchased_purges":3,"victory":true,"max_hp_per_floor":[70,70,70,70,70,70,70,70,70,70,70,70,70,70,70,70,70,70,70,70,70,70,70,70,70,70,70,70,70,70,70,70,70,70,70,70,70,70,66,66,66,66,66,66,66,66,66,66,66,66],"card_choices":[{"not_picked":["Dodge and Roll","Clothesline"],"picked":"Tactician","floor":0},{"not_picked":["Dodge and Roll","Slice"],"picked":"Outmaneuver","floor":0},{"not_picked":["Backstab","Quick Slash"],"picked":"Noxious Fumes","floor":0},{"not_picked":["Ghostly Armor","True Grit"],"picked":"Pommel Strike","floor":0},{"not_picked":["Heavy Blade","Infernal Blade"],"picked":"Rage","floor":0},{"not_picked":["Slice","Acrobatics"],"picked":"Backflip","floor":0},{"not_picked":["Thunderclap","Poisoned Stab"],"picked":"Headbutt","floor":0},{"not_picked":["Bouncing Flask","Underhanded Strike"],"picked":"Body Slam","floor":0},{"not_picked":["Poisoned Stab","Twin Strike"],"picked":"Prepared","floor":0},{"not_picked":["Perfected Strike","Warcry"],"picked":"Acrobatics","floor":0},{"not_picked":["Warcry","Setup"],"picked":"Prepared","floor":0},{"not_picked":["Perfected Strike","Blade Dance"],"picked":"Shrug It Off","floor":0},{"not_picked":["Cloak And Dagger","Corruption"],"picked":"Backflip","floor":0},{"not_picked":["Warcry","Havoc"],"picked":"Noxious Fumes","floor":0},{"not_picked":["Iron Wave","Thunderclap"],"picked":"Terror","floor":0},{"not_picked":["Poisoned Stab","Feel No Pain"],"picked":"SKIP","floor":1},{"not_picked":["Prepared","Anger"],"picked":"SKIP","floor":4},{"not_picked":["Clash","Prepared"],"picked":"SKIP","floor":11},{"not_picked":["Armaments","Ghostly Armor"],"picked":"SKIP","floor":12},{"not_picked":["True Grit","Slice"],"picked":"SKIP","floor":13},{"not_picked":["Clash","Armaments"],"picked":"SKIP","floor":18},{"not_picked":["PiercingWail","Body Slam"],"picked":"SKIP","floor":19},{"not_picked":["Sword Boomerang","Wild Strike"],"picked":"SKIP","floor":30},{"not_picked":["Sword Boomerang","Wild Strike"],"picked":"SKIP","floor":30},{"not_picked":["Wild Strike+1","Prepared+1"],"picked":"SKIP","floor":35},{"not_picked":["Dagger Spray","Havoc"],"picked":"SKIP","floor":37},{"not_picked":["Blur","Clash+1"],"picked":"SKIP","floor":41},{"not_picked":["Pommel Strike+1","Anger+1"],"picked":"SKIP","floor":42},{"not_picked":["Brutality","Warcry"],"picked":"SKIP","floor":44},{"not_picked":["Dagger Spray","PiercingWail+1"],"picked":"SKIP","floor":47}],"player_experience":156211,"relics_obtained":[{"floor":9,"key":"Mercury Hourglass"},{"floor":22,"key":"Red Mask"},{"floor":26,"key":"Incense Burner"},{"floor":38,"key":"Bird Faced Urn"},{"floor":41,"key":"Ancient Tea Set"},{"floor":43,"key":"Paper Crane"}],"event_choices":[{"damage_healed":0,"gold_gain":0,"player_choice":"Success","damage_taken":7,"relics_obtained":["Calipers"],"max_hp_gain":0,"max_hp_loss":0,"event_name":"Scrap Ooze","floor":2,"gold_loss":0},{"damage_healed":0,"gold_gain":175,"player_choice":"AGREE","damage_taken":0,"max_hp_gain":0,"max_hp_loss":0,"event_name":"Liars Game","floor":3,"gold_loss":0,"cards_obtained":["Doubt"]},{"cards_removed":["Doubt"],"damage_healed":0,"gold_gain":0,"player_choice":"Card Removal","damage_taken":7,"max_hp_gain":0,"max_hp_loss":0,"event_name":"Golden Wing","floor":5,"gold_loss":0},{"damage_healed":0,"gold_gain":0,"player_choice":"Entered Light","damage_taken":14,"max_hp_gain":0,"max_hp_loss":0,"event_name":"Shining Light","floor":14,"gold_loss":0,"cards_upgraded":["Outmaneuver","Rage"]},{"cards_removed":["Pommel Strike"],"damage_healed":0,"gold_gain":0,"player_choice":"Gave Gold","damage_taken":0,"max_hp_gain":0,"max_hp_loss":0,"event_name":"Beggar","floor":20,"gold_loss":75},{"damage_healed":0,"gold_gain":0,"player_choice":"Fought Bandits","damage_taken":0,"max_hp_gain":0,"max_hp_loss":0,"event_name":"Masked Bandits","floor":22,"gold_loss":0},{"damage_healed":0,"gold_gain":0,"player_choice":"Read","damage_taken":0,"max_hp_gain":0,"max_hp_loss":0,"event_name":"The Library","floor":28,"gold_loss":0,"cards_obtained":["Well Laid Plans"]},{"damage_healed":0,"gold_gain":0,"player_choice":"Copied","damage_taken":0,"max_hp_gain":0,"max_hp_loss":0,"event_name":"Duplicator","floor":31,"gold_loss":0,"cards_obtained":["Tactician"]},{"damage_healed":0,"gold_gain":0,"player_choice":"Fight","damage_taken":0,"max_hp_gain":0,"max_hp_loss":0,"event_name":"MindBloom","floor":38,"gold_loss":0},{"damage_healed":0,"gold_gain":0,"player_choice":"Max HP","damage_taken":0,"max_hp_gain":0,"max_hp_loss":4,"event_name":"Winding Halls","floor":39,"gold_loss":0},{"cards_removed":["Well Laid Plans"],"damage_healed":0,"gold_gain":0,"player_choice":"Single Remove","damage_taken":0,"max_hp_gain":0,"max_hp_loss":0,"event_name":"Designer","floor":45,"gold_loss":60}],"is_beta":false,"boss_relics":[{"not_picked":["Black Star","Coffee Dripper"],"picked":"Empty Cage"},{"not_picked":["Cursed Key","Philosopher\u0027s Stone"],"picked":"Fusion Hammer"}],"items_purged_floors":[21,24,36],"is_endless":false,"potions_floor_spawned":[4,12,22,33,37,38,41,44,47],"ascension_level":0}