{"gold_per_floor":[117,129,129,54,64,64,64,64,64,80,95,95,95,124,124,124],"floor_reached":16,"playtime":773,"items_purged":["Strike_B"],"score":100,"play_id":"90a62075-a39b-4213-bcd2-88a6b35977db","local_time":"20190813214056","is_ascension_mode":false,"campfire_choices":[{"data":"Chill","floor":6,"key":"SMITH"},{"floor":8,"key":"RECALL"},{"data":"Coolheaded","floor":12,"key":"SMITH"},{"floor":15,"key":"REST"}],"neow_cost":"NONE","seed_source_timestamp":1875837844359871,"circlet_count":0,"master_deck":["Strike_B","Strike_B","Strike_B","Defend_B","Defend_B+1","Defend_B","Defend_B","Zap","Dualcast","Cold Snap+1","Chill+1","Coolheaded+1"],"relics":["Cracked Core","Gremlin Horn","Ornamental Fan"],"potions_floor_usage":[14,16],"damage_taken":[{"damage":0,"enemies":"Small Slimes","floor":1,"turns":4},{"damage":0,"enemies":"2 Louse","floor":2,"turns":2},{"damage":4,"enemies":"Jaw Worm","floor":5,"turns":4},{"damage":2,"enemies":"Large Slime","floor":10,"turns":5},{"damage":0,"enemies":"Blue Slaver","floor":11,"turns":4},{"damage":20,"enemies":"Lagavulin","floor":14,"turns":9},{"damage":83,"enemies":"Hexaghost","floor":16,"turns":16}],"seed_played":"975571047437681025","potions_obtained":[{"floor":5,"key":"AttackPotion"},{"floor":10,"key":"FairyPotion"},{"floor":11,"key":"PowerPotion"}],"is_trial":false,"path_per_floor":["M","M","?","$","M","R","?","R","T","M","M","R","$","E","R","B"],"character_chosen":"DEFECT","items_purchased":[],"campfire_rested":1,"item_purchase_floors":[],"current_hp_per_floor":[82,82,87,87,83,83,66,66,66,64,64,64,64,44,70,0],"gold":124,"neow_bonus":"TEN_PERCENT_HP_BONUS","is_prod":false,"is_daily":false,"chose_seed":false,"campfire_upgraded":2,"win_rate":0,"timestamp":1565700056,"path_taken":["M","M","?","$","M","R","?","R","T","M","M","R","$","E","R","BOSS"],"build_version":"2019-07-05","purchased_purges":1,"victory":false,"max_hp_per_floor":[82,82,87,87,87,87,87,87,87,87,87,87,87,87,87,87],"card_choices":[{"not_picked":["Go for the Eyes","Rebound"],"picked":"Cold Snap","floor":1},{"not_picked":["Turbo","Amplify","Barrage"],"picked":"SKIP","floor":2},{"not_picked":["Rebound","Sweeping Beam"],"picked":"Chill","floor":5},{"not_picked":["Sweeping Beam","Beam Cell"],"picked":"Coolheaded","floor":10},{"not_picked":["Turbo","Hologram","Beam Cell"],"picked":"SKIP","floor":11},{"not_picked":["Leap","Hyperbeam","Sweeping Beam"],"picked":"SKIP","floor":14}],"player_experience":484669,"relics_obtained":[{"floor":9,"key":"Gremlin Horn"},{"floor":14,"key":"Ornamental Fan"}],"event_choices":[{"damage_healed":0,"gold_gain":0,"player_choice":"Donut","damage_taken":0,"max_hp_gain":5,"max_hp_loss":0,"event_name":"Big Fish","floor":3,"gold_loss":0},{"damage_healed":0,"gold_gain":0,"player_choice":"Entered Light","damage_taken":17,"max_hp_gain":0,"max_hp_loss":0,"event_name":"Shining Light","floor":7,"gold_loss":0,"cards_upgraded":["Cold Snap","Defend_B"]}],"is_beta":false,"boss_relics":[],"items_purged_floors":[4],"is_endless":false,"potions_floor_spawned":[5,10,11],"killed_by":"Hexaghost","ascension_level":0}