{"gold_per_floor":[114,129,54,69,84,84,114,114,139,139,154,169,119,134,134,234,234,249,264,265,280,295,325,340,370,370,370,16,16,31,46,46,146,146,161,176,32,47,62,77,77],"floor_reached":41,"playtime":3983,"items_purged":["Jack Of All Trades"],"score":468,"play_id":"8605da3e-2600-49e2-a382-170d7cb603da","local_time":"20190718071303","daily_mods":["Allstar","Diverse","Lethality"],"is_ascension_mode":false,"campfire_choices":[{"data":"Venomology","floor":6,"key":"SMITH"},{"data":"Enlightenment","floor":8,"key":"SMITH"},{"data":"Secret Weapon","floor":15,"key":"SMITH"},{"floor":27,"key":"REST"},{"data":"Bash","floor":29,"key":"SMITH"},{"data":"Clothesline","floor":32,"key":"SMITH"}],"neow_cost":"","seed_source_timestamp":528456051821371,"circlet_count":0,"master_deck":["Strike_R","Strike_R","Strike_R","Strike_R","Strike_R","Defend_R","Defend_R","Defend_R+1","Bash+1","Blind","Panacea+1","Enlightenment+1","Secret Weapon+1","Melter","Dagger Spray","Sweeping Beam","Venomology+1","Core Surge","Dropkick+1","Dropkick+1","Riddle With Holes","Hyperbeam","Clothesline+1","PiercingWail+1","Double Tap+1","Prepared+1","Malaise+1","Bludgeon","Flex+1"],"special_seed":18094,"relics":["Burning Blood","Toxic Egg 2","Art of War","Pen Nib","Philosopher\u0027s Stone","Red Mask","War Paint","Dream Catcher","Potion Belt","HandDrill","White Beast Statue"],"potions_floor_usage":[11,12,14,16,16,20,21,22,24,25,25,25,35,36,36,38,38,39,40,40,41],"damage_taken":[{"damage":3,"enemies":"Cultist","floor":1,"turns":4},{"damage":3,"enemies":"2 Louse","floor":2,"turns":2},{"damage":3,"enemies":"Small Slimes","floor":4,"turns":3},{"damage":1,"enemies":"2 Fungi Beasts","floor":5,"turns":2},{"damage":24,"enemies":"3 Sentries","floor":7,"turns":3},{"damage":0,"enemies":"Exordium Wildlife","floor":11,"turns":2},{"damage":0,"enemies":"3 Louse","floor":12,"turns":2},{"damage":0,"enemies":"Large Slime","floor":14,"turns":3},{"damage":72,"enemies":"Hexaghost","floor":16,"turns":7},{"damage":14,"enemies":"Shell Parasite","floor":18,"turns":2},{"damage":2,"enemies":"3 Byrds","floor":19,"turns":3},{"damage":0,"enemies":"Masked Bandits","floor":20,"turns":2},{"damage":28,"enemies":"Centurion and Healer","floor":21,"turns":4},{"damage":9,"enemies":"Snecko","floor":22,"turns":3},{"damage":0,"enemies":"Gremlin Leader","floor":23,"turns":3},{"damage":24,"enemies":"Snake Plant","floor":24,"turns":2},{"damage":35,"enemies":"Book of Stabbing","floor":25,"turns":4},{"damage":0,"enemies":"Sentry and Sphere","floor":30,"turns":2},{"damage":0,"enemies":"3 Cultists","floor":31,"turns":2},{"damage":50,"enemies":"Automaton","floor":33,"turns":6},{"damage":18,"enemies":"Orb Walker","floor":35,"turns":3},{"damage":0,"enemies":"3 Darklings","floor":36,"turns":1},{"damage":14,"enemies":"Sphere and 2 Shapes","floor":38,"turns":6},{"damage":0,"enemies":"Spire Growth","floor":39,"turns":2},{"damage":34,"enemies":"Transient","floor":40,"turns":5},{"damage":69,"enemies":"Nemesis","floor":41,"turns":4}],"seed_played":"4053552727642725669","potions_obtained":[{"floor":1,"key":"SpeedPotion"},{"floor":7,"key":"SpeedPotion"},{"floor":16,"key":"FairyPotion"},{"floor":18,"key":"FearPotion"},{"floor":30,"key":"Explosive Potion"},{"floor":35,"key":"FearPotion"},{"floor":36,"key":"Strength Potion"},{"floor":38,"key":"Fruit Juice"},{"floor":39,"key":"GamblersBrew"},{"floor":40,"key":"Strength Potion"}],"is_trial":false,"path_per_floor":["M","M","$","M","M","R","E","R","T","?","M","M","?","M","R","B",null,"M","M","?","M","M","E","M","E","T","R","$","R","M","M","R","B",null,"M","M","$","M","M","M","E"],"character_chosen":"IRONCLAD","items_purchased":["HandDrill","Double Tap+1","Bludgeon"],"campfire_rested":1,"item_purchase_floors":[28,28,37],"current_hp_per_floor":[80,80,80,80,80,80,62,62,62,55,61,67,67,73,73,7,80,72,76,80,58,55,61,43,34,34,58,58,58,64,70,70,26,80,68,74,74,80,85,57,0],"gold":77,"neow_bonus":"","is_prod":false,"is_daily":true,"chose_seed":false,"campfire_upgraded":5,"win_rate":0,"timestamp":1563401583,"path_taken":["M","M","$","?","M","R","E","R","T","?","M","M","?","M","R","BOSS","M","M","?","M","M","E","M","E","T","R","$","R","M","M","R","BOSS","M","M","$","M","M","M","E"],"build_version":"2019-07-05","purchased_purges":1,"victory":false,"max_hp_per_floor":[80,80,80,80,80,80,80,80,80,80,80,80,80,80,80,80,80,80,80,80,80,80,80,80,80,80,80,80,80,80,80,80,80,80,80,80,80,80,85,85,85],"card_choices":[{"not_picked":["Quick Slash","Deadly Poison"],"picked":"Melter","floor":1},{"not_picked":["Heel Hook","Warcry"],"picked":"Dagger Spray","floor":2},{"not_picked":["Warcry","Cold Snap"],"picked":"Sweeping Beam","floor":4},{"not_picked":["Dagger Throw","Calculated Gamble"],"picked":"Venomology","floor":5},{"not_picked":["Dagger Throw","Tactician","Clothesline"],"picked":"SKIP","floor":7},{"not_picked":["Turbo+1","Outmaneuver+1","Beam Cell"],"picked":"SKIP","floor":11},{"not_picked":["Intimidate+1","Slice","Wild Strike"],"picked":"SKIP","floor":12},{"not_picked":["Barrage","Go for the Eyes","Flying Knee"],"picked":"SKIP","floor":14},{"not_picked":["Electrodynamics","Brutality"],"picked":"Core Surge","floor":16},{"not_picked":["Escape Plan+1","Anger"],"picked":"Dropkick+1","floor":18},{"not_picked":["All Out Attack+1","Sword Boomerang"],"picked":"Dropkick+1","floor":19},{"not_picked":["Searing Blow","Clash","Rebound"],"picked":"SKIP","floor":21},{"not_picked":["Dropkick","Anger"],"picked":"Riddle With Holes","floor":22},{"not_picked":["Concentrate+1","Backflip+1"],"picked":"Hyperbeam","floor":23},{"not_picked":["Backflip+1","Deflect+1"],"picked":"Clothesline","floor":24},{"not_picked":["Clash","Coolheaded+1"],"picked":"PiercingWail+1","floor":25},{"not_picked":["True Grit+1","Heatsinks"],"picked":"Prepared+1","floor":30},{"not_picked":["Scrape","Bane+1","Fusion+1"],"picked":"SKIP","floor":31},{"not_picked":["Doppelganger+1","Hyperbeam"],"picked":"Malaise+1","floor":33},{"not_picked":["Slice+1","Lockon","Blade Dance+1"],"picked":"SKIP","floor":35},{"not_picked":["Coolheaded+1","PiercingWail+1","Bloodletting+1"],"picked":"SKIP","floor":36},{"not_picked":["Static Discharge+1","Calculated Gamble+1","Catalyst+1"],"picked":"SKIP","floor":38},{"not_picked":["Blade Dance+1","Sweeping Beam"],"picked":"Flex+1","floor":39},{"not_picked":["True Grit+1","Redo+1","Slice"],"picked":"SKIP","floor":40}],"player_experience":276185,"relics_obtained":[{"floor":7,"key":"Toxic Egg 2"},{"floor":9,"key":"Art of War"},{"floor":20,"key":"Red Mask"},{"floor":23,"key":"War Paint"},{"floor":25,"key":"Dream Catcher"},{"floor":26,"key":"Potion Belt"}],"event_choices":[{"damage_healed":0,"gold_gain":0,"player_choice":"Success","damage_taken":7,"relics_obtained":["Pen Nib"],"max_hp_gain":0,"max_hp_loss":0,"event_name":"Scrap Ooze","floor":10,"gold_loss":0},{"cards_removed":["Defend_R"],"damage_healed":0,"gold_gain":0,"player_choice":"Card Removal","damage_taken":0,"max_hp_gain":0,"max_hp_loss":0,"event_name":"The Cleric","floor":13,"gold_loss":50},{"damage_healed":0,"gold_gain":0,"player_choice":"Fought Bandits","damage_taken":0,"max_hp_gain":0,"max_hp_loss":0,"event_name":"Masked Bandits","floor":20,"gold_loss":0}],"is_beta":false,"boss_relics":[{"not_picked":["Orrery","Calling Bell"],"picked":"Philosopher\u0027s Stone"},{"not_picked":["Velvet Choker","Runic Dome"],"picked":"White Beast Statue"}],"items_purged_floors":[3],"is_endless":false,"potions_floor_spawned":[1,7,12,16,18,19,23,30,35,36,38,39,40],"killed_by":"Nemesis","ascension_level":0}