{"gold_per_floor":[119,119,186,15,15,15,190,215,215,9,44,55,80,80,80,175,175,190,40,27,27,44,44,79,92,92,92,107,134,134,149,149,249,249,259,13,33,46,66,66,92,92,92,122,170,197,209,209,209,209,209,209,10,37,37],"floor_reached":56,"playtime":7877,"items_purged":["Strike_B","Defend_B"],"score":1861,"play_id":"c800aae8-d19f-49ae-b400-74769a7141ac","local_time":"20190714190225","is_ascension_mode":true,"campfire_choices":[{"data":"Zap","floor":6,"key":"SMITH"},{"data":"Defragment","floor":15,"key":"SMITH"},{"data":"Beam Cell","floor":23,"key":"SMITH"},{"floor":27,"key":"RECALL"},{"floor":32,"key":"REST"},{"floor":40,"key":"REST"},{"floor":42,"key":"REST"},{"floor":49,"key":"REST"},{"floor":52,"key":"REST"}],"neow_cost":"NONE","seed_source_timestamp":16884888320411,"circlet_count":0,"master_deck":["AscendersBane","Strike_B","Strike_B","Strike_B","Defend_B","Defend_B","Zap+1","Dualcast+1","Streamline+1","Reprogram+1","Undo+1","Genetic Algorithm+1","Defragment+1","All For One","Turbo+1","Redo+1","Beam Cell+1","Stack+1","Stack+1","Hologram+1","Steam+1","Fission+1","Aggregate+1","Force Field+1","Reboot+1","Go for the Eyes","Lockon+1","Capacitor","White Noise+1","Coolheaded+1","Chill+1","White Noise+1","Redo+1","Blizzard+1","Beam Cell+1","Hologram+1","Hologram+1","Ball Lightning","Scrape+1","Go for the Eyes+1","Echo Form","Darkness+1","Aggregate+1","Rainbow+1"],"relics":["FrozenCore","Juzu Bracelet","Thread and Needle","Toxic Egg 2","Turnip","Lee\u0027s Waffle","Kunai","DataDisk","Spirit Poop","Blue Candle","Smiling Mask","Prayer Wheel","Fusion Hammer","Calipers","Omamori","Emotion Chip","Bottled Lightning","OrangePellets","Bottled Tornado"],"potions_floor_usage":[16,16,24,31,35,47,55,55],"damage_taken":[{"damage":6,"enemies":"Cultist","floor":1,"turns":4},{"damage":37,"enemies":"3 Sentries","floor":8,"turns":7},{"damage":33,"enemies":"Gremlin Nob","floor":11,"turns":5},{"damage":0,"enemies":"2 Louse","floor":12,"turns":3},{"damage":25,"enemies":"3 Sentries","floor":13,"turns":8},{"damage":21,"enemies":"Slime Boss","floor":16,"turns":9},{"damage":7,"enemies":"3 Byrds","floor":18,"turns":4},{"damage":0,"enemies":"2 Thieves","floor":20,"turns":4},{"damage":0,"enemies":"Sentry and Sphere","floor":22,"turns":5},{"damage":26,"enemies":"Slavers","floor":24,"turns":9},{"damage":0,"enemies":"3 Cultists","floor":25,"turns":6},{"damage":6,"enemies":"Centurion and Healer","floor":28,"turns":8},{"damage":0,"enemies":"Book of Stabbing","floor":29,"turns":5},{"damage":0,"enemies":"Cultist and Chosen","floor":31,"turns":7},{"damage":19,"enemies":"Champ","floor":33,"turns":13},{"damage":14,"enemies":"3 Darklings","floor":35,"turns":7},{"damage":0,"enemies":"3 Shapes","floor":37,"turns":6},{"damage":12,"enemies":"Jaw Worm Horde","floor":38,"turns":4},{"damage":0,"enemies":"Sphere and 2 Shapes","floor":39,"turns":6},{"damage":11,"enemies":"Nemesis","floor":41,"turns":7},{"damage":1,"enemies":"Giant Head","floor":44,"turns":7},{"damage":0,"enemies":"2 Orb Walkers","floor":45,"turns":6},{"damage":2,"enemies":"Nemesis","floor":46,"turns":7},{"damage":0,"enemies":"Transient","floor":47,"turns":5},{"damage":39,"enemies":"Donu and Deca","floor":50,"turns":11},{"damage":9,"enemies":"Shield and Spear","floor":54,"turns":7},{"damage":13,"enemies":"The Heart","floor":55,"turns":12}],"seed_played":"2097253680340845639","potions_obtained":[{"floor":11,"key":"Weak Potion"},{"floor":12,"key":"Weak Potion"},{"floor":13,"key":"PowerPotion"},{"floor":25,"key":"GamblersBrew"},{"floor":28,"key":"Swift Potion"},{"floor":33,"key":"Block Potion"},{"floor":35,"key":"SteroidPotion"},{"floor":44,"key":"Swift Potion"},{"floor":46,"key":"Strength Potion"},{"floor":54,"key":"PowerPotion"}],"is_trial":false,"path_per_floor":["M","?","?","$","?","R","?","E","T","$","E","M","E","?","R","B",null,"M","$","M","?","M","R","E","M","T","R","M","E","?","M","R","B",null,"M","$","M","M","M","R","E","R","T","E","?","E","M","?","R","B",null,"R","$","E","B",null],"character_chosen":"DEFECT","items_purchased":["Juzu Bracelet","Steam","Lee\u0027s Waffle","Redo+1","Beam Cell","Capacitor","White Noise+1","Coolheaded+1","OrangePellets"],"campfire_rested":5,"item_purchase_floors":[4,4,10,19,19,36,36,36,53],"current_hp_per_floor":[69,53,53,53,53,53,53,16,16,89,56,56,31,31,31,10,69,62,62,62,62,62,62,36,36,36,36,30,30,13,13,41,22,76,62,62,62,50,50,78,67,94,94,93,93,91,91,91,94,55,84,94,94,85,72],"gold":37,"neow_bonus":"TEN_PERCENT_HP_BONUS","is_prod":false,"is_daily":false,"chose_seed":false,"campfire_upgraded":3,"win_rate":0,"timestamp":1563145345,"path_taken":["M","?","?","$","?","R","?","E","T","$","E","M","E","?","R","BOSS","M","$","M","?","M","R","E","M","T","R","M","E","?","M","R","BOSS","M","$","M","M","M","R","E","R","T","E","?","E","M","?","R","BOSS","R","$","E","BOSS"],"build_version":"2019-07-05","purchased_purges":2,"victory":true,"max_hp_per_floor":[82,82,82,82,82,82,82,82,82,89,89,89,89,89,89,89,89,89,89,89,89,89,89,89,89,89,89,89,89,94,94,94,94,94,94,94,94,94,94,94,94,94,94,94,94,94,94,94,94,94,94,94,94,94,94],"card_choices":[{"not_picked":["Coolheaded","Barrage"],"picked":"Streamline","floor":1},{"not_picked":["Conserve Battery","Gash"],"picked":"Reprogram","floor":8},{"not_picked":["Rip and Tear","Go for the Eyes"],"picked":"Undo+1","floor":11},{"not_picked":["Steam+1","Stack+1"],"picked":"Genetic Algorithm+1","floor":12},{"not_picked":["Sweeping Beam","Fusion+1"],"picked":"Defragment","floor":13},{"not_picked":["Core Surge","Rainbow+1"],"picked":"All For One","floor":16},{"not_picked":["Streamline","Blizzard"],"picked":"Turbo+1","floor":18},{"not_picked":["Melter+1","Leap+1"],"picked":"Stack+1","floor":20},{"not_picked":["Consume+1","Go for the Eyes"],"picked":"Stack+1","floor":22},{"not_picked":["Leap+1","Sweeping Beam"],"picked":"Hologram+1","floor":24},{"not_picked":["Barrage","Conserve Battery+1"],"picked":"Steam+1","floor":25},{"not_picked":["Turbo+1","Steam Power+1"],"picked":"Fission+1","floor":28},{"not_picked":["Tempest+1","Genetic Algorithm+1"],"picked":"Aggregate+1","floor":29},{"not_picked":["Fusion+1","Heatsinks"],"picked":"Force Field+1","floor":31},{"not_picked":["Fusion+1","Genetic Algorithm+1","Streamline"],"picked":"SKIP","floor":31},{"not_picked":["Thunder Strike","Hyperbeam"],"picked":"Reboot+1","floor":33},{"not_picked":["Barrage","Leap+1"],"picked":"Go for the Eyes","floor":35},{"not_picked":["Conserve Battery+1","Consume+1"],"picked":"Lockon+1","floor":35},{"not_picked":["Sunder+1","Rebound+1"],"picked":"Chill+1","floor":37},{"not_picked":["Ball Lightning","Steam+1"],"picked":"White Noise+1","floor":37},{"not_picked":["Go for the Eyes","Cold Snap"],"picked":"Redo+1","floor":38},{"not_picked":["Leap+1","Genetic Algorithm+1"],"picked":"Blizzard+1","floor":38},{"not_picked":["Streamline","Doom and Gloom"],"picked":"Beam Cell+1","floor":39},{"not_picked":["Reboot+1","Coolheaded+1"],"picked":"Hologram+1","floor":39},{"not_picked":["Conserve Battery+1","Beam Cell+1"],"picked":"Hologram+1","floor":41},{"not_picked":["Fusion+1","Sweeping Beam"],"picked":"Ball Lightning","floor":44},{"not_picked":["Rebound+1","Compile Driver+1"],"picked":"Scrape+1","floor":45},{"not_picked":["Scrape","Chill+1"],"picked":"Go for the Eyes+1","floor":46},{"not_picked":["FTL+1","Rebound+1"],"picked":"Echo Form","floor":47},{"not_picked":["Ball Lightning+1","Sweeping Beam+1"],"picked":"Darkness+1","floor":47},{"not_picked":["Barrage","Electrodynamics"],"picked":"Rainbow+1","floor":54}],"player_experience":233876,"relics_obtained":[{"floor":8,"key":"Toxic Egg 2"},{"floor":9,"key":"Turnip"},{"floor":11,"key":"Kunai"},{"floor":13,"key":"DataDisk"},{"floor":24,"key":"Blue Candle"},{"floor":26,"key":"Smiling Mask"},{"floor":29,"key":"Prayer Wheel"},{"floor":41,"key":"Calipers"},{"floor":44,"key":"Omamori"},{"floor":45,"key":"Emotion Chip"},{"floor":46,"key":"Bottled Lightning"},{"floor":54,"key":"Bottled Tornado"}],"event_choices":[{"damage_healed":0,"gold_gain":0,"player_choice":"Entered Light","damage_taken":16,"max_hp_gain":0,"max_hp_loss":0,"event_name":"Shining Light","floor":2,"gold_loss":0,"cards_upgraded":["Dualcast","Streamline"]},{"damage_healed":0,"gold_gain":67,"player_choice":"Gained Gold","damage_taken":0,"max_hp_gain":0,"max_hp_loss":0,"event_name":"Golden Wing","floor":3,"gold_loss":0},{"cards_removed":["Steam"],"damage_healed":0,"gold_gain":0,"player_choice":"Gave Card","damage_taken":0,"relics_obtained":["Thread and Needle"],"max_hp_gain":0,"max_hp_loss":0,"event_name":"WeMeetAgain","floor":5,"gold_loss":0},{"damage_healed":0,"gold_gain":175,"player_choice":"AGREE","damage_taken":0,"max_hp_gain":0,"max_hp_loss":0,"event_name":"Liars Game","floor":7,"gold_loss":0,"cards_obtained":["Doubt"]},{"cards_removed":["Doubt"],"damage_healed":0,"gold_gain":0,"player_choice":"Offered Curse","damage_taken":0,"relics_obtained":["Spirit Poop"],"max_hp_gain":0,"max_hp_loss":0,"event_name":"Bonfire Elementals","floor":14,"gold_loss":0},{"damage_healed":0,"gold_gain":0,"player_choice":"Ignored","damage_taken":0,"max_hp_gain":0,"max_hp_loss":0,"event_name":"Ghosts","floor":21,"gold_loss":0},{"damage_healed":0,"gold_gain":0,"player_choice":"Shed Blood","damage_taken":22,"max_hp_gain":5,"max_hp_loss":0,"event_name":"Forgotten Altar","floor":30,"gold_loss":0},{"damage_healed":0,"gold_gain":0,"player_choice":"Fight","damage_taken":0,"max_hp_gain":0,"max_hp_loss":0,"event_name":"Mysterious Sphere","floor":45,"gold_loss":0},{"damage_healed":0,"gold_gain":0,"cards_transformed":["Defend_B"],"player_choice":"Transformed","damage_taken":0,"max_hp_gain":0,"max_hp_loss":0,"event_name":"Transmorgrifier","floor":48,"gold_loss":0,"cards_obtained":["Aggregate"]}],"is_beta":false,"boss_relics":[{"not_picked":["Runic Dome","Coffee Dripper"],"picked":"FrozenCore"},{"not_picked":["Velvet Choker","Eternal Feather"],"picked":"Fusion Hammer"}],"items_purged_floors":[19,36],"is_endless":false,"potions_floor_spawned":[11,12,13,25,28,33,35,44,45,46,54],"ascension_level":10}