{"gold_per_floor":[110,29,43,43,43,43,75,75,75,75,106,106,124,142,142,142],"floor_reached":16,"playtime":718,"items_purged":[],"score":211,"play_id":"75f375c4-f24f-4507-9684-0a44cfd00396","local_time":"20190801212915","is_ascension_mode":true,"campfire_choices":[{"floor":6,"key":"REST"},{"floor":8,"key":"REST"},{"floor":12,"key":"REST"},{"data":"Streamline","floor":15,"key":"SMITH"}],"neow_cost":"NONE","seed_source_timestamp":164161388290526,"circlet_count":0,"master_deck":["AscendersBane","Strike_B","Strike_B+1","Strike_B","Strike_B","Defend_B","Defend_B","Defend_B","Defend_B","Zap","Dualcast","Streamline+1","Echo Form","Compile Driver+1","Gash","Injury","Defragment","Self Repair","Reboot"],"relics":["Cracked Core","Sundial","Darkstone Periapt","Golden Idol","Omamori"],"potions_floor_usage":[11,16,16],"damage_taken":[{"damage":6,"enemies":"2 Louse","floor":1,"turns":2},{"damage":12,"enemies":"Jaw Worm","floor":3,"turns":3},{"damage":32,"enemies":"Gremlin Nob","floor":7,"turns":4},{"damage":40,"enemies":"3 Sentries","floor":11,"turns":8},{"damage":5,"enemies":"Small Slimes","floor":13,"turns":3},{"damage":14,"enemies":"Blue Slaver","floor":14,"turns":4},{"damage":32,"enemies":"The Guardian","floor":16,"turns":7}],"seed_played":"-8726987489314117422","potions_obtained":[{"floor":3,"key":"SpeedPotion"},{"floor":7,"key":"Block Potion"},{"floor":13,"key":"LiquidBronze"}],"is_trial":false,"path_per_floor":["M","$","M","?","?","R","E","R","T","?","E","R","M","M","R","B"],"character_chosen":"DEFECT","items_purchased":["Echo Form"],"campfire_rested":3,"item_purchase_floors":[2],"current_hp_per_floor":[65,65,53,30,35,59,27,51,51,57,17,43,38,31,31,0],"gold":142,"neow_bonus":"TEN_PERCENT_HP_BONUS","is_prod":false,"is_daily":false,"chose_seed":false,"campfire_upgraded":1,"win_rate":0,"timestamp":1564709355,"path_taken":["M","$","M","?","?","R","E","R","T","?","E","R","M","M","R","BOSS"],"build_version":"2019-07-17","purchased_purges":0,"victory":false,"max_hp_per_floor":[78,78,78,78,83,83,83,83,83,89,89,89,89,89,89,89],"card_choices":[{"not_picked":["Conserve Battery","Gash"],"picked":"Streamline","floor":1},{"not_picked":["Force Field","Storm"],"picked":"Compile Driver","floor":3},{"not_picked":["Compile Driver","Storm"],"picked":"Gash","floor":7},{"not_picked":["Consume","Steam Power"],"picked":"Defragment","floor":11},{"not_picked":["Gash","Cold Snap"],"picked":"Self Repair","floor":13},{"not_picked":["Steam","Coolheaded"],"picked":"Reboot","floor":14}],"player_experience":326755,"relics_obtained":[{"floor":7,"key":"Sundial"},{"floor":9,"key":"Darkstone Periapt"},{"floor":11,"key":"Omamori"}],"event_choices":[{"damage_healed":0,"gold_gain":0,"player_choice":"Entered Light","damage_taken":23,"max_hp_gain":0,"max_hp_loss":0,"event_name":"Shining Light","floor":4,"gold_loss":0,"cards_upgraded":["Compile Driver","Strike_B"]},{"damage_healed":0,"gold_gain":0,"player_choice":"Donut","damage_taken":0,"max_hp_gain":5,"max_hp_loss":0,"event_name":"Big Fish","floor":5,"gold_loss":0},{"damage_healed":0,"gold_gain":0,"player_choice":"Take Wound","damage_taken":0,"relics_obtained":["Golden Idol"],"max_hp_gain":0,"max_hp_loss":0,"event_name":"Golden Idol","floor":10,"gold_loss":0,"cards_obtained":["Injury"]}],"is_beta":false,"boss_relics":[],"items_purged_floors":[],"is_endless":false,"potions_floor_spawned":[3,7,13],"killed_by":"The Guardian","ascension_level":19}