{"gold_per_floor":[212,212,212,287,297,330,330,330,377,377,396,415,428,448,448,550,550,566,566,582,596,596],"floor_reached":22,"playtime":1042,"items_purged":[],"score":207,"play_id":"042e6294-67b5-4390-b576-dc795e80fd1f","local_time":"20180723202934","is_ascension_mode":true,"campfire_choices":[{"floor":10,"key":"REST"},{"floor":15,"key":"REST"}],"neow_cost":"NONE","seed_source_timestamp":32628081305646,"circlet_count":0,"master_deck":["Defend_G","Defend_G","Defend_G","Defend_G","Strike_G+1","Strike_G","Strike_G","Strike_G","Strike_G","Survivor","Neutralize","Quick Slash+1","Predator","Slice","Finisher","Normality","Cloak And Dagger","Cloak And Dagger","Noxious Fumes","Riddle With Holes","Doppelganger","Flying Knee","Poisoned Stab+1","Dodge and Roll"],"relics":["Ring of the Snake","Gremlin Horn","Calipers","Omamori","Sozu","The Courier"],"potions_floor_usage":[14,21],"damage_taken":[{"damage":0,"enemies":"Small Slimes","floor":1,"turns":3},{"damage":2,"enemies":"2 Louse","floor":5,"turns":2},{"damage":16,"enemies":"Gremlin Nob","floor":6,"turns":4},{"damage":0,"enemies":"Jaw Worm","floor":11,"turns":2},{"damage":2,"enemies":"Large Slime","floor":12,"turns":7},{"damage":0,"enemies":"3 Louse","floor":13,"turns":2},{"damage":11,"enemies":"Exordium Thugs","floor":14,"turns":3},{"damage":55,"enemies":"The Guardian","floor":16,"turns":9},{"damage":43,"enemies":"Shell Parasite","floor":18,"turns":5},{"damage":13,"enemies":"Chosen","floor":20,"turns":5},{"damage":17,"enemies":"Snake Plant","floor":21,"turns":4},{"damage":6,"enemies":"3 Cultists","floor":22,"turns":2}],"seed_played":"7995859530672982633","potions_obtained":[{"floor":6,"key":"Poison Potion"},{"floor":16,"key":"Poison Potion"}],"is_trial":false,"path_per_floor":["M","?","?","?","M","E","?","?","T","R","M","M","M","M","R","B",null,"M","T","M","M"],"character_chosen":"THE_SILENT","items_purchased":[],"campfire_rested":2,"item_purchase_floors":[],"current_hp_per_floor":[70,70,75,64,62,46,46,31,31,53,53,51,51,40,62,7,75,32,32,19,2,0],"gold":596,"neow_bonus":"HUNDRED_GOLD","is_prod":false,"is_daily":false,"chose_seed":false,"campfire_upgraded":0,"win_rate":0,"timestamp":1532370574,"path_taken":["M","?","?","?","?","E","?","?","T","R","M","M","M","M","R","BOSS","M","?","M","M","M"],"build_version":"2018-07-19v2","purchased_purges":0,"victory":false,"max_hp_per_floor":[70,70,75,75,75,75,75,75,75,75,75,75,75,75,75,75,75,75,75,75,75,75],"card_choices":[{"not_picked":["Acrobatics","PiercingWail"],"picked":"Quick Slash","floor":1},{"not_picked":["Quick Slash","Bane"],"picked":"Slice","floor":5},{"not_picked":["Riddle With Holes","Eviscerate"],"picked":"Finisher","floor":6},{"not_picked":["Acrobatics","Dagger Spray"],"picked":"Cloak And Dagger","floor":11},{"not_picked":["Quick Slash","Footwork"],"picked":"Cloak And Dagger","floor":12},{"not_picked":["Underhanded Strike","Finisher"],"picked":"Noxious Fumes","floor":13},{"not_picked":["Heel Hook","Phantasmal Killer"],"picked":"Riddle With Holes","floor":14},{"not_picked":["Bullet Time","Storm of Steel"],"picked":"Doppelganger","floor":16},{"not_picked":["Dodge and Roll+1","Underhanded Strike"],"picked":"Flying Knee","floor":18},{"not_picked":["Dodge and Roll","Dagger Spray"],"picked":"Poisoned Stab+1","floor":20},{"not_picked":["Dagger Spray","Dagger Throw"],"picked":"Dodge and Roll","floor":21}],"player_experience":182658,"relics_obtained":[{"floor":6,"key":"Gremlin Horn"},{"floor":9,"key":"Omamori"},{"floor":19,"key":"The Courier"}],"event_choices":[{"event_name":"Living Wall","player_choice":"Change","floor":2,"damage_taken":0},{"event_name":"Big Fish","player_choice":"Donut","floor":3,"damage_taken":0},{"event_name":"World of Goop","player_choice":"Gather Gold","floor":4,"damage_taken":0},{"event_name":"Accursed Blacksmith","player_choice":"Rummage","floor":7,"damage_taken":0},{"event_name":"Shining Light","player_choice":"Entered Light","floor":8,"damage_taken":0}],"is_beta":false,"boss_relics":[{"not_picked":["Fusion Hammer","Philosopher\u0027s Stone"],"picked":"Sozu"}],"items_purged_floors":[],"is_endless":false,"potions_floor_spawned":[6,16,20],"killed_by":"3 Cultists","ascension_level":2}