{"gold_per_floor":[118,129,129,142,32,32,32,32,114,124,124,135,164,164,164,260,260,278,278,203,203,203,203,216,216,216,216,216,216,235,68,68,163,163,173,273,273,293,313,313,313,344,344,344,72,72,89,99,99,99],"floor_reached":51,"playtime":2489,"items_purged":[],"score":903,"play_id":"42cd5339-2471-4696-92a9-87b728543b9d","local_time":"20181106230921","is_ascension_mode":true,"campfire_choices":[{"data":"Cloak And Dagger","floor":6,"key":"SMITH"},{"data":"Blade Dance","floor":8,"key":"SMITH"},{"data":"Neutralize","floor":11,"key":"SMITH"},{"data":"Noxious Fumes","floor":15,"key":"SMITH"},{"data":"Cloak And Dagger","floor":23,"key":"SMITH"},{"floor":25,"key":"REST"},{"data":"Poisoned Stab","floor":27,"key":"SMITH"},{"data":"Heel Hook","floor":29,"key":"SMITH"},{"data":"Distraction","floor":32,"key":"SMITH"},{"data":"Crippling Poison","floor":40,"key":"SMITH"},{"floor":44,"key":"REST"},{"floor":49,"key":"REST"}],"neow_cost":"NONE","seed_source_timestamp":271220097031824,"circlet_count":0,"master_deck":["Survivor","Neutralize+1","Cloak And Dagger+1","All Out Attack","Blade Dance+1","Noxious Fumes+1","Backstab","Heel Hook+1","Slice","Leg Sweep+1","Phantasmal Killer+1","Flying Knee","Escape Plan","Poisoned Stab+1","Dagger Throw","Dodge and Roll","Backflip","Cloak And Dagger+1","Heel Hook+1","Necronomicurse","Slice","Distraction+1","Sadistic Nature","Normality","Doubt","Parasite","Poisoned Stab+1","Crippling Poison+1","Endless Agony+1","PiercingWail+1","Cloak And Dagger","Noxious Fumes","Bandage Up","Swift Strike","Parasite","Accuracy","Skewer+1"],"relics":["WristBlade","Pantograph","Odd Mushroom","Pandora\u0027s Box","Necronomicon","Letter Opener","The Specimen","MutagenicStrength","Calling Bell","Blue Candle","Unceasing Top","Vajra","Gambling Chip","Blood Vial","Kunai"],"potions_floor_usage":[33,39,42,42,47,47,50],"damage_taken":[{"damage":15,"enemies":"Jaw Worm","floor":1,"turns":4},{"damage":0,"enemies":"Cultist","floor":2,"turns":4},{"damage":0,"enemies":"2 Louse","floor":4,"turns":2},{"damage":6,"enemies":"Looter","floor":10,"turns":2},{"damage":0,"enemies":"2 Fungi Beasts","floor":12,"turns":1},{"damage":0,"enemies":"The Mushroom Lair","floor":13,"turns":1},{"damage":16,"enemies":"Slime Boss","floor":16,"turns":7},{"damage":13,"enemies":"Shell Parasite","floor":18,"turns":4},{"damage":0,"enemies":"Spheric Guardian","floor":24,"turns":2},{"damage":13,"enemies":"Cultist and Chosen","floor":30,"turns":4},{"damage":39,"enemies":"Collector","floor":33,"turns":6},{"damage":29,"enemies":"3 Shapes","floor":35,"turns":3},{"damage":16,"enemies":"Mind Bloom Boss Battle","floor":36,"turns":6},{"damage":6,"enemies":"Orb Walker","floor":38,"turns":2},{"damage":1,"enemies":"4 Shapes","floor":39,"turns":4},{"damage":25,"enemies":"Nemesis","floor":42,"turns":5},{"damage":43,"enemies":"Writhing Mass","floor":47,"turns":5},{"damage":14,"enemies":"3 Darklings","floor":48,"turns":4},{"damage":75,"enemies":"Donu and Deca","floor":50,"turns":9}],"seed_played":"-1501225236682853972","potions_obtained":[{"floor":16,"key":"GamblersBrew"},{"floor":18,"key":"PowerPotion"},{"floor":36,"key":"GhostInAJar"},{"floor":39,"key":"Weak Potion"},{"floor":48,"key":"AttackPotion"}],"is_trial":false,"path_per_floor":["M","M","?","M","$","R","$","R","T","M","R","M","?","?","R","B",null,"M","?","?","T","?","R","M","R","T","R","?","R","M","$","R","B",null,"M","?","?","M","M","R","?","E","T","R","$","?","M","M","R","B",null],"character_chosen":"THE_SILENT","items_purchased":["Noxious Fumes","Backstab","Sadistic Nature","Noxious Fumes","Strength Potion","Strength Potion","Bandage Up"],"campfire_rested":3,"item_purchase_floors":[5,5,31,45,45,45,45],"current_hp_per_floor":[55,55,55,55,55,55,55,55,55,49,49,49,49,49,49,54,70,57,41,41,41,41,41,41,62,62,62,62,62,49,49,49,31,70,41,50,80,74,73,73,73,48,48,72,72,72,35,27,51,7],"gold":99,"neow_bonus":"BOSS_RELIC","is_prod":false,"is_daily":false,"chose_seed":false,"campfire_upgraded":9,"win_rate":0,"timestamp":1541542161,"path_taken":["M","M","?","M","$","R","$","R","T","M","R","?","?","?","R","BOSS","M","?","?","?","?","R","?","R","T","R","?","R","M","?","R","BOSS","M","?","?","?","M","R","?","E","T","R","?","?","?","M","R","BOSS"],"build_version":"2018-11-01","purchased_purges":0,"victory":true,"max_hp_per_floor":[70,70,70,70,70,70,70,70,70,70,70,70,70,70,70,70,70,70,70,70,70,70,70,70,70,70,70,70,70,70,70,70,70,70,70,70,80,80,80,80,80,80,80,80,80,80,80,80,80,80],"card_choices":[{"not_picked":["Acrobatics","Distraction"],"picked":"Cloak And Dagger","floor":1},{"not_picked":["Underhanded Strike","PiercingWail"],"picked":"All Out Attack","floor":2},{"not_picked":["Dodge and Roll","Acrobatics"],"picked":"Blade Dance","floor":4},{"not_picked":["Deadly Poison","Expertise"],"picked":"Heel Hook","floor":10},{"not_picked":["Dagger Throw","Prepared"],"picked":"Slice","floor":12},{"not_picked":["Acrobatics","Expertise"],"picked":"Leg Sweep","floor":13},{"not_picked":["Malaise","Bullet Time"],"picked":"Phantasmal Killer","floor":16},{"not_picked":["Backflip","Sucker Punch+1"],"picked":"Heel Hook+1","floor":18},{"not_picked":["Bane","Sucker Punch"],"picked":"Slice","floor":24},{"not_picked":["Quick Slash","Bane"],"picked":"Distraction","floor":30},{"not_picked":["Doppelganger","Grand Finale"],"picked":"Adrenaline","floor":33},{"not_picked":["Distraction","Sucker Punch"],"picked":"Poisoned Stab+1","floor":35},{"not_picked":["Bane","Acrobatics"],"picked":"Crippling Poison","floor":36},{"not_picked":["Slice+1","Glass Knife"],"picked":"Endless Agony+1","floor":38},{"not_picked":["Blur","Dagger Throw"],"picked":"PiercingWail+1","floor":39},{"not_picked":["Backflip+1","Underhanded Strike+1"],"picked":"Cloak And Dagger","floor":42},{"not_picked":["HandOfGreed","Dramatic Entrance"],"picked":"Swift Strike","floor":46},{"not_picked":["Flying Knee","Dagger Spray"],"picked":"Accuracy","floor":47},{"not_picked":["Eviscerate+1","Dagger Throw"],"picked":"Skewer+1","floor":48}],"player_experience":244226,"relics_obtained":[{"floor":9,"key":"Pantograph"},{"floor":13,"key":"Odd Mushroom"},{"floor":19,"key":"Necronomicon"},{"floor":21,"key":"Letter Opener"},{"floor":26,"key":"The Specimen"},{"floor":34,"key":"Blue Candle"},{"floor":34,"key":"Unceasing Top"},{"floor":34,"key":"Vajra"},{"floor":36,"key":"Gambling Chip"},{"floor":42,"key":"Blood Vial"},{"floor":43,"key":"Kunai"}],"event_choices":[{"cards_removed":["Defend_G"],"damage_healed":0,"gold_gain":0,"player_choice":"Card Removal","damage_taken":0,"max_hp_gain":0,"max_hp_loss":0,"event_name":"Wheel of Change","floor":3,"gold_loss":0},{"damage_healed":0,"gold_gain":0,"player_choice":"Fought Mushrooms","damage_taken":0,"max_hp_gain":0,"max_hp_loss":0,"event_name":"Mushrooms","floor":13,"gold_loss":0},{"damage_healed":0,"gold_gain":0,"player_choice":"Grow","damage_taken":0,"max_hp_gain":0,"max_hp_loss":0,"event_name":"Living Wall","floor":14,"gold_loss":0,"cards_upgraded":["Leg Sweep"]},{"damage_healed":0,"gold_gain":0,"player_choice":"Obtained Book","damage_taken":16,"max_hp_gain":0,"max_hp_loss":0,"event_name":"Cursed Tome","floor":19,"gold_loss":0},{"cards_removed":["Reflex"],"damage_healed":0,"gold_gain":0,"player_choice":"Gave Gold","damage_taken":0,"max_hp_gain":0,"max_hp_loss":0,"event_name":"Beggar","floor":20,"gold_loss":75},{"damage_healed":0,"gold_gain":0,"player_choice":"Upgraded","damage_taken":0,"max_hp_gain":0,"max_hp_loss":0,"event_name":"Upgrade Shrine","floor":22,"gold_loss":0,"cards_upgraded":["Phantasmal Killer"]},{"damage_healed":0,"gold_gain":0,"player_choice":"Inject Mutagens","damage_taken":0,"relics_obtained":["MutagenicStrength"],"max_hp_gain":0,"max_hp_loss":0,"event_name":"Drug Dealer","floor":28,"gold_loss":0},{"damage_healed":0,"gold_gain":0,"player_choice":"Fight","damage_taken":0,"max_hp_gain":0,"max_hp_loss":0,"event_name":"MindBloom","floor":36,"gold_loss":0},{"cards_removed":["Adrenaline"],"damage_healed":20,"gold_gain":0,"player_choice":"Offered Rare","damage_taken":0,"max_hp_gain":10,"max_hp_loss":0,"event_name":"Bonfire Elementals","floor":37,"gold_loss":0},{"cards_removed":["PiercingWail"],"damage_healed":0,"gold_gain":0,"player_choice":"Removed Skill","damage_taken":0,"max_hp_gain":0,"max_hp_loss":0,"event_name":"Falling","floor":41,"gold_loss":0},{"damage_healed":0,"gold_gain":0,"player_choice":"Memory 1","damage_taken":0,"max_hp_gain":0,"max_hp_loss":0,"event_name":"SensoryStone","floor":46,"gold_loss":0}],"is_beta":false,"boss_relics":[{"not_picked":["Empty Cage","HoveringKite"],"picked":"Pandora\u0027s Box"},{"not_picked":["Busted Crown","Astrolabe"],"picked":"Calling Bell"}],"items_purged_floors":[],"is_endless":false,"potions_floor_spawned":[16,18,36,39,48],"ascension_level":3}