{"path_per_floor":["M","T","M","M","M","R","M","?","T","R","M","M","R","$","R","B",null,"M","?","M"],"character_chosen":"THE_SILENT","items_purchased":["Phantasmal Killer","Slice"],"gold_per_floor":[117,141,151,161,179,179,190,190,217,217,237,248,248,7,7,109,109,124,124,141],"floor_reached":21,"campfire_rested":1,"playtime":1093,"current_hp_per_floor":[70,70,70,68,64,64,49,37,37,70,57,57,57,57,57,6,70,45,45,18],"items_purged":["Decay"],"gold":141,"score":173,"play_id":"64bfca55-808f-42c6-811b-3cf3ff596bc2","is_prod":false,"is_daily":false,"is_ascension_mode":false,"campfire_upgraded":3,"path_taken":["M","?","M","?","M","R","M","?","T","R","M","M","R","$","R","BOSS","M","?","?","M"],"build_version":"2018-02-15-PROD1","purchased_purges":1,"victory":false,"master_deck":["Defend_G","Defend_G","Defend_G","Defend_G","Defend_G","Strike_G","Strike_G","Strike_G","Strike_G","Strike_G","Survivor","Neutralize","Crippling Poison","Dagger Throw","Prepared","Bouncing Flask+1","Sucker Punch","Regret","Distraction+1","Backstab","Phantasmal Killer+1","Slice","Glass Knife","Deflect+1","Bouncing Flask+1","Slice"],"max_hp_per_floor":[70,70,70,70,70,70,70,70,70,70,70,70,70,70,70,70,70,70,70,70],"relics":["Cursed Key","Regal Pillow","Smiling Mask","Blood Vial","Runic Pyramid"],"card_choices":[{"not_picked":["Dash","Flechettes"],"picked":"Crippling Poison"},{"not_picked":["Underhanded Strike","Deflect"],"picked":"Dagger Throw"},{"not_picked":["Crippling Poison","Expertise"],"picked":"Prepared"},{"not_picked":["Underhanded Strike","Eviscerate"],"picked":"Bouncing Flask"},{"not_picked":["Cloak And Dagger","Flying Knee"],"picked":"Sucker Punch"},{"not_picked":["Deadly Poison","Tactician"],"picked":"Distraction"},{"not_picked":["Sucker Punch","Flying Knee"],"picked":"Backstab"},{"not_picked":["Night Terror","Unload"],"picked":"Glass Knife"},{"not_picked":["Distraction","Flying Knee"],"picked":"Deflect"},{"not_picked":["Crippling Poison","Predator"],"picked":"Slice"}],"player_experience":92446,"potions_floor_usage":[5,5,16,20],"damage_taken":[{"damage":0,"enemies":"Cultist","floor":1,"turns":4},{"damage":0,"enemies":"Jaw Worm","floor":3,"turns":4},{"damage":2,"enemies":"Small Slimes","floor":4,"turns":4},{"damage":4,"enemies":"Exordium Thugs","floor":5,"turns":4},{"damage":15,"enemies":"Gremlin Gang","floor":7,"turns":5},{"damage":13,"enemies":"Lots of Slimes","floor":11,"turns":5},{"damage":2,"enemies":"Exordium Wildlife","floor":12,"turns":4},{"damage":53,"enemies":"The Guardian","floor":16,"turns":9},{"damage":25,"enemies":"Spheric Guardian","floor":18,"turns":7},{"damage":29,"enemies":"2 Thieves","floor":20,"turns":4},{"damage":21,"enemies":"Slaver and Parasite","floor":21,"turns":2}],"event_choices":[{"event_name":"Scrap Ooze","player_choice":"success","floor":8,"damage_taken":12},{"event_name":"Duplicator","player_choice":"One dupe","floor":19,"damage_taken":0}],"boss_relics":[{"not_picked":["Calling Bell","Snecko Eye"],"picked":"Runic Pyramid"}],"potions_floor_spawned":[1,4,7,18],"seed_played":"3189911959562782254","killed_by":"Slaver and Parasite","ascension_level":0,"is_trial":false}