{"gold_per_floor":[116,86,104,104,115,115,145,145,145,145,164,179,191,203,203,298,298,313,313,313,313,329,329,345,345,345,362,362,78,90,108,108,207,207,218,218,129,142,154,180,180,180],"floor_reached":42,"playtime":2689,"items_purged":[],"score":432,"play_id":"674d0cf4-4c5d-4e8d-8234-3876b0b93f3f","local_time":"20190826214224","is_ascension_mode":false,"campfire_choices":[{"data":"Metallicize","floor":6,"key":"SMITH"},{"data":"Combust","floor":8,"key":"SMITH"},{"floor":15,"key":"REST"},{"floor":23,"key":"REST"},{"floor":25,"key":"REST"},{"floor":32,"key":"REST"},{"floor":41,"key":"REST"}],"neow_cost":"NONE","seed_source_timestamp":1004116180432200,"circlet_count":0,"master_deck":["Strike_R","Strike_R","Strike_R","Strike_R+1","Defend_R","Defend_R+1","Defend_R","Metallicize+1","Wild Strike","Flex","Combust+1","Rage","Inflame","Demon Form","Perfected Strike","RitualDagger","Strike_G","Battle Trance","Metallicize","Perfected Strike+1","Swift Strike","Perfected Strike+1","Dual Wield","Double Tap","Spot Weakness+1","Reckless Charge+1","Pommel Strike+1","Madness","Madness","Dramatic Entrance","Wild Strike+1","Barricade"],"relics":["Burning Blood","Matryoshka","Question Card","PreservedInsect","Sozu","Art of War","Dodecahedron","CultistMask","DollysMirror","Astrolabe","Bag of Marbles"],"potions_floor_usage":[5,16,16,33],"damage_taken":[{"damage":9,"enemies":"2 Louse","floor":1,"turns":3},{"damage":5,"enemies":"Small Slimes","floor":3,"turns":4},{"damage":7,"enemies":"Jaw Worm","floor":5,"turns":5},{"damage":18,"enemies":"3 Sentries","floor":7,"turns":10},{"damage":5,"enemies":"Lots of Slimes","floor":11,"turns":4},{"damage":7,"enemies":"Looter","floor":12,"turns":3},{"damage":5,"enemies":"2 Fungi Beasts","floor":13,"turns":3},{"damage":20,"enemies":"Large Slime","floor":14,"turns":4},{"damage":50,"enemies":"Hexaghost","floor":16,"turns":10},{"damage":19,"enemies":"3 Byrds","floor":18,"turns":5},{"damage":23,"enemies":"Chosen","floor":22,"turns":5},{"damage":37,"enemies":"Snake Plant","floor":24,"turns":4},{"damage":12,"enemies":"Chosen and Byrds","floor":27,"turns":6},{"damage":1,"enemies":"Sentry and Sphere","floor":30,"turns":3},{"damage":27,"enemies":"Shelled Parasite and Fungi","floor":31,"turns":4},{"damage":64,"enemies":"Collector","floor":33,"turns":7},{"damage":12,"enemies":"3 Darklings","floor":35,"turns":4},{"damage":21,"enemies":"Orb Walker","floor":38,"turns":3},{"damage":27,"enemies":"Transient","floor":39,"turns":5},{"damage":34,"enemies":"Giant Head","floor":40,"turns":6},{"damage":51,"enemies":"Nemesis","floor":42,"turns":2}],"seed_played":"7713751973430018834","potions_obtained":[{"floor":1,"key":"Swift Potion"},{"floor":3,"key":"Regen Potion"},{"floor":5,"key":"Fruit Juice"},{"floor":12,"key":"PowerPotion"}],"is_trial":false,"path_per_floor":["M","?","M","?","M","R","E","R","T","?","M","M","M","M","R","B",null,"M","?","?","?","M","R","M","R","T","M","?","$","M","M","R","B",null,"M","?","$","M","M","E","R","E"],"character_chosen":"IRONCLAD","items_purchased":["Swift Strike","DollysMirror","Dramatic Entrance"],"campfire_rested":5,"item_purchase_floors":[29,29,37],"current_hp_per_floor":[85,85,86,86,90,90,78,78,78,59,60,59,60,46,73,44,93,80,74,74,74,57,84,53,80,80,74,74,74,79,58,85,27,93,87,75,75,60,39,11,38,0],"gold":180,"neow_bonus":"TEN_PERCENT_HP_BONUS","is_prod":false,"is_daily":false,"chose_seed":false,"campfire_upgraded":2,"win_rate":0,"timestamp":1566880944,"path_taken":["M","?","M","?","M","R","E","R","T","?","?","?","M","M","R","BOSS","M","?","?","?","M","R","M","R","T","?","?","$","M","M","R","BOSS","M","?","$","M","M","E","R","E"],"build_version":"2019-07-17","purchased_purges":0,"victory":false,"max_hp_per_floor":[88,88,88,88,93,93,93,93,93,93,93,93,93,93,93,93,93,93,93,93,93,93,93,93,93,93,93,93,93,93,93,93,93,93,93,93,93,93,93,93,93,93],"card_choices":[{"not_picked":["Reckless Charge","Power Through"],"picked":"Metallicize","floor":1},{"not_picked":["True Grit","Cleave"],"picked":"Wild Strike","floor":3},{"not_picked":["Pummel","Rupture"],"picked":"Flex","floor":5},{"not_picked":["Rupture","Hemokinesis"],"picked":"Combust","floor":7},{"not_picked":["Warcry","True Grit","Whirlwind"],"picked":"Rage","floor":11},{"not_picked":["Clash","Flame Barrier","Rampage"],"picked":"Inflame","floor":12},{"not_picked":["Thunderclap","Dark Embrace","Intimidate","Body Slam"],"picked":"SKIP","floor":13},{"not_picked":["Hemokinesis","Burning Pact","Cleave"],"picked":"Armaments","floor":14},{"not_picked":["Immolate","Fiend Fire","Feed"],"picked":"Demon Form","floor":16},{"not_picked":["Iron Wave","Hemokinesis","Rage"],"picked":"Perfected Strike","floor":18},{"not_picked":["Disarm","Headbutt","Sword Boomerang"],"picked":"Battle Trance","floor":22},{"not_picked":["Burning Pact","Entrench","Clothesline"],"picked":"Metallicize","floor":24},{"not_picked":["Blood for Blood+1","Twin Strike","Shrug It Off"],"picked":"Perfected Strike+1","floor":27},{"not_picked":["Hemokinesis","Second Wind","Clash","Spot Weakness"],"picked":"SKIP","floor":30},{"not_picked":["Clash","Sword Boomerang","Second Wind"],"picked":"Dual Wield","floor":31},{"not_picked":["Berserk","Impervious","Feed"],"picked":"Double Tap","floor":33},{"not_picked":["Armaments+1","Iron Wave+1","Cleave","Flame Barrier+1"],"picked":"SKIP","floor":35},{"not_picked":["Anger+1","Intimidate+1","Metallicize"],"picked":"Wild Strike+1","floor":38},{"not_picked":["Iron Wave+1","Blood for Blood","Clash+1"],"picked":"Barricade","floor":39},{"not_picked":["Flex","Uppercut","Cleave","Corruption"],"picked":"SKIP","floor":40}],"player_experience":80253,"relics_obtained":[{"floor":7,"key":"Matryoshka"},{"floor":9,"key":"Question Card"},{"floor":9,"key":"PreservedInsect"},{"floor":26,"key":"Art of War"},{"floor":26,"key":"Dodecahedron"},{"floor":40,"key":"Bag of Marbles"}],"event_choices":[{"damage_healed":0,"gold_gain":0,"player_choice":"Left Gold","damage_taken":0,"max_hp_gain":0,"max_hp_loss":0,"event_name":"World of Goop","floor":2,"gold_loss":30},{"damage_healed":0,"gold_gain":0,"player_choice":"Leave","damage_taken":0,"max_hp_gain":0,"max_hp_loss":0,"event_name":"The Cleric","floor":4,"gold_loss":0},{"damage_healed":0,"gold_gain":0,"player_choice":"Entered Light","damage_taken":19,"max_hp_gain":0,"max_hp_loss":0,"event_name":"Shining Light","floor":10,"gold_loss":0,"cards_upgraded":["Strike_R","Defend_R"]},{"damage_healed":0,"gold_gain":0,"player_choice":"Joined the Cult","damage_taken":6,"max_hp_gain":0,"max_hp_loss":0,"event_name":"Nest","floor":19,"gold_loss":0,"cards_obtained":["RitualDagger"]},{"damage_healed":0,"gold_gain":0,"player_choice":"Ignored","damage_taken":0,"max_hp_gain":0,"max_hp_loss":0,"event_name":"Beggar","floor":20,"gold_loss":0},{"cards_removed":["Armaments"],"damage_healed":0,"gold_gain":0,"player_choice":"Took Card","damage_taken":0,"max_hp_gain":0,"max_hp_loss":0,"event_name":"NoteForYourself","floor":21,"gold_loss":0,"cards_obtained":["Strike_G"]},{"damage_healed":0,"gold_gain":0,"player_choice":"Trade","damage_taken":0,"relics_obtained":["CultistMask"],"max_hp_gain":0,"max_hp_loss":0,"event_name":"FaceTrader","floor":28,"gold_loss":0},{"damage_healed":0,"gold_gain":0,"player_choice":"Embrace Madness","damage_taken":12,"max_hp_gain":0,"max_hp_loss":0,"event_name":"Winding Halls","floor":36,"gold_loss":0,"cards_obtained":["Madness","Madness"]}],"is_beta":false,"boss_relics":[{"not_picked":["Coffee Dripper","Calling Bell"],"picked":"Sozu"},{"not_picked":["Lizard Tail","Busted Crown"],"picked":"Astrolabe"}],"items_purged_floors":[],"is_endless":false,"potions_floor_spawned":[1,3,5,12,18,22,30,31,35,38,39],"killed_by":"Nemesis","ascension_level":0}