{"gold_per_floor":[114,189,189,204,219,249,249,174,224,224,239,254,254,269,269,369,369,384,399,149,175,175,175,205,205,280,280,310,185,200,50,50,150,150,150],"floor_reached":35,"playtime":1949,"items_purged":["Bane","Deflect","Poisoned Stab"],"score":468,"play_id":"260ce8a1-20c6-4adb-b7aa-8a264f7c80f6","local_time":"20190820065929","daily_mods":["Draft","Colorless Cards","Lethality"],"is_ascension_mode":false,"campfire_choices":[{"data":"Distraction","floor":7,"key":"SMITH"},{"data":"Panacea","floor":10,"key":"SMITH"},{"data":"Cloak And Dagger","floor":15,"key":"SMITH"},{"data":"Deep Breath","floor":23,"key":"SMITH"},{"data":"Secret Weapon","floor":25,"key":"SMITH"},{"data":"Flying Knee","floor":32,"key":"SMITH"}],"neow_cost":"","seed_source_timestamp":0,"circlet_count":0,"master_deck":["Slice","Quick Slash","Distraction+1","PiercingWail","Flying Knee+1","Quick Slash","Cloak And Dagger+1","Quick Slash","Quick Slash","Escape Plan","Slice","Deep Breath+1","Backstab","Panacea+1","PiercingWail","Secret Weapon+1","Finesse+1"],"special_seed":18127,"relics":["Ring of the Serpent","Snake Skull","Orichalcum","Black Star","Lantern","Red Mask","Potion Belt","Omamori","Kunai","Darkstone Periapt","Bottled Lightning","Oddly Smooth Stone"],"potions_floor_usage":[33],"damage_taken":[{"damage":0,"enemies":"Small Slimes","floor":1,"turns":1},{"damage":0,"enemies":"Cultist","floor":4,"turns":1},{"damage":0,"enemies":"Jaw Worm","floor":5,"turns":2},{"damage":0,"enemies":"Gremlin Nob","floor":6,"turns":2},{"damage":0,"enemies":"3 Louse","floor":11,"turns":1},{"damage":0,"enemies":"Exordium Wildlife","floor":12,"turns":2},{"damage":0,"enemies":"Lots of Slimes","floor":14,"turns":1},{"damage":48,"enemies":"Hexaghost","floor":16,"turns":5},{"damage":0,"enemies":"2 Thieves","floor":18,"turns":2},{"damage":0,"enemies":"Chosen","floor":19,"turns":2},{"damage":1,"enemies":"Masked Bandits","floor":21,"turns":3},{"damage":0,"enemies":"Gremlin Leader","floor":24,"turns":3},{"damage":1,"enemies":"Slavers","floor":28,"turns":4},{"damage":4,"enemies":"Centurion and Healer","floor":30,"turns":3},{"damage":7,"enemies":"Automaton","floor":33,"turns":8},{"damage":0,"enemies":"3 Darklings","floor":35,"turns":2}],"seed_played":"-1712421257355705167","potions_obtained":[{"floor":4,"key":"Ancient Potion"},{"floor":5,"key":"Block Potion"},{"floor":12,"key":"Block Potion"},{"floor":14,"key":"Fire Potion"},{"floor":21,"key":"GhostInAJar"},{"floor":24,"key":"EntropicBrew"},{"floor":30,"key":"Fire Potion"},{"floor":33,"key":"Fire Potion"}],"is_trial":false,"path_per_floor":["M","?","?","M","M","E","R","$","T","R","M","M","?","M","R","B",null,"M","M","$","?","?","R","E","R","T","?","E","$","M","$","R","B",null,"M"],"character_chosen":"THE_SILENT","items_purchased":["Lantern","Oddly Smooth Stone"],"campfire_rested":0,"item_purchase_floors":[20,31],"current_hp_per_floor":[70,59,52,52,52,52,52,52,52,52,52,52,52,52,52,4,70,70,70,70,69,56,56,56,56,56,56,55,55,51,51,51,44,75,75],"gold":150,"neow_bonus":"","is_prod":false,"is_daily":true,"chose_seed":false,"campfire_upgraded":6,"win_rate":0,"timestamp":1566251969,"path_taken":["M","?","?","M","?","E","R","$","T","R","M","M","?","M","R","BOSS","M","M","$","?","?","R","E","R","T","?","E","$","?","?","R","BOSS","M"],"build_version":"2019-07-05","purchased_purges":3,"victory":false,"max_hp_per_floor":[70,70,70,70,70,70,70,70,70,70,70,70,70,70,70,70,70,70,70,70,70,75,75,75,75,75,75,75,75,75,75,75,75,75,75],"card_choices":[{"not_picked":["Expertise","Flying Knee"],"picked":"Slice","floor":0},{"not_picked":["Sucker Punch","All Out Attack"],"picked":"Quick Slash","floor":0},{"not_picked":["Expertise","Outmaneuver"],"picked":"Distraction","floor":0},{"not_picked":["Leg Sweep","Deflect"],"picked":"Poisoned Stab","floor":0},{"not_picked":["Outmaneuver","Backflip"],"picked":"Deflect","floor":0},{"not_picked":["Masterful Stab","Poisoned Stab"],"picked":"PiercingWail","floor":0},{"not_picked":["PiercingWail","Deflect"],"picked":"Flying Knee","floor":0},{"not_picked":["Blur","Catalyst"],"picked":"Quick Slash","floor":0},{"not_picked":["Dodge and Roll","Deflect"],"picked":"Cloak And Dagger","floor":0},{"not_picked":["Dagger Throw","Deflect"],"picked":"Quick Slash","floor":0},{"not_picked":["Bane","Deadly Poison"],"picked":"Quick Slash","floor":0},{"not_picked":["Poisoned Stab","Underhanded Strike"],"picked":"Escape Plan","floor":0},{"not_picked":["PiercingWail","Expertise"],"picked":"Slice","floor":0},{"not_picked":["Underhanded Strike","Deadly Poison"],"picked":"Bane","floor":0},{"not_picked":["Deadly Poison","Expertise"],"picked":"Deep Breath","floor":0},{"not_picked":["Blade Dance","Sucker Punch"],"picked":"Backstab","floor":1},{"not_picked":["Deadly Poison","Underhanded Strike","Sucker Punch"],"picked":"SKIP","floor":4},{"not_picked":["Underhanded Strike","Slice","Poisoned Stab"],"picked":"SKIP","floor":5},{"not_picked":["Prepared","Bouncing Flask"],"picked":"Panacea","floor":6},{"not_picked":["Acrobatics","Dagger Spray","Riddle With Holes"],"picked":"SKIP","floor":11},{"not_picked":["Leg Sweep","Calculated Gamble","Blur"],"picked":"SKIP","floor":12},{"not_picked":["Enlightenment","Dagger Throw"],"picked":"PiercingWail","floor":14},{"not_picked":["Magnetism","Transmutation"],"picked":"Secret Weapon","floor":16},{"not_picked":["Bouncing Flask+1","Choke","Good Instincts+1"],"picked":"SKIP","floor":18},{"not_picked":["Quick Slash+1","Backflip","Deflect"],"picked":"SKIP","floor":19},{"not_picked":["Sucker Punch+1","Dagger Throw","Quick Slash"],"picked":"SKIP","floor":24},{"not_picked":["PanicButton+1","Acrobatics+1","Cloak And Dagger"],"picked":"SKIP","floor":28},{"not_picked":["Underhanded Strike+1","Riddle With Holes"],"picked":"Finesse+1","floor":30}],"player_experience":546393,"relics_obtained":[{"floor":6,"key":"Snake Skull"},{"floor":9,"key":"Orichalcum"},{"floor":21,"key":"Red Mask"},{"floor":24,"key":"Potion Belt"},{"floor":24,"key":"Omamori"},{"floor":26,"key":"Kunai"},{"floor":28,"key":"Darkstone Periapt"},{"floor":28,"key":"Bottled Lightning"}],"event_choices":[{"damage_healed":0,"gold_gain":75,"player_choice":"Gather Gold","damage_taken":11,"max_hp_gain":0,"max_hp_loss":0,"event_name":"World of Goop","floor":2,"gold_loss":0},{"damage_healed":0,"gold_gain":0,"player_choice":"Damaged","damage_taken":7,"max_hp_gain":0,"max_hp_loss":0,"event_name":"Wheel of Change","floor":3,"gold_loss":0},{"damage_healed":0,"gold_gain":0,"player_choice":"Ignored","damage_taken":0,"max_hp_gain":0,"max_hp_loss":0,"event_name":"Liars Game","floor":13,"gold_loss":0},{"damage_healed":0,"gold_gain":0,"player_choice":"Fought Bandits","damage_taken":0,"max_hp_gain":0,"max_hp_loss":0,"event_name":"Masked Bandits","floor":21,"gold_loss":0},{"damage_healed":0,"gold_gain":0,"player_choice":"Shed Blood","damage_taken":18,"max_hp_gain":5,"max_hp_loss":0,"event_name":"Forgotten Altar","floor":22,"gold_loss":0},{"damage_healed":0,"gold_gain":0,"player_choice":"Ignored","damage_taken":0,"max_hp_gain":0,"max_hp_loss":0,"event_name":"Vampires","floor":27,"gold_loss":0}],"is_beta":false,"boss_relics":[{"not_picked":["Snecko Eye","HoveringKite"],"picked":"Black Star"},{"not_picked":["Astrolabe","Runic Dome"],"picked":"Ring of the Serpent"}],"items_purged_floors":[8,20,29],"is_endless":false,"potions_floor_spawned":[4,5,12,14,21,24,30,33],"killed_by":"3 Darklings","ascension_level":0}