{"gold_per_floor":[109,109,109,124,142,142,155,189,259,8,183,19,34,59,59,183,183,183,108,108,108,108,108,108,108,108,108,108,34,34,34,34,34],"floor_reached":33,"playtime":3079,"items_purged":["Doubt"],"score":249,"play_id":"9563d17d-e57a-43f8-ab50-5f8b84891b7a","local_time":"20190824124012","is_ascension_mode":false,"campfire_choices":[{"data":"Exhume","floor":6,"key":"SMITH"},{"data":"Sentinel","floor":15,"key":"SMITH"},{"data":"Impervious","floor":23,"key":"SMITH"},{"floor":25,"key":"REST"},{"floor":30,"key":"REST"},{"floor":32,"key":"REST"}],"neow_cost":"NONE","seed_source_timestamp":500484306741472,"circlet_count":0,"master_deck":["Strike_R","Strike_R","Strike_R","Strike_R","Strike_R","Defend_R","Defend_R","Defend_R","Defend_R","Bash","Fire Breathing+1","Injury","Headbutt","Exhume+1","Sentinel+1","Searing Blow","Swift Strike","Iron Wave","Corruption","Impervious+1","Dropkick+1","Armaments+1","Dropkick","Clash+1","Body Slam","True Grit","Infernal Blade"],"relics":["Burning Blood","Orichalcum","Golden Idol","WingedGreaves","Bottled Flame","Mercury Hourglass","Ectoplasm","Lantern"],"potions_floor_usage":[8,16,16,22,33,33],"damage_taken":[{"damage":10,"enemies":"Jaw Worm","floor":1,"turns":4},{"damage":6,"enemies":"Small Slimes","floor":4,"turns":4},{"damage":5,"enemies":"Cultist","floor":5,"turns":4},{"damage":0,"enemies":"Gremlin Gang","floor":7,"turns":5},{"damage":24,"enemies":"3 Sentries","floor":8,"turns":8},{"damage":8,"enemies":"2 Fungi Beasts","floor":13,"turns":3},{"damage":1,"enemies":"3 Louse","floor":14,"turns":2},{"damage":41,"enemies":"Slime Boss","floor":16,"turns":10},{"damage":6,"enemies":"Chosen","floor":18,"turns":6},{"damage":29,"enemies":"2 Thieves","floor":19,"turns":4},{"damage":18,"enemies":"Chosen and Byrds","floor":22,"turns":8},{"damage":23,"enemies":"Sentry and Sphere","floor":24,"turns":6},{"damage":23,"enemies":"Centurion and Healer","floor":27,"turns":11},{"damage":27,"enemies":"Snake Plant","floor":28,"turns":5},{"damage":113,"enemies":"Collector","floor":33,"turns":9}],"seed_played":"-9163742039066543559","potions_obtained":[{"floor":5,"key":"GamblersBrew"},{"floor":7,"key":"AttackPotion"},{"floor":13,"key":"Energy Potion"},{"floor":14,"key":"BloodPotion"},{"floor":19,"key":"EssenceOfSteel"},{"floor":24,"key":"BloodPotion"}],"is_trial":false,"path_per_floor":["M","?","?","M","M","R","M","E","T","$","?","$","M","M","R","B",null,"M","M","?","?","M","R","M","R","T","M","M","$","R","$","R","B"],"character_chosen":"IRONCLAD","items_purchased":["Mercury Hourglass","Swift Strike","Infernal Blade"],"campfire_rested":3,"item_purchase_floors":[10,12,29],"current_hp_per_floor":[76,76,76,76,77,77,80,62,62,62,62,62,60,65,65,50,80,80,57,80,80,68,68,51,75,75,58,37,37,61,61,80,0],"gold":34,"neow_bonus":"RANDOM_COMMON_RELIC","is_prod":false,"is_daily":false,"chose_seed":false,"campfire_upgraded":3,"win_rate":0.0,"timestamp":1566621612,"path_taken":["M","?","?","?","M","R","?","E","T","$","?","$","M","M","R","BOSS","M","M","?","?","?","R","M","R","T","M","M","$","R","?","R","BOSS"],"build_version":"2019-07-17","purchased_purges":1,"victory":false,"max_hp_per_floor":[80,80,80,80,80,80,80,80,80,80,80,80,80,80,80,80,80,80,80,80,80,80,80,80,80,80,80,80,80,80,80,80,80],"card_choices":[{"not_picked":["Twin Strike","Headbutt"],"picked":"Fire Breathing","floor":1},{"not_picked":["Perfected Strike","Sword Boomerang"],"picked":"Headbutt","floor":4},{"not_picked":["Heavy Blade","Evolve"],"picked":"Exhume","floor":5},{"not_picked":["Flex","Thunderclap"],"picked":"Sentinel","floor":7},{"not_picked":["Battle Trance","Havoc"],"picked":"Searing Blow","floor":8},{"not_picked":["Pommel Strike","Clothesline"],"picked":"Iron Wave","floor":13},{"not_picked":["Pommel Strike","Iron Wave"],"picked":"Corruption","floor":14},{"not_picked":["Demon Form","Bludgeon"],"picked":"Impervious","floor":16},{"not_picked":["Inflame","Warcry"],"picked":"Dropkick+1","floor":18},{"not_picked":["Flex","Disarm+1"],"picked":"Armaments","floor":19},{"not_picked":["Warcry","Headbutt"],"picked":"Dropkick","floor":22},{"not_picked":["Pommel Strike","Thunderclap"],"picked":"Clash+1","floor":24},{"not_picked":["Pommel Strike","Clash"],"picked":"Body Slam","floor":27},{"not_picked":["Clothesline","Clash"],"picked":"True Grit","floor":28}],"player_experience":66226,"relics_obtained":[{"floor":8,"key":"WingedGreaves"},{"floor":9,"key":"Bottled Flame"},{"floor":26,"key":"Lantern"}],"event_choices":[{"damage_healed":0,"gold_gain":0,"player_choice":"Take Wound","damage_taken":0,"relics_obtained":["Golden Idol"],"max_hp_gain":0,"max_hp_loss":0,"event_name":"Golden Idol","floor":2,"gold_loss":0,"cards_obtained":["Injury"]},{"damage_healed":0,"gold_gain":0,"player_choice":"Upgraded","damage_taken":0,"max_hp_gain":0,"max_hp_loss":0,"event_name":"Upgrade Shrine","floor":3,"gold_loss":0,"cards_upgraded":["Fire Breathing"]},{"damage_healed":0,"gold_gain":175,"player_choice":"AGREE","damage_taken":0,"max_hp_gain":0,"max_hp_loss":0,"event_name":"Liars Game","floor":11,"gold_loss":0,"cards_obtained":["Doubt"]},{"damage_healed":26,"gold_gain":0,"player_choice":"Heal","damage_taken":0,"max_hp_gain":0,"max_hp_loss":0,"event_name":"The Library","floor":20,"gold_loss":0},{"damage_healed":0,"gold_gain":0,"player_choice":"Upgraded","damage_taken":0,"max_hp_gain":0,"max_hp_loss":0,"event_name":"Upgrade Shrine","floor":21,"gold_loss":0,"cards_upgraded":["Armaments"]}],"is_beta":false,"boss_relics":[{"not_picked":["Sozu","White Beast Statue"],"picked":"Ectoplasm"}],"items_purged_floors":[12],"is_endless":false,"potions_floor_spawned":[5,7,13,14,19,24],"killed_by":"Collector","ascension_level":0}