{"path_per_floor":["M","M","M","?","M","E","M","R","T","R","M","?","E","M","R","B",null,"M","?","?"],"character_chosen":"THE_SILENT","items_purchased":[],"gold_per_floor":[109,119,133,133,145,177,188,188,188,188,205,230,263,277,277,380,380,365,395,395,395],"floor_reached":21,"campfire_rested":3,"playtime":1440,"current_hp_per_floor":[66,59,50,36,28,10,10,31,31,52,48,40,36,26,47,21,70,57,7,7,0],"items_purged":[],"gold":395,"score":226,"play_id":"6d2f5c49-47d8-4ac7-b59a-ba4820eb33a1","local_time":"20180519212620","is_prod":false,"is_daily":false,"chose_seed":false,"is_ascension_mode":true,"campfire_upgraded":0,"timestamp":1526757980,"campfire_choices":[{"floor":8,"key":"REST"},{"floor":10,"key":"REST"},{"floor":15,"key":"REST"}],"path_taken":["M","M","M","?","?","E","M","R","T","R","M","?","E","M","R","BOSS","M","?","?","?"],"build_version":"2018-05-17","seed_source_timestamp":303120265961771,"purchased_purges":0,"victory":false,"master_deck":["Defend_G","Defend_G","Defend_G+1","Defend_G","Strike_G","Strike_G","Strike_G","Survivor","Neutralize","Accuracy","PiercingWail+1","Deadly Poison","Bouncing Flask","Footwork","Bane","Blur","Terror","Flying Knee","Cloak And Dagger","Storm of Steel","Envenom+1","Bouncing Flask+1","Predator+1","Footwork","Backflip","Ghostly","Ghostly","Ghostly","Ghostly","Ghostly"],"max_hp_per_floor":[70,70,70,70,70,70,70,70,70,70,70,70,70,70,70,70,70,70,70,35,35],"relics":["Ring of the Snake","Anchor","Art of War","Mummified Hand","Odd Mushroom","Blood Vial","Astrolabe","Red Mask"],"card_choices":[{"not_picked":["Cloak And Dagger","Leg Sweep"],"picked":"Accuracy","floor":1},{"not_picked":["Concentrate","Dash"],"picked":"PiercingWail","floor":2},{"not_picked":["Dagger Throw","Dodge and Roll"],"picked":"Deadly Poison","floor":3},{"not_picked":["Night Terror","Flying Knee"],"picked":"Bouncing Flask","floor":5},{"not_picked":["Underhanded Strike","Endless Agony"],"picked":"Footwork","floor":6},{"not_picked":["Dodge and Roll","Deadly Poison"],"picked":"Bane","floor":7},{"not_picked":["Sucker Punch","PiercingWail"],"picked":"Blur","floor":11},{"not_picked":["Dodge and Roll","Backstab"],"picked":"Terror","floor":12},{"not_picked":["Prepared","Glass Knife"],"picked":"Flying Knee","floor":13},{"not_picked":["All Out Attack","Leg Sweep"],"picked":"Cloak And Dagger","floor":14},{"not_picked":["Venomology","Die Die Die"],"picked":"Storm of Steel","floor":16},{"not_picked":["Caltrops","Quick Slash"],"picked":"Footwork","floor":18},{"not_picked":["Flying Knee","Slice"],"picked":"Backflip","floor":19}],"player_experience":126191,"potions_floor_usage":[6,6,7,16],"damage_taken":[{"damage":4,"enemies":"Cultist","floor":1,"turns":4},{"damage":7,"enemies":"Small Slimes","floor":2,"turns":4},{"damage":9,"enemies":"Jaw Worm","floor":3,"turns":6},{"damage":8,"enemies":"Lots of Slimes","floor":5,"turns":6},{"damage":18,"enemies":"Lagavulin","floor":6,"turns":6},{"damage":0,"enemies":"Large Slime","floor":7,"turns":5},{"damage":4,"enemies":"2 Fungi Beasts","floor":11,"turns":3},{"damage":8,"enemies":"The Mushroom Lair","floor":12,"turns":5},{"damage":4,"enemies":"3 Sentries","floor":13,"turns":10},{"damage":12,"enemies":"Exordium Thugs","floor":14,"turns":4},{"damage":28,"enemies":"The Guardian","floor":16,"turns":9},{"damage":13,"enemies":"2 Thieves","floor":18,"turns":4},{"damage":52,"enemies":"Masked Bandits","floor":19,"turns":6},{"damage":13,"enemies":"Shell Parasite","floor":21,"turns":3}],"relics_obtained":[{"floor":6,"key":"Art of War"},{"floor":9,"key":"Mummified Hand"},{"floor":12,"key":"Odd Mushroom"},{"floor":13,"key":"Blood Vial"},{"floor":19,"key":"Red Mask"}],"event_choices":[{"event_name":"Shining Light","player_choice":"Entered Light","floor":4,"damage_taken":0},{"event_name":"Mushrooms","player_choice":"Fought Mushrooms","floor":12,"damage_taken":0},{"event_name":"Masked Bandits","player_choice":"Fought over 365 gold","floor":19,"damage_taken":0},{"event_name":"Ghosts","player_choice":"Became a Ghost","floor":20,"damage_taken":0}],"boss_relics":[{"not_picked":["Lizard Tail","Snecko Eye"],"picked":"Astrolabe"}],"potions_floor_spawned":[3,5,6,14],"seed_played":"7685773146832803059","killed_by":"Shell Parasite","ascension_level":1,"potions_obtained":[{"floor":3,"key":"Weak Potion"},{"floor":5,"key":"Swift Potion"},{"floor":6,"key":"SteroidPotion"},{"floor":14,"key":"SteroidPotion"}],"is_trial":false}