{"gold_per_floor":[116,116,169,244,263,291,391,391,391,197,217,232,243,270,270,375,375,389,389,409,105,123,123,123,182,182,182,182,198,213,213,213,213],"floor_reached":33,"playtime":1541,"items_purged":["Strike_B"],"score":314,"play_id":"f3e9e8ae-690c-456b-b253-c2f8830d46e0","local_time":"20181231213943","is_ascension_mode":true,"campfire_choices":[{"floor":8,"key":"REST"},{"floor":15,"key":"REST"},{"floor":23,"key":"REST"},{"floor":28,"key":"REST"},{"floor":32,"key":"REST"}],"neow_cost":"NONE","seed_source_timestamp":194901357005538,"circlet_count":0,"master_deck":["Strike_B+1","Strike_B+1","Defend_B","Defend_B","Defend_B","Defend_B","Zap","Dualcast","Tempest","Hyperbeam","Streamline","Static Discharge","Seek","Reinforced Body","Glacier","Skim"],"relics":["Cracked Core","Smiling Mask","Whetstone","Dodecahedron","Bag of Preparation","Meat on the Bone","Sozu","FossilizedHelix","Tiny Chest","Sundial","Pear"],"potions_floor_usage":[16,16],"damage_taken":[{"damage":1,"enemies":"2 Louse","floor":1,"turns":2},{"damage":6,"enemies":"Jaw Worm","floor":5,"turns":3},{"damage":19,"enemies":"Gremlin Nob","floor":6,"turns":4},{"damage":0,"enemies":"Small Slimes","floor":11,"turns":1},{"damage":0,"enemies":"2 Fungi Beasts","floor":12,"turns":1},{"damage":0,"enemies":"3 Louse","floor":13,"turns":1},{"damage":26,"enemies":"Lagavulin","floor":14,"turns":6},{"damage":40,"enemies":"Hexaghost","floor":16,"turns":7},{"damage":9,"enemies":"3 Byrds","floor":18,"turns":3},{"damage":17,"enemies":"Spheric Guardian","floor":20,"turns":4},{"damage":12,"enemies":"Snecko","floor":22,"turns":4},{"damage":52,"enemies":"Gremlin Leader","floor":25,"turns":8},{"damage":0,"enemies":"Centurion and Healer","floor":29,"turns":8},{"damage":4,"enemies":"Cultist and Chosen","floor":30,"turns":9},{"damage":113,"enemies":"Automaton","floor":33,"turns":12}],"seed_played":"2099299018889026068","potions_obtained":[{"floor":6,"key":"Regen Potion"},{"floor":11,"key":"SneckoOil"},{"floor":14,"key":"LiquidBronze"}],"is_trial":false,"path_per_floor":["M","?","T","?","M","E","?","R","T","$","M","M","M","E","R","B",null,"M","$","M","$","M","R","?","E","T","?","R","M","M","T","R","B"],"character_chosen":"DEFECT","items_purchased":["Bag of Preparation","FossilizedHelix"],"campfire_rested":5,"item_purchase_floors":[10,21],"current_hp_per_floor":[74,74,74,63,57,38,38,60,60,60,60,60,60,34,56,43,75,66,66,49,49,49,71,57,17,17,17,41,41,49,59,86,0],"gold":213,"neow_bonus":"REMOVE_CARD","is_prod":false,"is_daily":false,"chose_seed":false,"campfire_upgraded":0,"win_rate":0,"timestamp":1546259983,"path_taken":["M","?","?","?","M","E","?","R","T","$","M","M","?","E","R","BOSS","M","$","M","$","M","R","?","E","T","?","R","M","?","?","R","BOSS"],"build_version":"2018-12-20","purchased_purges":1,"victory":false,"max_hp_per_floor":[75,75,75,75,75,75,75,75,75,75,75,75,75,75,75,75,75,75,75,75,75,75,75,80,80,80,80,80,80,80,90,90,90],"card_choices":[{"not_picked":["Hologram","Sweeping Beam"],"picked":"Tempest","floor":1},{"not_picked":["Skim","Beam Cell","Stack"],"picked":"SKIP","floor":5},{"not_picked":["BootSequence","Cold Snap"],"picked":"Hyperbeam","floor":6},{"not_picked":["Steam","Beam Cell","Compile Driver"],"picked":"SKIP","floor":11},{"not_picked":["Conserve Battery","Compile Driver","Beam Cell"],"picked":"SKIP","floor":12},{"not_picked":["BootSequence","Double Energy"],"picked":"Streamline","floor":13},{"not_picked":["Turbo","Steam Power"],"picked":"Static Discharge","floor":14},{"not_picked":["Buffer","Biased Cognition"],"picked":"Seek","floor":16},{"not_picked":["Barrage","Sweeping Beam","Darkness+1"],"picked":"SKIP","floor":18},{"not_picked":["Consume","Recycle","Barrage"],"picked":"SKIP","floor":20},{"not_picked":["Compile Driver+1","Rip and Tear","Beam Cell+1"],"picked":"SKIP","floor":22},{"not_picked":["Defragment","Streamline+1"],"picked":"Reinforced Body","floor":25},{"not_picked":["Hologram+1","Reboot"],"picked":"Glacier","floor":29},{"not_picked":["Rebound","Sunder"],"picked":"Skim","floor":30}],"player_experience":83678,"relics_obtained":[{"floor":3,"key":"Smiling Mask"},{"floor":6,"key":"Whetstone"},{"floor":9,"key":"Dodecahedron"},{"floor":14,"key":"Meat on the Bone"},{"floor":25,"key":"Tiny Chest"},{"floor":26,"key":"Sundial"},{"floor":31,"key":"Pear"}],"event_choices":[{"damage_healed":0,"gold_gain":0,"player_choice":"Ignored","damage_taken":0,"max_hp_gain":0,"max_hp_loss":0,"event_name":"Liars Game","floor":2,"gold_loss":0},{"damage_healed":0,"gold_gain":75,"player_choice":"Gather Gold","damage_taken":11,"max_hp_gain":0,"max_hp_loss":0,"event_name":"World of Goop","floor":4,"gold_loss":0},{"damage_healed":0,"gold_gain":100,"player_choice":"Gold","damage_taken":0,"max_hp_gain":0,"max_hp_loss":0,"event_name":"Wheel of Change","floor":7,"gold_loss":0},{"damage_healed":0,"gold_gain":0,"player_choice":"Shed Blood","damage_taken":19,"max_hp_gain":5,"max_hp_loss":0,"event_name":"Forgotten Altar","floor":24,"gold_loss":0},{"damage_healed":0,"gold_gain":0,"player_choice":"Bought 0 Potions","damage_taken":0,"max_hp_gain":0,"max_hp_loss":0,"event_name":"The Woman in Blue","floor":27,"gold_loss":0}],"is_beta":false,"boss_relics":[{"not_picked":["Orrery","Inserter"],"picked":"Sozu"}],"items_purged_floors":[10],"is_endless":false,"potions_floor_spawned":[6,11,14,22,25,29,30],"killed_by":"Automaton","ascension_level":1}