{"gold_per_floor":[112,131,3,3,153,153,167,167,222,222,222,233,198,258,258,336,336,352,14,14,24,24,58,58,58,58,58,58,58,70,70,70,70],"floor_reached":33,"playtime":2099,"items_purged":["Shame"],"score":543,"play_id":"6128878c-0e18-40ee-96d6-fd869dd84f10","local_time":"20190825134305","is_ascension_mode":true,"campfire_choices":[{"data":"Go for the Eyes","floor":6,"key":"SMITH"},{"data":"Fusion","floor":8,"key":"SMITH"},{"data":"Zap","floor":11,"key":"SMITH"},{"floor":15,"key":"REST"},{"data":"Redo","floor":25,"key":"SMITH"},{"data":"Dualcast","floor":27,"key":"SMITH"},{"data":"Seek","floor":32,"key":"SMITH"}],"neow_cost":"CURSE","seed_source_timestamp":411231570040100,"circlet_count":0,"master_deck":["AscendersBane","Defend_B","Defend_B","Defend_B","Defend_B","Zap+1","Dualcast+1","Darkness","Fusion+1","Go for the Eyes+1","Compile Driver","Conserve Battery","Reinforced Body","All For One","Self Repair+1","Bite","Bite","Bite","Bite","Bite","Redo+1","All For One","Auto Shields+1","Seek+1","Auto Shields+1","Necronomicurse"],"relics":["Cracked Core","Mango","Boot","Juzu Bracelet","Bag of Preparation","Tiny Chest","Coffee Dripper","Peace Pipe","Darkstone Periapt","Meat on the Bone","Necronomicon"],"potions_floor_usage":[14,23,23,30],"damage_taken":[{"damage":7,"enemies":"Jaw Worm","floor":1,"turns":3},{"damage":6,"enemies":"Small Slimes","floor":2,"turns":3},{"damage":3,"enemies":"2 Louse","floor":7,"turns":3},{"damage":11,"enemies":"2 Fungi Beasts","floor":12,"turns":4},{"damage":32,"enemies":"Gremlin Nob","floor":14,"turns":4},{"damage":25,"enemies":"Slime Boss","floor":16,"turns":11},{"damage":24,"enemies":"3 Byrds","floor":18,"turns":5},{"damage":0,"enemies":"Chosen","floor":21,"turns":5},{"damage":58,"enemies":"Book of Stabbing","floor":23,"turns":7},{"damage":7,"enemies":"Centurion and Healer","floor":30,"turns":5},{"damage":64,"enemies":"Collector","floor":33,"turns":6}],"seed_played":"-7983282010306787276","potions_obtained":[{"floor":2,"key":"FearPotion"},{"floor":7,"key":"Poison Potion"},{"floor":18,"key":"Fire Potion"},{"floor":23,"key":"AttackPotion"}],"is_trial":false,"path_per_floor":["M","M","$","?","?","R","M","R","T","T","R","M","?","E","R","B",null,"M","$","?","M","?","E","?","R","T","R","$","?","M","?","R","B"],"character_chosen":"DEFECT","items_purchased":["Go for the Eyes","Peace Pipe"],"campfire_rested":1,"item_purchase_floors":[3,19],"current_hp_per_floor":[71,65,65,47,47,47,44,44,44,44,44,33,33,1,26,1,64,40,40,40,59,59,23,23,23,23,23,23,23,44,29,29,0],"gold":70,"neow_bonus":"ONE_RARE_RELIC","is_prod":false,"is_daily":false,"chose_seed":false,"campfire_upgraded":6,"win_rate":0,"timestamp":1566754985,"path_taken":["M","M","$","?","?","R","M","R","T","?","R","M","?","E","R","BOSS","M","$","?","M","?","E","?","R","T","R","$","?","M","?","R","BOSS"],"build_version":"2019-07-17","purchased_purges":1,"victory":false,"max_hp_per_floor":[85,85,85,85,85,85,85,85,85,85,85,85,85,85,85,85,85,85,85,59,59,59,59,59,59,59,59,59,59,59,65,65,65],"card_choices":[{"not_picked":["Steam Power","Stack"],"picked":"Darkness","floor":1},{"not_picked":["Aggregate","Gash"],"picked":"Fusion","floor":2},{"not_picked":["Steam","Ball Lightning"],"picked":"Compile Driver","floor":7},{"not_picked":["Leap","Defragment"],"picked":"Conserve Battery","floor":12},{"not_picked":["Self Repair","Rebound"],"picked":"Reinforced Body","floor":14},{"not_picked":["Core Surge","Reboot"],"picked":"All For One","floor":16},{"not_picked":["Stack","Gash"],"picked":"Self Repair+1","floor":18},{"not_picked":["Conserve Battery","Steam Power"],"picked":"Redo","floor":21},{"not_picked":["Rebound","Beam Cell"],"picked":"Auto Shields+1","floor":23},{"not_picked":["Chill","Redo"],"picked":"Auto Shields+1","floor":30}],"player_experience":440238,"relics_obtained":[{"floor":9,"key":"Juzu Bracelet"},{"floor":10,"key":"Bag of Preparation"},{"floor":14,"key":"Tiny Chest"},{"floor":23,"key":"Darkstone Periapt"},{"floor":26,"key":"Meat on the Bone"},{"floor":31,"key":"Necronomicon"}],"event_choices":[{"damage_healed":0,"gold_gain":0,"player_choice":"Success","damage_taken":18,"relics_obtained":["Boot"],"max_hp_gain":0,"max_hp_loss":0,"event_name":"Scrap Ooze","floor":4,"gold_loss":0},{"damage_healed":0,"gold_gain":150,"player_choice":"AGREE","damage_taken":0,"max_hp_gain":0,"max_hp_loss":0,"event_name":"Liars Game","floor":5,"gold_loss":0,"cards_obtained":["Doubt"]},{"damage_healed":0,"gold_gain":0,"player_choice":"Left Gold","damage_taken":0,"max_hp_gain":0,"max_hp_loss":0,"event_name":"World of Goop","floor":13,"gold_loss":35},{"damage_healed":0,"gold_gain":0,"player_choice":"Became a vampire","damage_taken":0,"max_hp_gain":0,"max_hp_loss":26,"event_name":"Vampires","floor":20,"gold_loss":0,"cards_obtained":["Bite","Bite","Bite","Bite","Bite"]},{"damage_healed":0,"gold_gain":0,"player_choice":"Copied","damage_taken":0,"max_hp_gain":0,"max_hp_loss":0,"event_name":"Duplicator","floor":22,"gold_loss":0,"cards_obtained":["All For One"]},{"cards_removed":["Doubt"],"damage_healed":0,"gold_gain":0,"player_choice":"Elegance","damage_taken":0,"max_hp_gain":0,"max_hp_loss":0,"event_name":"Back to Basics","floor":24,"gold_loss":0},{"damage_healed":0,"gold_gain":0,"player_choice":"Read","damage_taken":0,"max_hp_gain":0,"max_hp_loss":0,"event_name":"The Library","floor":29,"gold_loss":0,"cards_obtained":["Seek"]},{"damage_healed":0,"gold_gain":0,"player_choice":"Obtained Book","damage_taken":21,"max_hp_gain":0,"max_hp_loss":0,"event_name":"Cursed Tome","floor":31,"gold_loss":0}],"is_beta":false,"boss_relics":[{"not_picked":["Fusion Hammer","Inserter"],"picked":"Coffee Dripper"}],"items_purged_floors":[3],"is_endless":false,"potions_floor_spawned":[2,7,18,23],"killed_by":"Collector","ascension_level":20}