{"gold_per_floor":[116,131,28,41,60,87,87,115,142,142,157,186,186,204,204,277,277,297,314,314,314,314,314,39,67,146,157,157,174,20,46,46,117,117,134,188,16,16,30,30,30],"floor_reached":41,"playtime":2525,"items_purged":["Writhe","Strike_R+1"],"score":998,"play_id":"6406de2c-6eba-430e-93f2-f93aef11d860","local_time":"20190830155520","is_ascension_mode":true,"campfire_choices":[{"data":"Immolate","floor":7,"key":"SMITH"},{"floor":10,"key":"REST"},{"data":"Bash","floor":13,"key":"SMITH"},{"data":"Pommel Strike","floor":15,"key":"SMITH"},{"data":"Offering","floor":23,"key":"SMITH"},{"data":"Demon Form","floor":32,"key":"SMITH"},{"floor":40,"key":"REST"}],"neow_cost":"CURSE","seed_source_timestamp":62923221888200,"circlet_count":0,"master_deck":["AscendersBane","Strike_R+1","Strike_R+1","Strike_R+1","Defend_R+1","Defend_R+1","Defend_R+1","Defend_R+1","Bash+1","Immolate+1","Anger","Offering+1","Warcry","Battle Trance","Disarm","Impervious","Clothesline","Pommel Strike+1","Shrug It Off","Shrug It Off","Demon Form+1","Inflame","Battle Trance","Shrug It Off","Headbutt","Rage","Clothesline+1"],"relics":["Burning Blood","Shuriken","Happy Flower","Boot","Lantern","Runic Dome","Nilry\u0027s Codex","Strange Spoon","Regal Pillow","Ornamental Fan","Juzu Bracelet","Cursed Key","FossilizedHelix","Centennial Puzzle"],"potions_floor_usage":[6,12,16,19,25,27,29,33,36,41],"damage_taken":[{"damage":7,"enemies":"Cultist","floor":1,"turns":4},{"damage":12,"enemies":"Small Slimes","floor":2,"turns":2},{"damage":7,"enemies":"Jaw Worm","floor":4,"turns":3},{"damage":5,"enemies":"Large Slime","floor":5,"turns":6},{"damage":21,"enemies":"3 Sentries","floor":6,"turns":5},{"damage":34,"enemies":"Lagavulin","floor":8,"turns":6},{"damage":10,"enemies":"Looter","floor":11,"turns":3},{"damage":6,"enemies":"Gremlin Nob","floor":12,"turns":3},{"damage":0,"enemies":"Exordium Wildlife","floor":14,"turns":2},{"damage":6,"enemies":"Slime Boss","floor":16,"turns":5},{"damage":16,"enemies":"Spheric Guardian","floor":18,"turns":4},{"damage":6,"enemies":"Shell Parasite","floor":19,"turns":3},{"damage":27,"enemies":"Book of Stabbing","floor":25,"turns":4},{"damage":15,"enemies":"Shelled Parasite and Fungi","floor":27,"turns":3},{"damage":6,"enemies":"Snecko","floor":29,"turns":4},{"damage":14,"enemies":"Gremlin Leader","floor":31,"turns":5},{"damage":35,"enemies":"Collector","floor":33,"turns":7},{"damage":1,"enemies":"3 Shapes","floor":35,"turns":2},{"damage":22,"enemies":"2 Orb Walkers","floor":36,"turns":4},{"damage":28,"enemies":"3 Darklings","floor":39,"turns":4},{"damage":71,"enemies":"Reptomancer","floor":41,"turns":4}],"seed_played":"614554588493854669","potions_obtained":[{"floor":4,"key":"Swift Potion"},{"floor":6,"key":"Dexterity Potion"},{"floor":11,"key":"SteroidPotion"},{"floor":12,"key":"Fire Potion"},{"floor":14,"key":"BloodPotion"},{"floor":18,"key":"BloodPotion"},{"floor":25,"key":"Regen Potion"},{"floor":27,"key":"Fire Potion"},{"floor":33,"key":"Ancient Potion"},{"floor":35,"key":"AttackPotion"},{"floor":39,"key":"SmokeBomb"}],"is_trial":false,"path_per_floor":["M","M","$","M","M","E","R","E","T","R","M","E","R","M","R","B",null,"M","M","?","?","?","R","$","E","T","M","?","M","$","E","R","B",null,"M","?","$","?","M","R","E"],"character_chosen":"IRONCLAD","items_purchased":["Warcry","Strange Spoon","PowerPotion","Headbutt","Centennial Puzzle"],"campfire_rested":2,"item_purchase_floors":[3,24,24,30,37],"current_hp_per_floor":[67,61,61,60,61,46,46,18,18,40,36,36,36,42,42,42,67,57,75,75,54,54,54,54,33,33,33,48,66,66,58,58,29,64,69,53,53,53,31,68,0],"gold":30,"neow_bonus":"THREE_RARE_CARDS","is_prod":false,"is_daily":false,"chose_seed":false,"campfire_upgraded":5,"win_rate":0,"timestamp":1567194920,"path_taken":["M","M","$","?","M","E","R","E","T","R","M","E","R","M","R","BOSS","M","M","?","?","?","R","?","E","T","?","?","M","$","E","R","BOSS","M","?","$","?","M","R","E"],"build_version":"2019-07-17","purchased_purges":2,"victory":false,"max_hp_per_floor":[75,75,75,75,75,75,75,75,75,75,75,75,75,75,75,75,75,75,75,75,75,75,75,75,75,75,75,75,75,75,75,75,75,75,75,75,75,75,75,75,75],"card_choices":[{"not_picked":["Limit Break","Reaper"],"picked":"Immolate","floor":0},{"not_picked":["Perfected Strike","True Grit"],"picked":"Anger","floor":1},{"not_picked":["Iron Wave","Headbutt"],"picked":"Offering","floor":2},{"not_picked":["Body Slam","Flex"],"picked":"Battle Trance","floor":4},{"not_picked":["Hemokinesis","Pommel Strike"],"picked":"Disarm","floor":5},{"not_picked":["Warcry","Seeing Red"],"picked":"Impervious","floor":6},{"not_picked":["Metallicize","Entrench"],"picked":"Clothesline","floor":8},{"not_picked":["Shockwave","Dropkick"],"picked":"Pommel Strike","floor":11},{"not_picked":["Ghostly Armor","Intimidate"],"picked":"Shrug It Off","floor":12},{"not_picked":["Cleave","Uppercut"],"picked":"Shrug It Off","floor":14},{"not_picked":["Brutality","Impervious"],"picked":"Demon Form","floor":16},{"not_picked":["Flex+1","Bloodletting+1","Wild Strike"],"picked":"SKIP","floor":18},{"not_picked":["Spot Weakness","Dropkick"],"picked":"Inflame","floor":19},{"not_picked":["Clothesline","Iron Wave"],"picked":"Battle Trance","floor":25},{"not_picked":["Sword Boomerang","Wild Strike+1","Headbutt"],"picked":"SKIP","floor":27},{"not_picked":["Disarm","Cleave"],"picked":"Shrug It Off","floor":29},{"not_picked":["Headbutt","Rampage"],"picked":"Rage","floor":31},{"not_picked":["Thunderclap","Anger","Iron Wave"],"picked":"SKIP","floor":35},{"not_picked":["Pommel Strike","Combust"],"picked":"Clothesline+1","floor":36},{"not_picked":["Headbutt+1","Pommel Strike","Intimidate"],"picked":"SKIP","floor":39}],"player_experience":205644,"relics_obtained":[{"floor":6,"key":"Shuriken"},{"floor":8,"key":"Happy Flower"},{"floor":9,"key":"Boot"},{"floor":12,"key":"Lantern"},{"floor":21,"key":"Nilry\u0027s Codex"},{"floor":25,"key":"Regal Pillow"},{"floor":26,"key":"Ornamental Fan"},{"floor":31,"key":"Juzu Bracelet"},{"floor":36,"key":"FossilizedHelix"}],"event_choices":[{"damage_healed":0,"gold_gain":0,"player_choice":"Simplicity","damage_taken":0,"max_hp_gain":0,"max_hp_loss":0,"event_name":"Back to Basics","floor":20,"gold_loss":0,"cards_upgraded":["Strike_R","Strike_R","Strike_R","Strike_R","Strike_R","Defend_R","Defend_R","Defend_R","Defend_R"]},{"damage_healed":0,"gold_gain":0,"player_choice":"Obtained Book","damage_taken":21,"max_hp_gain":0,"max_hp_loss":0,"event_name":"Cursed Tome","floor":21,"gold_loss":0},{"damage_healed":0,"gold_gain":0,"player_choice":"Ignored","damage_taken":0,"max_hp_gain":0,"max_hp_loss":0,"event_name":"Ghosts","floor":22,"gold_loss":0},{"damage_healed":15,"gold_gain":0,"player_choice":"Heal","damage_taken":0,"max_hp_gain":0,"max_hp_loss":0,"event_name":"The Library","floor":28,"gold_loss":0},{"damage_healed":0,"gold_gain":0,"player_choice":"Fight","damage_taken":0,"max_hp_gain":0,"max_hp_loss":0,"event_name":"Mysterious Sphere","floor":36,"gold_loss":0},{"cards_removed":["Strike_R"],"damage_healed":0,"gold_gain":0,"player_choice":"Removed Attack","damage_taken":0,"max_hp_gain":0,"max_hp_loss":0,"event_name":"Falling","floor":38,"gold_loss":0}],"is_beta":false,"boss_relics":[{"not_picked":["Black Blood","Orrery"],"picked":"Runic Dome"},{"not_picked":["Calling Bell","Coffee Dripper"],"picked":"Cursed Key"}],"items_purged_floors":[3,30],"is_endless":false,"potions_floor_spawned":[4,6,11,12,14,18,25,27,33,35,39],"killed_by":"Reptomancer","ascension_level":20}