{"gold_per_floor":[111,111,286,211,211,237,237,159,234,248,248,260,287,299,299,299],"floor_reached":16,"playtime":567,"items_purged":["Doubt"],"score":130,"play_id":"64558809-8f26-45cc-8195-a98e3b88809f","local_time":"20181125232106","is_ascension_mode":true,"campfire_choices":[{"floor":7,"key":"REST"},{"data":"Inflame","floor":15,"key":"SMITH"}],"neow_cost":"NONE","seed_source_timestamp":688198212286647,"circlet_count":0,"master_deck":["Strike_R","Strike_R","Strike_R","Strike_R","Strike_R","Defend_R","Defend_R","Defend_R","Defend_R","Bash+1","Cleave","Warcry","Inflame+1","Body Slam","Flex","Iron Wave"],"relics":["Burning Blood","Shuriken","Regal Pillow","Bottled Flame","The Courier","Ornamental Fan"],"potions_floor_usage":[14,16],"damage_taken":[{"damage":0,"enemies":"2 Louse","floor":1,"turns":3},{"damage":45,"enemies":"3 Sentries","floor":6,"turns":6},{"damage":12,"enemies":"Jaw Worm","floor":10,"turns":3},{"damage":1,"enemies":"Cultist","floor":12,"turns":4},{"damage":20,"enemies":"Gremlin Nob","floor":13,"turns":4},{"damage":0,"enemies":"Lots of Slimes","floor":14,"turns":2},{"damage":59,"enemies":"The Guardian","floor":16,"turns":9}],"seed_played":"-3079058790502849197","potions_obtained":[{"floor":6,"key":"EssenceOfSteel"},{"floor":13,"key":"Block Potion"}],"is_trial":false,"path_per_floor":["M","?","?","$","?","E","R","$","T","M","T","M","E","M","R","B"],"character_chosen":"IRONCLAD","items_purchased":["Inflame"],"campfire_rested":1,"item_purchase_floors":[8],"current_hp_per_floor":[80,68,68,68,68,29,68,68,68,62,62,67,53,59,59,0],"gold":299,"neow_bonus":"UPGRADE_CARD","is_prod":false,"is_daily":false,"chose_seed":false,"campfire_upgraded":1,"win_rate":0,"timestamp":1543184466,"path_taken":["M","?","?","$","?","E","R","$","T","M","?","?","E","M","R","BOSS"],"build_version":"2018-11-15","purchased_purges":1,"victory":false,"max_hp_per_floor":[80,80,80,80,80,80,80,80,80,80,80,80,80,80,80,80],"card_choices":[{"not_picked":["Pommel Strike","Sentinel"],"picked":"Cleave","floor":1},{"not_picked":["Rage","Combust"],"picked":"Warcry","floor":6},{"not_picked":["Havoc","Clash"],"picked":"Body Slam","floor":10},{"not_picked":["Warcry","Armaments"],"picked":"Flex","floor":12},{"not_picked":["Dual Wield","Perfected Strike"],"picked":"Iron Wave","floor":13},{"not_picked":["Wild Strike","Exhume","Twin Strike"],"picked":"SKIP","floor":14}],"player_experience":312353,"relics_obtained":[{"floor":6,"key":"Regal Pillow"},{"floor":9,"key":"Bottled Flame"},{"floor":11,"key":"The Courier"},{"floor":13,"key":"Ornamental Fan"}],"event_choices":[{"damage_healed":0,"gold_gain":0,"player_choice":"Success","damage_taken":12,"relics_obtained":["Shuriken"],"max_hp_gain":0,"max_hp_loss":0,"event_name":"Scrap Ooze","floor":2,"gold_loss":0},{"damage_healed":0,"gold_gain":175,"player_choice":"AGREE","damage_taken":0,"max_hp_gain":0,"max_hp_loss":0,"event_name":"Liars Game","floor":3,"gold_loss":0,"cards_obtained":["Doubt"]},{"damage_healed":0,"gold_gain":0,"player_choice":"Leave","damage_taken":0,"max_hp_gain":0,"max_hp_loss":0,"event_name":"The Cleric","floor":5,"gold_loss":0}],"is_beta":false,"boss_relics":[],"items_purged_floors":[4],"is_endless":false,"potions_floor_spawned":[6,13],"killed_by":"The Guardian","ascension_level":4}