{"gold_per_floor":[110,28,47,64,10,10,25,25,25,25,25,25,61,13,13,13],"floor_reached":16,"playtime":1111,"items_purged":[],"score":98,"play_id":"ece573e4-1935-4329-8ddb-d68c7f928d3e","local_time":"20190830172319","is_ascension_mode":false,"campfire_choices":[{"data":"Perfected Strike","floor":6,"key":"SMITH"},{"data":"Juggernaut","floor":10,"key":"SMITH"},{"data":"Pommel Strike","floor":12,"key":"SMITH"},{"floor":15,"key":"REST"}],"neow_cost":"NONE","seed_source_timestamp":2574470207338873,"circlet_count":0,"master_deck":["Strike_R","Strike_R","Strike_R","Strike_R","Strike_R","Defend_R","Defend_R","Defend_R","Defend_R","Bash","Thunderclap","Seeing Red","Perfected Strike+1","Combust","Heavy Blade","Armaments","Pommel Strike+1","Juggernaut+1","Injury","Parasite","Cleave","Armaments"],"relics":["Burning Blood","Golden Idol","Centennial Puzzle","Frozen Egg 2"],"potions_floor_usage":[16],"damage_taken":[{"damage":9,"enemies":"Cultist","floor":1,"turns":4},{"damage":1,"enemies":"Jaw Worm","floor":3,"turns":3},{"damage":0,"enemies":"2 Louse","floor":4,"turns":2},{"damage":11,"enemies":"Exordium Wildlife","floor":7,"turns":4},{"damage":48,"enemies":"3 Sentries","floor":13,"turns":9},{"damage":62,"enemies":"Slime Boss","floor":16,"turns":11}],"seed_played":"-7750534638082235328","potions_obtained":[{"floor":3,"key":"GamblersBrew"}],"is_trial":false,"path_per_floor":["M","$","M","M","$","R","M","?","T","R","?","R","E","$","R","B"],"character_chosen":"IRONCLAD","items_purchased":["Perfected Strike","Combust","Pommel Strike","Armaments"],"campfire_rested":1,"item_purchase_floors":[2,2,5,14],"current_hp_per_floor":[77,77,80,80,80,80,75,75,75,75,80,80,38,38,62,0],"gold":13,"neow_bonus":"THREE_CARDS","is_prod":false,"is_daily":false,"chose_seed":false,"campfire_upgraded":3,"win_rate":0.0,"timestamp":1567203799,"path_taken":["M","?","?","M","$","R","M","?","T","R","?","R","E","?","R","BOSS"],"build_version":"2019-07-17","purchased_purges":0,"victory":false,"max_hp_per_floor":[80,80,80,80,80,80,80,80,80,80,80,80,80,80,80,80],"card_choices":[{"not_picked":["Cleave","Clothesline"],"picked":"Thunderclap","floor":0},{"not_picked":["Clash","Warcry"],"picked":"Seeing Red","floor":1},{"not_picked":["Clothesline","Shrug It Off"],"picked":"Heavy Blade","floor":3},{"not_picked":["Thunderclap","Sword Boomerang"],"picked":"Armaments","floor":4},{"not_picked":["Combust","Power Through"],"picked":"Juggernaut","floor":7},{"not_picked":["Sword Boomerang","Blood for Blood"],"picked":"Cleave","floor":13}],"player_experience":17830,"relics_obtained":[{"floor":9,"key":"Centennial Puzzle"},{"floor":13,"key":"Frozen Egg 2"}],"event_choices":[{"damage_healed":0,"gold_gain":0,"player_choice":"Take Wound","damage_taken":0,"relics_obtained":["Golden Idol"],"max_hp_gain":0,"max_hp_loss":0,"event_name":"Golden Idol","floor":8,"gold_loss":0,"cards_obtained":["Injury"]},{"damage_healed":20,"gold_gain":0,"player_choice":"Healed and dodged fight","damage_taken":0,"max_hp_gain":0,"max_hp_loss":0,"event_name":"Mushrooms","floor":11,"gold_loss":0,"cards_obtained":["Parasite"]}],"is_beta":false,"boss_relics":[],"items_purged_floors":[],"is_endless":false,"potions_floor_spawned":[3],"killed_by":"Slime Boss","ascension_level":0}