{"gold_per_floor":[111,124,134,59,77,112,112,147,147,147,160,172,186,212,212,290,290,310,310,324,324,103,103,119,119,166,27,42,67,78,28,28,105,105,124,124,136,136,236,268,268,300,300,329,329,359,359,6,6,6,6,6,6,6],"floor_reached":54,"playtime":5277,"items_purged":["Defend_B","Defend_B","Defend_B","Decay"],"score":1627,"play_id":"b1e652f3-75b4-4683-bea1-28e6d0da83cd","local_time":"20190730233502","is_ascension_mode":true,"campfire_choices":[{"floor":7,"key":"REST"},{"floor":10,"key":"REST"},{"floor":15,"key":"REST"},{"data":"Fission","floor":23,"key":"SMITH"},{"data":"Loop","floor":25,"key":"SMITH"},{"data":"Seek","floor":32,"key":"SMITH"},{"data":"Loop","floor":41,"key":"SMITH"},{"data":"Darkness","floor":45,"key":"SMITH"},{"floor":47,"key":"RECALL"},{"data":"Finesse","floor":49,"key":"SMITH"},{"data":"Glacier","floor":52,"key":"SMITH"}],"neow_cost":"NONE","seed_source_timestamp":185705914538282,"circlet_count":0,"master_deck":["AscendersBane","Defend_B","Zap+1","Dualcast","Loop+1","Conserve Battery+1","Ball Lightning","Seek+1","Loop+1","Glacier","Compile Driver","Conserve Battery","Glacier+1","Static Discharge+1","Fission+1","Darkness+1","Self Repair+1","Stack+1","Bite","Bite+1","Bite+1","Bite","Bite","Tempest+1","Finesse+1","Static Discharge+1","Compile Driver+1","Biased Cognition+1","Stack","Buffer+1","Doom and Gloom+1","Rainbow","Redo+1","Buffer+1"],"relics":["Cracked Core","Omamori","Smiling Mask","Mummified Hand","Mercury Hourglass","Frozen Egg 2","Philosopher\u0027s Stone","Anchor","DataDisk","Vajra","Calling Bell","War Paint","Gremlin Horn","WingedGreaves","Turnip","The Courier","Centennial Puzzle","Shuriken","StoneCalendar","DollysMirror","Whetstone"],"potions_floor_usage":[6,6,14,16,18,33,40,42,54],"damage_taken":[{"damage":4,"enemies":"Small Slimes","floor":1,"turns":3},{"damage":3,"enemies":"2 Louse","floor":2,"turns":2},{"damage":2,"enemies":"Jaw Worm","floor":3,"turns":4},{"damage":17,"enemies":"Exordium Wildlife","floor":5,"turns":4},{"damage":8,"enemies":"Gremlin Nob","floor":6,"turns":3},{"damage":38,"enemies":"3 Sentries","floor":8,"turns":7},{"damage":4,"enemies":"Blue Slaver","floor":11,"turns":3},{"damage":0,"enemies":"2 Fungi Beasts","floor":12,"turns":3},{"damage":2,"enemies":"3 Louse","floor":13,"turns":2},{"damage":1,"enemies":"Lagavulin","floor":14,"turns":7},{"damage":17,"enemies":"Slime Boss","floor":16,"turns":8},{"damage":10,"enemies":"2 Thieves","floor":18,"turns":4},{"damage":7,"enemies":"Spheric Guardian","floor":20,"turns":4},{"damage":12,"enemies":"Centurion and Healer","floor":24,"turns":8},{"damage":12,"enemies":"Shelled Parasite and Fungi","floor":28,"turns":3},{"damage":24,"enemies":"Slavers","floor":29,"turns":3},{"damage":23,"enemies":"Snake Plant","floor":30,"turns":3},{"damage":19,"enemies":"Champ","floor":33,"turns":7},{"damage":2,"enemies":"Orb Walker","floor":35,"turns":2},{"damage":1,"enemies":"3 Shapes","floor":37,"turns":2},{"damage":0,"enemies":"Mind Bloom Boss Battle","floor":39,"turns":5},{"damage":9,"enemies":"Reptomancer","floor":40,"turns":3},{"damage":14,"enemies":"Nemesis","floor":42,"turns":5},{"damage":0,"enemies":"Reptomancer","floor":44,"turns":3},{"damage":0,"enemies":"Nemesis","floor":46,"turns":5},{"damage":18,"enemies":"Time Eater","floor":50,"turns":10},{"damage":63,"enemies":"Shield and Spear","floor":54,"turns":5}],"seed_played":"4640030740060839526","potions_obtained":[{"floor":1,"key":"Energy Potion"},{"floor":5,"key":"GamblersBrew"},{"floor":6,"key":"Energy Potion"},{"floor":11,"key":"SpeedPotion"},{"floor":13,"key":"Weak Potion"},{"floor":14,"key":"Poison Potion"},{"floor":18,"key":"FocusPotion"},{"floor":33,"key":"Swift Potion"},{"floor":37,"key":"EntropicBrew"},{"floor":44,"key":"SpeedPotion"}],"is_trial":false,"path_per_floor":["M","M","M","?","M","E","R","E","T","R","M","M","M","E","R","B",null,"M","?","M","?","$","R","M","R","T","$","M","E","M","$","R","B",null,"M","?","M","?","?","E","R","E","T","E","R","E","R","$","R","B",null,"R","$","E"],"character_chosen":"DEFECT","items_purchased":["Anchor","Finesse","DollysMirror","Whetstone"],"campfire_rested":3,"item_purchase_floors":[22,27,48,48],"current_hp_per_floor":[60,57,55,55,38,30,51,13,13,34,30,30,28,27,48,31,61,51,51,54,49,49,49,49,49,49,49,49,41,30,30,30,31,45,49,49,49,47,47,47,47,47,47,47,47,47,47,47,47,47,47,47,47,0],"gold":6,"neow_bonus":"RANDOM_COMMON_RELIC","is_prod":false,"is_daily":false,"chose_seed":false,"campfire_upgraded":7,"win_rate":0,"timestamp":1564544102,"path_taken":["M","M","M","?","M","E","R","E","T","R","M","M","M","E","R","BOSS","M","?","M","?","?","R","M","R","T","$","M","E","?","$","R","BOSS","M","?","M","?","?","E","R","E","T","E","R","E","R","$","R","BOSS","R","$","E"],"build_version":"2019-07-17","purchased_purges":4,"victory":false,"max_hp_per_floor":[71,71,71,71,71,71,71,71,71,71,71,71,71,71,71,71,71,71,71,71,49,49,49,49,49,49,49,49,49,49,49,49,49,49,49,49,49,47,47,47,47,47,47,47,47,47,47,47,47,47,47,47,47,47],"card_choices":[{"not_picked":["Redo","Blizzard"],"picked":"Loop","floor":1},{"not_picked":["Redo","Ball Lightning"],"picked":"Conserve Battery","floor":2},{"not_picked":["Rebound","Recycle"],"picked":"Ball Lightning","floor":3},{"not_picked":["Storm","Scrape"],"picked":"Seek","floor":5},{"not_picked":["Go for the Eyes","Streamline"],"picked":"Loop","floor":6},{"not_picked":["Steam Power","Barrage"],"picked":"Glacier","floor":8},{"not_picked":["Gash","Turbo"],"picked":"Compile Driver","floor":11},{"not_picked":["Redo","Compile Driver"],"picked":"Conserve Battery","floor":12},{"not_picked":["Skim","Hello World"],"picked":"Glacier","floor":13},{"not_picked":["Compile Driver","Redo"],"picked":"Static Discharge","floor":14},{"not_picked":["Core Surge","Meteor Strike"],"picked":"Fission","floor":16},{"not_picked":["Glacier","Beam Cell"],"picked":"Darkness","floor":18},{"not_picked":["Redo","Rebound"],"picked":"Stack+1","floor":20},{"not_picked":["Blizzard","Streamline"],"picked":"Tempest+1","floor":24},{"not_picked":["Go for the Eyes","Rebound"],"picked":"Static Discharge+1","floor":28},{"not_picked":["Gash","Compile Driver","Scrape"],"picked":"SKIP","floor":29},{"not_picked":["Gash","Hyperbeam"],"picked":"Compile Driver+1","floor":30},{"not_picked":["Thunder Strike","Multi-Cast"],"picked":"Biased Cognition+1","floor":33},{"not_picked":["Ball Lightning","Redo"],"picked":"Stack","floor":35},{"not_picked":["Stack","Gash"],"picked":"Buffer+1","floor":37},{"not_picked":["Go for the Eyes","Cold Snap"],"picked":"Doom and Gloom+1","floor":39},{"not_picked":["Ball Lightning","Reprogram","Turbo"],"picked":"SKIP","floor":40},{"not_picked":["Compile Driver","Gash+1"],"picked":"Rainbow","floor":42},{"not_picked":["Steam Power","Beam Cell+1","Conserve Battery"],"picked":"SKIP","floor":44},{"not_picked":["Ball Lightning","Blizzard"],"picked":"Redo+1","floor":46}],"player_experience":317889,"relics_obtained":[{"floor":6,"key":"Smiling Mask"},{"floor":8,"key":"Mummified Hand"},{"floor":9,"key":"Mercury Hourglass"},{"floor":14,"key":"Frozen Egg 2"},{"floor":26,"key":"DataDisk"},{"floor":29,"key":"Vajra"},{"floor":34,"key":"War Paint"},{"floor":34,"key":"Gremlin Horn"},{"floor":34,"key":"WingedGreaves"},{"floor":39,"key":"Turnip"},{"floor":40,"key":"The Courier"},{"floor":42,"key":"Centennial Puzzle"},{"floor":44,"key":"Shuriken"},{"floor":46,"key":"StoneCalendar"}],"event_choices":[{"cards_removed":["Strike_B"],"damage_healed":0,"gold_gain":0,"player_choice":"Card Removal","damage_taken":0,"max_hp_gain":0,"max_hp_loss":0,"event_name":"The Cleric","floor":4,"gold_loss":75},{"damage_healed":0,"gold_gain":0,"player_choice":"Read","damage_taken":0,"max_hp_gain":0,"max_hp_loss":0,"event_name":"The Library","floor":19,"gold_loss":0,"cards_obtained":["Self Repair"]},{"damage_healed":0,"gold_gain":0,"player_choice":"Became a vampire","damage_taken":0,"max_hp_gain":0,"max_hp_loss":22,"event_name":"Vampires","floor":21,"gold_loss":0,"cards_obtained":["Bite","Bite","Bite","Bite","Bite"]},{"damage_healed":0,"gold_gain":0,"player_choice":"Ignored","damage_taken":0,"max_hp_gain":0,"max_hp_loss":0,"event_name":"Tomb of Lord Red Mask","floor":36,"gold_loss":0},{"damage_healed":0,"gold_gain":0,"player_choice":"Max HP","damage_taken":0,"max_hp_gain":0,"max_hp_loss":2,"event_name":"Winding Halls","floor":38,"gold_loss":0},{"damage_healed":0,"gold_gain":0,"player_choice":"Fight","damage_taken":0,"max_hp_gain":0,"max_hp_loss":0,"event_name":"MindBloom","floor":39,"gold_loss":0}],"is_beta":false,"boss_relics":[{"not_picked":["Coffee Dripper","Pandora\u0027s Box"],"picked":"Philosopher\u0027s Stone"},{"not_picked":["Fusion Hammer","Runic Dome"],"picked":"Calling Bell"}],"items_purged_floors":[22,27,31,48],"is_endless":false,"potions_floor_spawned":[1,5,6,11,13,14,18,33,37,44],"killed_by":"Shield and Spear","ascension_level":18}