{"gold_per_floor":[111,122,50,50,70,70,97,97,97,97,116,116,128,93,93,195,195,207,207,220,239,121,121,138,138,138,170,182,195,195,208,208,307,307,325,325,335,335,352,352],"floor_reached":40,"playtime":3018,"items_purged":["Strike_G"],"score":525,"play_id":"33b279aa-ddc7-491c-bdd6-d3945d797f1e","local_time":"20181230113623","is_ascension_mode":true,"campfire_choices":[{"data":"Noxious Fumes","floor":6,"key":"SMITH"},{"floor":8,"key":"REST"},{"floor":15,"key":"REST"},{"data":"Catalyst","floor":23,"key":"SMITH"},{"data":"Catalyst","floor":25,"key":"SMITH"},{"floor":32,"key":"REST"}],"neow_cost":"NONE","seed_source_timestamp":5744668314166,"circlet_count":0,"master_deck":["Defend_G","Defend_G","Defend_G","Defend_G","Survivor","Neutralize","Leg Sweep","Dagger Throw","Noxious Fumes+1","Acrobatics","Well Laid Plans","Heel Hook","Catalyst+1","Noxious Fumes+1","Catalyst+1","Backflip","Poisoned Stab","Deadly Poison","Blur","Backflip","Bite","Bite","Bite","Bite","Bite","Leg Sweep"],"relics":["Ring of the Snake","The Courier","Bottled Flame","Empty Cage","Ancient Tea Set","Mummified Hand","Sozu"],"potions_floor_usage":[16,28,33,33,40],"damage_taken":[{"damage":0,"enemies":"2 Louse","floor":1,"turns":4},{"damage":0,"enemies":"Small Slimes","floor":2,"turns":4},{"damage":0,"enemies":"Jaw Worm","floor":5,"turns":5},{"damage":40,"enemies":"Gremlin Nob","floor":7,"turns":7},{"damage":7,"enemies":"Red Slaver","floor":11,"turns":4},{"damage":15,"enemies":"Gremlin Gang","floor":13,"turns":4},{"damage":18,"enemies":"Hexaghost","floor":16,"turns":11},{"damage":4,"enemies":"Chosen","floor":18,"turns":7},{"damage":10,"enemies":"Shell Parasite","floor":20,"turns":5},{"damage":2,"enemies":"Snecko","floor":21,"turns":7},{"damage":1,"enemies":"Cultist and Chosen","floor":24,"turns":6},{"damage":30,"enemies":"Book of Stabbing","floor":27,"turns":6},{"damage":2,"enemies":"Chosen and Byrds","floor":28,"turns":5},{"damage":23,"enemies":"Snake Plant","floor":29,"turns":5},{"damage":0,"enemies":"Snecko","floor":31,"turns":4},{"damage":26,"enemies":"Champ","floor":33,"turns":7},{"damage":25,"enemies":"3 Shapes","floor":35,"turns":5},{"damage":1,"enemies":"Orb Walker","floor":37,"turns":5},{"damage":41,"enemies":"Writhing Mass","floor":39,"turns":5},{"damage":40,"enemies":"Reptomancer","floor":40,"turns":2}],"seed_played":"-1873692839255641467","potions_obtained":[{"floor":2,"key":"EssenceOfSteel"},{"floor":5,"key":"SmokeBomb"},{"floor":16,"key":"Weak Potion"},{"floor":27,"key":"Energy Potion"},{"floor":29,"key":"Strength Potion"}],"is_trial":false,"path_per_floor":["M","M","$","?","M","R","E","R","T","?","M","?","M","?","R","B",null,"M","?","M","M","$","R","M","R","T","E","M","M","?","M","R","B",null,"M","?","M","?","M","E"],"character_chosen":"THE_SILENT","items_purchased":["Noxious Fumes","Deadly Poison","Swift Potion"],"campfire_rested":3,"item_purchase_floors":[3,22,22],"current_hp_per_floor":[70,70,70,75,75,75,35,57,57,57,50,43,28,46,68,50,75,71,71,61,59,59,59,58,58,58,28,26,3,3,9,24,10,52,35,52,52,52,17,0],"gold":352,"neow_bonus":"TRANSFORM_CARD","is_prod":false,"is_daily":false,"chose_seed":false,"campfire_upgraded":3,"win_rate":0,"timestamp":1546137383,"path_taken":["M","M","$","?","M","R","E","R","T","?","M","?","M","?","R","BOSS","M","?","?","M","$","R","M","R","T","E","M","?","?","M","R","BOSS","M","?","?","?","M","E"],"build_version":"2018-12-20","purchased_purges":1,"victory":false,"max_hp_per_floor":[70,70,70,75,75,75,75,75,75,75,75,75,75,75,75,75,75,75,75,75,75,75,75,75,75,75,75,75,75,52,52,52,52,52,52,52,52,52,52,52],"card_choices":[{"not_picked":["Blade Dance","Backflip"],"picked":"Dagger Throw","floor":1},{"not_picked":["Outmaneuver","Leg Sweep","Bane"],"picked":"SKIP","floor":2},{"not_picked":["Cloak And Dagger","Dodge and Roll"],"picked":"Acrobatics","floor":5},{"not_picked":["Slice","Flying Knee"],"picked":"Well Laid Plans","floor":7},{"not_picked":["Dagger Throw","Distraction"],"picked":"Heel Hook","floor":11},{"not_picked":["Eviscerate","Blur"],"picked":"Catalyst","floor":13},{"not_picked":["Quick Slash","Calculated Gamble"],"picked":"Noxious Fumes+1","floor":18},{"not_picked":["Cloak And Dagger","Calculated Gamble"],"picked":"Backflip","floor":20},{"not_picked":["Dagger Spray+1","Bane"],"picked":"Poisoned Stab","floor":21},{"not_picked":["Infinite Blades","Flechettes+1","Acrobatics"],"picked":"SKIP","floor":24},{"not_picked":["All Out Attack","Dagger Throw+1"],"picked":"Blur","floor":27},{"not_picked":["Blade Dance","Cloak And Dagger+1","Prepared"],"picked":"SKIP","floor":28},{"not_picked":["Storm of Steel","Flying Knee+1"],"picked":"Backflip","floor":29},{"not_picked":["Poisoned Stab","Cloak And Dagger+1","Backstab"],"picked":"SKIP","floor":31},{"not_picked":["Cloak And Dagger","Blade Dance","Acrobatics+1"],"picked":"SKIP","floor":35},{"not_picked":["Slice","Calculated Gamble"],"picked":"Leg Sweep","floor":37},{"not_picked":["Infinite Blades","Deadly Poison","Bane"],"picked":"SKIP","floor":39}],"player_experience":59382,"relics_obtained":[{"floor":7,"key":"The Courier"},{"floor":9,"key":"Bottled Flame"},{"floor":26,"key":"Ancient Tea Set"},{"floor":27,"key":"Mummified Hand"}],"event_choices":[{"damage_healed":0,"gold_gain":0,"player_choice":"Donut","damage_taken":0,"max_hp_gain":5,"max_hp_loss":0,"event_name":"Big Fish","floor":4,"gold_loss":0},{"damage_healed":0,"gold_gain":0,"player_choice":"Ignored","damage_taken":0,"max_hp_gain":0,"max_hp_loss":0,"event_name":"Liars Game","floor":10,"gold_loss":0},{"cards_removed":["Strike_G"],"damage_healed":0,"gold_gain":0,"player_choice":"Card Removal","damage_taken":7,"max_hp_gain":0,"max_hp_loss":0,"event_name":"Golden Wing","floor":12,"gold_loss":0},{"damage_healed":18,"gold_gain":0,"player_choice":"Healed","damage_taken":0,"max_hp_gain":0,"max_hp_loss":0,"event_name":"The Cleric","floor":14,"gold_loss":35},{"damage_healed":0,"gold_gain":0,"player_choice":"Copied","damage_taken":0,"max_hp_gain":0,"max_hp_loss":0,"event_name":"Duplicator","floor":19,"gold_loss":0,"cards_obtained":["Catalyst"]},{"damage_healed":0,"gold_gain":0,"player_choice":"Became a vampire","damage_taken":0,"max_hp_gain":0,"max_hp_loss":23,"event_name":"Vampires","floor":30,"gold_loss":0,"cards_obtained":["Bite","Bite","Bite","Bite","Bite"]},{"damage_healed":17,"gold_gain":0,"player_choice":"Full Heal","damage_taken":0,"max_hp_gain":0,"max_hp_loss":0,"event_name":"Wheel of Change","floor":36,"gold_loss":0},{"cards_removed":["Defend_G"],"damage_healed":0,"gold_gain":0,"player_choice":"Purged","damage_taken":0,"max_hp_gain":0,"max_hp_loss":0,"event_name":"Purifier","floor":38,"gold_loss":0}],"is_beta":false,"boss_relics":[{"not_picked":["Fusion Hammer","Calling Bell"],"picked":"Empty Cage"},{"not_picked":["Philosopher\u0027s Stone","Velvet Choker"],"picked":"Sozu"}],"items_purged_floors":[22],"is_endless":false,"potions_floor_spawned":[2,5,16,27,29,31,35],"killed_by":"Reptomancer","ascension_level":3}