{"gold_per_floor":[116,116,131,131,131,131,457,457,457,457,474,486,486,496,496,593,593,612,612,612,612,625,625,644,712,783,783,794,492,492,182,182,281,281,299,299,209,228,244,244,0,10,10,36,36,48,148,160,160,160],"floor_reached":51,"playtime":1948,"items_purged":["Strike_R","Strike_R"],"score":945,"play_id":"9234d015-c725-47fb-94c0-63d578801a0e","local_time":"20190104161153","is_ascension_mode":true,"campfire_choices":[{"data":"Pommel Strike","floor":6,"key":"SMITH"},{"data":"Bash","floor":10,"key":"SMITH"},{"floor":15,"key":"REST"},{"floor":23,"key":"REST"},{"data":"True Grit","floor":30,"key":"SMITH"},{"data":"Whirlwind","floor":32,"key":"SMITH"},{"floor":40,"key":"REST"},{"floor":45,"key":"REST"},{"floor":49,"key":"REST"}],"neow_cost":"NONE","seed_source_timestamp":454907137968816,"circlet_count":0,"master_deck":["Strike_R","Defend_R","Defend_R","Defend_R","Defend_R","Bash+1","Pommel Strike+1","Shockwave+1","Clothesline+1","Shrug It Off","Intimidate","Reaper","Whirlwind+1","Necronomicurse","True Grit+1","Dual Wield","Pommel Strike+1","Parasite"],"relics":["Burning Blood","NeowsBlessing","Bronze Scales","Old Coin","Matryoshka","Kunai","Gambling Chip","Busted Crown","Necronomicon","Regal Pillow","Bottled Lightning","Meat on the Bone","Pantograph","Membership Card","Ice Cream","Bag of Marbles","Fusion Hammer","Red Mask","Ornamental Fan","Vajra"],"potions_floor_usage":[33,50,50],"damage_taken":[{"damage":0,"enemies":"Cultist","floor":1,"turns":1},{"damage":0,"enemies":"Jaw Worm","floor":3,"turns":1},{"damage":0,"enemies":"3 Sentries","floor":7,"turns":2},{"damage":0,"enemies":"Small Slimes","floor":11,"turns":2},{"damage":22,"enemies":"3 Louse","floor":12,"turns":3},{"damage":19,"enemies":"Exordium Thugs","floor":14,"turns":4},{"damage":17,"enemies":"The Guardian","floor":16,"turns":12},{"damage":3,"enemies":"Chosen","floor":18,"turns":3},{"damage":16,"enemies":"2 Thieves","floor":22,"turns":4},{"damage":13,"enemies":"Shelled Parasite and Fungi","floor":24,"turns":4},{"damage":8,"enemies":"Cultist and Chosen","floor":28,"turns":3},{"damage":23,"enemies":"Collector","floor":33,"turns":8},{"damage":0,"enemies":"3 Darklings","floor":35,"turns":2},{"damage":44,"enemies":"3 Shapes","floor":38,"turns":3},{"damage":17,"enemies":"Transient","floor":39,"turns":5},{"damage":0,"enemies":"3 Darklings","floor":42,"turns":1},{"damage":29,"enemies":"Nemesis","floor":44,"turns":6},{"damage":2,"enemies":"Sphere and 2 Shapes","floor":46,"turns":4},{"damage":8,"enemies":"Writhing Mass","floor":48,"turns":4},{"damage":24,"enemies":"Donu and Deca","floor":50,"turns":4}],"seed_played":"-3477064729183226143","potions_obtained":[{"floor":7,"key":"Weak Potion"},{"floor":11,"key":"Regen Potion"},{"floor":16,"key":"Swift Potion"},{"floor":39,"key":"Poison Potion"},{"floor":42,"key":"Energy Potion"}],"is_trial":false,"path_per_floor":["M","?","M","?","?","R","E","?","T","R","M","M","T","M","R","B",null,"M","?","?","?","M","R","M","T","T","T","M","$","R","$","R","B",null,"M","?","?","M","M","R","?","M","T","E","R","M","?","M","R","B",null],"character_chosen":"IRONCLAD","items_purchased":["Membership Card","True Grit","Ice Cream","Bag of Marbles","Dual Wield"],"campfire_rested":5,"item_purchase_floors":[29,29,31,31,31],"current_hp_per_floor":[78,71,77,77,70,70,76,76,76,76,80,64,64,51,75,64,76,79,79,63,63,54,78,71,71,71,71,69,69,69,69,69,79,80,80,80,80,54,55,80,80,80,80,57,80,80,80,80,80,62],"gold":160,"neow_bonus":"THREE_ENEMY_KILL","is_prod":false,"is_daily":false,"chose_seed":false,"campfire_upgraded":4,"win_rate":0,"timestamp":1546585913,"path_taken":["M","?","M","?","?","R","E","?","T","R","M","?","?","M","R","BOSS","M","?","?","?","M","R","M","?","T","?","?","?","R","$","R","BOSS","M","?","?","?","M","R","?","M","T","E","R","M","?","M","R","BOSS"],"build_version":"2019-01-03v3","purchased_purges":2,"victory":true,"max_hp_per_floor":[80,80,80,80,80,80,80,80,80,80,80,80,80,80,80,80,80,80,80,80,80,80,80,80,80,80,80,80,80,80,80,80,80,80,80,80,80,80,80,80,80,80,80,80,80,80,80,80,80,80],"card_choices":[{"not_picked":["Perfected Strike","Bloodletting"],"picked":"Pommel Strike","floor":1},{"not_picked":["Reckless Charge","Clash"],"picked":"Shockwave","floor":3},{"not_picked":["Havoc","Twin Strike","Pummel"],"picked":"SKIP","floor":7},{"not_picked":["Rage","Flame Barrier"],"picked":"Clothesline","floor":11},{"not_picked":["Wild Strike","Flex"],"picked":"Shrug It Off","floor":12},{"not_picked":["Havoc","Dual Wield"],"picked":"Intimidate","floor":14},{"not_picked":["Barricade","Bludgeon"],"picked":"Reaper","floor":16},{"not_picked":["Sword Boomerang"],"picked":"SKIP","floor":18},{"not_picked":["Clash"],"picked":"SKIP","floor":22},{"not_picked":["Havoc+1"],"picked":"SKIP","floor":24},{"not_picked":["Combust+1"],"picked":"SKIP","floor":28},{"not_picked":["Clash+1"],"picked":"SKIP","floor":35},{"not_picked":["Perfected Strike"],"picked":"SKIP","floor":38},{"not_picked":["Anger"],"picked":"SKIP","floor":39},{"not_picked":[],"picked":"Pommel Strike+1","floor":42},{"not_picked":["Wild Strike+1"],"picked":"SKIP","floor":44},{"not_picked":["True Grit"],"picked":"SKIP","floor":46},{"not_picked":["Pommel Strike"],"picked":"SKIP","floor":48}],"player_experience":148668,"relics_obtained":[{"floor":7,"key":"Old Coin"},{"floor":9,"key":"Matryoshka"},{"floor":13,"key":"Kunai"},{"floor":13,"key":"Gambling Chip"},{"floor":20,"key":"Necronomicon"},{"floor":25,"key":"Regal Pillow"},{"floor":25,"key":"Bottled Lightning"},{"floor":26,"key":"Meat on the Bone"},{"floor":27,"key":"Pantograph"},{"floor":43,"key":"Ornamental Fan"},{"floor":44,"key":"Vajra"}],"event_choices":[{"damage_healed":0,"gold_gain":0,"player_choice":"Success","damage_taken":7,"relics_obtained":["Bronze Scales"],"max_hp_gain":0,"max_hp_loss":0,"event_name":"Scrap Ooze","floor":2,"gold_loss":0},{"damage_healed":0,"gold_gain":0,"player_choice":"Ignored","damage_taken":0,"max_hp_gain":0,"max_hp_loss":0,"event_name":"Liars Game","floor":4,"gold_loss":0},{"cards_removed":["Strike_R"],"damage_healed":0,"gold_gain":0,"player_choice":"Card Removal","damage_taken":7,"max_hp_gain":0,"max_hp_loss":0,"event_name":"Golden Wing","floor":5,"gold_loss":0},{"damage_healed":0,"gold_gain":0,"player_choice":"Forge","damage_taken":0,"max_hp_gain":0,"max_hp_loss":0,"event_name":"Accursed Blacksmith","floor":8,"gold_loss":0,"cards_upgraded":["Shockwave"]},{"damage_healed":0,"gold_gain":0,"player_choice":"Read","damage_taken":0,"max_hp_gain":0,"max_hp_loss":0,"event_name":"The Library","floor":19,"gold_loss":0,"cards_obtained":["Whirlwind"]},{"damage_healed":0,"gold_gain":0,"player_choice":"Obtained Book","damage_taken":16,"max_hp_gain":0,"max_hp_loss":0,"event_name":"Cursed Tome","floor":20,"gold_loss":0},{"damage_healed":0,"gold_gain":0,"player_choice":"Ignored","damage_taken":0,"max_hp_gain":0,"max_hp_loss":0,"event_name":"The Mausoleum","floor":21,"gold_loss":0},{"damage_healed":0,"gold_gain":0,"player_choice":"Memory 1","damage_taken":0,"max_hp_gain":0,"max_hp_loss":0,"event_name":"SensoryStone","floor":36,"gold_loss":0},{"cards_removed":["Strike_R"],"damage_healed":0,"gold_gain":0,"player_choice":"Upgrade and Remove","damage_taken":0,"max_hp_gain":0,"max_hp_loss":0,"event_name":"Designer","floor":37,"gold_loss":90,"cards_upgraded":["Clothesline"]},{"damage_healed":0,"gold_gain":0,"player_choice":"Paid","damage_taken":0,"relics_obtained":["Red Mask"],"max_hp_gain":0,"max_hp_loss":0,"event_name":"Tomb of Lord Red Mask","floor":41,"gold_loss":244},{"damage_healed":0,"gold_gain":100,"player_choice":"Pray","damage_taken":0,"max_hp_gain":0,"max_hp_loss":0,"event_name":"Golden Shrine","floor":47,"gold_loss":0}],"is_beta":false,"boss_relics":[{"not_picked":["Velvet Choker","Pandora\u0027s Box"],"picked":"Busted Crown"},{"not_picked":["Snecko Eye","Runic Dome"],"picked":"Fusion Hammer"}],"items_purged_floors":[29,31],"is_endless":false,"potions_floor_spawned":[7,11,16,18,39,42,44,48],"ascension_level":6}