{"gold_per_floor":[117,117,133,103,113,140,204,204,204,57,75,75,99,128,140,249,261,284,321,333,345,375,387,399],"floor_reached":24,"playtime":1918,"items_purged":[],"score":233,"play_id":"5decdce1-2aa9-4d82-b742-6a1882cc7581","local_time":"20181115210940","is_ascension_mode":true,"campfire_choices":[{"floor":8,"key":"REST"},{"floor":12,"key":"REST"},{"floor":15,"key":"REST"},{"floor":23,"key":"REST"}],"neow_cost":"NONE","seed_source_timestamp":1042262589416620,"circlet_count":0,"master_deck":["Defend_G","Defend_G","Defend_G","Defend_G","Defend_G","Strike_G","Strike_G","Strike_G","Strike_G","Strike_G","Survivor","Neutralize","Deadly Poison","Footwork","Flying Knee","After Image+1","Escape Plan","Footwork+1","Tools of the Trade+1","Prepared","Flechettes","Necronomicurse","Poisoned Stab"],"relics":["Ring of the Snake","Ornamental Fan","Gambling Chip","Frozen Egg 2","Bottled Flame","MawBank","White Beast Statue","Red Mask","Necronomicon","GremlinMask"],"potions_floor_usage":[5,6,6,6,6,16,18,19,22,24],"damage_taken":[{"damage":1,"enemies":"Cultist","floor":1,"turns":3},{"damage":0,"enemies":"2 Louse","floor":3,"turns":2},{"damage":4,"enemies":"Small Slimes","floor":5,"turns":5},{"damage":16,"enemies":"3 Sentries","floor":6,"turns":6},{"damage":48,"enemies":"3 Sentries","floor":7,"turns":15},{"damage":7,"enemies":"Blue Slaver","floor":11,"turns":4},{"damage":19,"enemies":"Exordium Thugs","floor":14,"turns":8},{"damage":36,"enemies":"The Guardian","floor":16,"turns":14},{"damage":7,"enemies":"Spheric Guardian","floor":18,"turns":9},{"damage":31,"enemies":"Masked Bandits","floor":19,"turns":10},{"damage":14,"enemies":"Shell Parasite","floor":22,"turns":10},{"damage":32,"enemies":"Gremlin Leader","floor":24,"turns":5}],"seed_played":"-7348894729001351344","potions_obtained":[{"floor":3,"key":"LiquidBronze"},{"floor":4,"key":"EntropicBrew"},{"floor":4,"key":"SpeedPotion"},{"floor":7,"key":"Dexterity Potion"},{"floor":14,"key":"Swift Potion"},{"floor":16,"key":"Explosive Potion"},{"floor":18,"key":"FearPotion"},{"floor":19,"key":"SpeedPotion"},{"floor":22,"key":"Block Potion"}],"is_trial":false,"path_per_floor":["M","T","M","?","M","E","?","R","T","$","M","R","T","M","R","B",null,"M","?","?","?","M","R","E"],"character_chosen":"THE_SILENT","items_purchased":["After Image+1"],"campfire_rested":4,"item_purchase_floors":[10],"current_hp_per_floor":[76,76,76,76,72,56,8,31,31,31,24,47,47,28,51,15,77,70,39,23,23,9,32,0],"gold":399,"neow_bonus":"TEN_PERCENT_HP_BONUS","is_prod":false,"is_daily":false,"chose_seed":false,"campfire_upgraded":0,"win_rate":0,"timestamp":1542312580,"path_taken":["M","?","M","?","?","E","?","R","T","$","M","R","?","M","R","BOSS","M","?","?","?","M","R","E"],"build_version":"2018-11-08","purchased_purges":0,"victory":false,"max_hp_per_floor":[77,77,77,77,77,77,77,77,77,77,77,77,77,77,77,77,77,77,77,77,77,77,77,77],"card_choices":[{"not_picked":["Backflip","Bouncing Flask"],"picked":"Deadly Poison","floor":1},{"not_picked":["Concentrate","Infinite Blades"],"picked":"Footwork","floor":3},{"not_picked":["Quick Slash","Underhanded Strike","Finisher"],"picked":"SKIP","floor":5},{"not_picked":["Dagger Spray","Finisher","Choke"],"picked":"SKIP","floor":6},{"not_picked":["Cloak And Dagger","Bane"],"picked":"Flying Knee","floor":7},{"not_picked":["Dagger Spray","Finisher"],"picked":"Escape Plan","floor":11},{"not_picked":["Prepared","Bane"],"picked":"Footwork+1","floor":14},{"not_picked":["Malaise","Glass Knife"],"picked":"Tools of the Trade+1","floor":16},{"not_picked":["Backflip","Bane"],"picked":"Prepared","floor":18},{"not_picked":["Catalyst","Bane"],"picked":"Flechettes","floor":19},{"not_picked":["Dagger Spray","Blade Dance+1"],"picked":"Poisoned Stab","floor":22}],"player_experience":272216,"relics_obtained":[{"floor":2,"key":"Ornamental Fan"},{"floor":6,"key":"Gambling Chip"},{"floor":7,"key":"Frozen Egg 2"},{"floor":9,"key":"Bottled Flame"},{"floor":13,"key":"MawBank"},{"floor":19,"key":"Red Mask"},{"floor":20,"key":"Necronomicon"}],"event_choices":[{"damage_healed":0,"gold_gain":0,"player_choice":"Bought 2 Potions","damage_taken":0,"max_hp_gain":0,"max_hp_loss":0,"event_name":"The Woman in Blue","floor":4,"gold_loss":0},{"damage_healed":0,"gold_gain":0,"player_choice":"Searched \u00271\u0027 times","damage_taken":0,"max_hp_gain":0,"max_hp_loss":0,"event_name":"Dead Adventurer","floor":7,"gold_loss":0},{"damage_healed":0,"gold_gain":0,"player_choice":"Fought Bandits","damage_taken":0,"max_hp_gain":0,"max_hp_loss":0,"event_name":"Masked Bandits","floor":19,"gold_loss":0},{"damage_healed":0,"gold_gain":0,"player_choice":"Obtained Book","damage_taken":16,"max_hp_gain":0,"max_hp_loss":0,"event_name":"Cursed Tome","floor":20,"gold_loss":0},{"damage_healed":0,"gold_gain":0,"player_choice":"Trade","damage_taken":0,"relics_obtained":["GremlinMask"],"max_hp_gain":0,"max_hp_loss":0,"event_name":"FaceTrader","floor":21,"gold_loss":0}],"is_beta":false,"boss_relics":[{"not_picked":["Philosopher\u0027s Stone","Ectoplasm"],"picked":"White Beast Statue"}],"items_purged_floors":[],"is_endless":false,"potions_floor_spawned":[3,7,14,16,18,19,22],"killed_by":"Gremlin Leader","ascension_level":4}