{"gold_per_floor":[119,135,135,148,148,174,193,193,245,264,264,284,319,389,389,517,517,542,542,555,103,121,155,155,183,237,237,237,263,292,292,292,292],"floor_reached":33,"playtime":3449,"items_purged":["Strike_B"],"score":485,"play_id":"e8a63a18-d164-4beb-8f69-7c8ab27f824c","local_time":"20190715204127","is_ascension_mode":true,"campfire_choices":[{"floor":11,"key":"REST"},{"floor":15,"key":"REST"},{"data":"Chaos","floor":24,"key":"SMITH"},{"data":"Zap","floor":27,"key":"SMITH"},{"data":"Reinforced Body","floor":32,"key":"SMITH"}],"neow_cost":"NONE","seed_source_timestamp":113655233205905,"circlet_count":0,"master_deck":["AscendersBane","Strike_B+1","Strike_B+1","Strike_B+1","Defend_B+1","Defend_B+1","Defend_B+1","Defend_B+1","Zap+1","Dualcast","Conserve Battery","Streamline","Steam","Reinforced Body+1","Cold Snap","Turbo","BootSequence","Creative AI","Coolheaded","All For One","Gash+1","Chaos+1","Panache","Gash","Stack+1","Amplify","Gash+1","Compile Driver","FTL+1"],"relics":["Cracked Core","Blue Candle","Bloody Idol","Bag of Preparation","Ancient Tea Set","Art of War","Nuclear Battery","DataDisk","Orichalcum","Bottled Lightning","Pen Nib","Centennial Puzzle","Red Mask","Molten Egg 2"],"potions_floor_usage":[6,14,16,22,23,29,33],"damage_taken":[{"damage":9,"enemies":"Jaw Worm","floor":1,"turns":4},{"damage":7,"enemies":"Small Slimes","floor":2,"turns":4},{"damage":1,"enemies":"2 Louse","floor":4,"turns":2},{"damage":32,"enemies":"3 Sentries","floor":6,"turns":11},{"damage":3,"enemies":"Blue Slaver","floor":7,"turns":4},{"damage":0,"enemies":"2 Fungi Beasts","floor":10,"turns":3},{"damage":5,"enemies":"Large Slime","floor":12,"turns":7},{"damage":13,"enemies":"Lagavulin","floor":13,"turns":8},{"damage":5,"enemies":"3 Sentries","floor":14,"turns":5},{"damage":11,"enemies":"Hexaghost","floor":16,"turns":10},{"damage":3,"enemies":"3 Byrds","floor":18,"turns":8},{"damage":0,"enemies":"Chosen","floor":20,"turns":5},{"damage":1,"enemies":"Snecko","floor":22,"turns":5},{"damage":12,"enemies":"Book of Stabbing","floor":23,"turns":6},{"damage":1,"enemies":"Gremlin Leader","floor":25,"turns":5},{"damage":36,"enemies":"Slavers","floor":29,"turns":5},{"damage":18,"enemies":"Masked Bandits","floor":30,"turns":3},{"damage":44,"enemies":"Collector","floor":33,"turns":6}],"seed_played":"-4829778628942585367","potions_obtained":[{"floor":2,"key":"Energy Potion"},{"floor":4,"key":"SkillPotion"},{"floor":6,"key":"LiquidBronze"},{"floor":10,"key":"Fire Potion"},{"floor":16,"key":"FocusPotion"},{"floor":20,"key":"SkillPotion"},{"floor":23,"key":"SpeedPotion"},{"floor":25,"key":"AttackPotion"}],"is_trial":false,"path_per_floor":["M","M","?","M","?","E","M","?","T","M","R","M","E","?","R","B",null,"M","?","M","$","M","E","R","E","T","R","?","E","?","T","R","B"],"character_chosen":"DEFECT","items_purchased":["Panache","Gash","DataDisk"],"campfire_rested":2,"item_purchase_floors":[21,21,21],"current_hp_per_floor":[66,59,64,63,46,14,11,11,11,11,35,30,17,12,36,25,67,64,64,69,69,73,66,66,70,75,75,75,44,31,31,31,0],"gold":292,"neow_bonus":"TEN_PERCENT_HP_BONUS","is_prod":false,"is_daily":false,"chose_seed":false,"campfire_upgraded":3,"win_rate":0,"timestamp":1563237687,"path_taken":["M","M","?","M","?","E","?","?","T","M","R","M","E","?","R","BOSS","M","?","M","$","M","E","R","E","T","R","?","E","?","?","R","BOSS"],"build_version":"2019-07-05","purchased_purges":1,"victory":false,"max_hp_per_floor":[82,82,87,87,87,87,87,81,81,81,81,81,81,81,81,81,81,81,81,81,81,81,81,81,81,81,81,81,81,81,81,81,81],"card_choices":[{"not_picked":["Skim","Force Field"],"picked":"Conserve Battery","floor":1},{"not_picked":["Conserve Battery","Double Energy"],"picked":"Streamline","floor":2},{"not_picked":["Gash","Stack"],"picked":"Steam","floor":4},{"not_picked":["Cold Snap","Conserve Battery"],"picked":"Reinforced Body","floor":6},{"not_picked":["Capacitor","Gash"],"picked":"Cold Snap","floor":7},{"not_picked":["Lockon","Hologram"],"picked":"Turbo","floor":10},{"not_picked":["Redo","Cold Snap"],"picked":"BootSequence","floor":12},{"not_picked":["Melter","Redo"],"picked":"Creative AI","floor":13},{"not_picked":["Barrage","Go for the Eyes"],"picked":"Coolheaded","floor":14},{"not_picked":["Creative AI","Machine Learning"],"picked":"All For One","floor":16},{"not_picked":["Cold Snap","Go for the Eyes"],"picked":"Gash+1","floor":18},{"not_picked":["White Noise","Leap"],"picked":"Chaos","floor":20},{"not_picked":["Barrage","Sweeping Beam"],"picked":"Stack+1","floor":22},{"not_picked":["Defragment","Go for the Eyes"],"picked":"Amplify","floor":23},{"not_picked":["Turbo","Ball Lightning"],"picked":"Gash+1","floor":25},{"not_picked":["Stack","Conserve Battery"],"picked":"Compile Driver","floor":29},{"not_picked":["Core Surge","Self Repair"],"picked":"FTL+1","floor":30}],"player_experience":242359,"relics_obtained":[{"floor":6,"key":"Blue Candle"},{"floor":9,"key":"Bag of Preparation"},{"floor":13,"key":"Ancient Tea Set"},{"floor":14,"key":"Art of War"},{"floor":23,"key":"Orichalcum"},{"floor":25,"key":"Bottled Lightning"},{"floor":26,"key":"Pen Nib"},{"floor":29,"key":"Centennial Puzzle"},{"floor":30,"key":"Red Mask"},{"floor":31,"key":"Molten Egg 2"}],"event_choices":[{"damage_healed":0,"gold_gain":0,"player_choice":"Donut","damage_taken":0,"max_hp_gain":5,"max_hp_loss":0,"event_name":"Big Fish","floor":3,"gold_loss":0},{"damage_healed":0,"gold_gain":0,"player_choice":"Entered Light","damage_taken":17,"max_hp_gain":0,"max_hp_loss":0,"event_name":"Shining Light","floor":5,"gold_loss":0,"cards_upgraded":["Strike_B","Defend_B"]},{"damage_healed":0,"gold_gain":0,"player_choice":"Lose Max HP","damage_taken":0,"relics_obtained":["Golden Idol"],"max_hp_gain":0,"max_hp_loss":6,"event_name":"Golden Idol","floor":8,"gold_loss":0},{"damage_healed":0,"gold_gain":0,"player_choice":"Searched \u00271\u0027 times","damage_taken":0,"max_hp_gain":0,"max_hp_loss":0,"event_name":"Dead Adventurer","floor":14,"gold_loss":0},{"damage_healed":0,"gold_gain":0,"player_choice":"Gave Idol","damage_taken":0,"relics_obtained":["Bloody Idol"],"max_hp_gain":0,"max_hp_loss":0,"event_name":"Forgotten Altar","floor":19,"relics_lost":["Golden Idol"],"gold_loss":0},{"damage_healed":0,"gold_gain":0,"player_choice":"Simplicity","damage_taken":0,"max_hp_gain":0,"max_hp_loss":0,"event_name":"Back to Basics","floor":28,"gold_loss":0,"cards_upgraded":["Strike_B","Strike_B","Defend_B","Defend_B","Defend_B"]},{"damage_healed":0,"gold_gain":0,"player_choice":"Fought Bandits","damage_taken":0,"max_hp_gain":0,"max_hp_loss":0,"event_name":"Masked Bandits","floor":30,"gold_loss":0}],"is_beta":false,"boss_relics":[{"not_picked":["Empty Cage","Ectoplasm"],"picked":"Nuclear Battery"}],"items_purged_floors":[21],"is_endless":false,"potions_floor_spawned":[2,4,6,10,16,20,23,25],"killed_by":"Collector","ascension_level":11}