{"gold_per_floor":[117,129,129,143,143,143,166,166,466,542,68,82,125,148,148,278,278,296,296,314,314,337,337,337],"floor_reached":24,"playtime":1060,"items_purged":["Defend_R"],"score":317,"play_id":"9dcfd55e-09b3-49a0-8896-aa4bfc3387cf","local_time":"20190826125239","is_ascension_mode":true,"campfire_choices":[{"data":"Seeing Red","floor":6,"key":"SMITH"},{"data":"Anger","floor":8,"key":"SMITH"},{"floor":15,"key":"REST"},{"data":"Corruption","floor":23,"key":"SMITH"}],"neow_cost":"NONE","seed_source_timestamp":572613711144500,"circlet_count":0,"master_deck":["AscendersBane","Strike_R+1","Strike_R+1","Strike_R+1","Strike_R+1","Strike_R+1","Defend_R+1","Defend_R+1","Defend_R+1","Bash","Headbutt","Cleave","Seeing Red+1","Anger+1","Warcry","Rage","Shrug It Off","The Bomb","Carnage","Impervious","Sentinel","Double Tap","Rage","Corruption+1","Dual Wield"],"relics":["Burning Blood","NeowsBlessing","Charon\u0027s Ashes","Golden Idol","Old Coin","Singing Bowl","Membership Card","Bag of Marbles","Mercury Hourglass","Coffee Dripper"],"potions_floor_usage":[12,18],"damage_taken":[{"damage":0,"enemies":"Cultist","floor":1,"turns":1},{"damage":0,"enemies":"2 Louse","floor":2,"turns":1},{"damage":0,"enemies":"Small Slimes","floor":4,"turns":1},{"damage":16,"enemies":"Blue Slaver","floor":7,"turns":4},{"damage":20,"enemies":"Gremlin Nob","floor":10,"turns":4},{"damage":6,"enemies":"Exordium Thugs","floor":12,"turns":4},{"damage":10,"enemies":"3 Sentries","floor":13,"turns":5},{"damage":8,"enemies":"Large Slime","floor":14,"turns":2},{"damage":5,"enemies":"Slime Boss","floor":16,"turns":5},{"damage":14,"enemies":"2 Thieves","floor":18,"turns":4},{"damage":29,"enemies":"3 Byrds","floor":20,"turns":4},{"damage":0,"enemies":"3 Cultists","floor":22,"turns":3},{"damage":48,"enemies":"Centurion and Healer","floor":24,"turns":4}],"seed_played":"-6749200992965811496","potions_obtained":[{"floor":2,"key":"Fire Potion"},{"floor":10,"key":"LiquidBronze"},{"floor":16,"key":"Fire Potion"}],"is_trial":false,"path_per_floor":["M","M","?","M","?","R","M","R","T","?","$","M","E","M","R","B",null,"M","?","M","?","M","R","M"],"character_chosen":"IRONCLAD","items_purchased":["Membership Card","Rage","Shrug It Off","The Bomb","Bag of Marbles"],"campfire_rested":1,"item_purchase_floors":[11,11,11,11,11],"current_hp_per_floor":[78,80,47,53,53,53,43,43,43,29,29,29,25,23,45,46,67,59,59,38,38,44,44,0],"gold":337,"neow_bonus":"THREE_ENEMY_KILL","is_prod":false,"is_daily":false,"chose_seed":false,"campfire_upgraded":3,"win_rate":0,"timestamp":1566849159,"path_taken":["M","?","?","M","?","R","M","R","T","?","$","M","E","?","R","BOSS","M","?","M","?","M","R","M"],"build_version":"2019-07-17","purchased_purges":1,"victory":false,"max_hp_per_floor":[80,80,80,80,74,74,74,74,74,74,74,74,74,74,74,74,74,74,74,76,76,76,76,76],"card_choices":[{"not_picked":["Warcry","Intimidate"],"picked":"Headbutt","floor":1},{"not_picked":["Seeing Red","Headbutt"],"picked":"Cleave","floor":2},{"not_picked":["Burning Pact","Thunderclap"],"picked":"Seeing Red","floor":4},{"not_picked":["Heavy Blade","Shrug It Off"],"picked":"Anger","floor":7},{"not_picked":["Clash","Headbutt"],"picked":"Warcry","floor":10},{"not_picked":["Intimidate","Dual Wield"],"picked":"Carnage","floor":12},{"not_picked":["Intimidate","Ghostly Armor"],"picked":"Impervious","floor":13},{"not_picked":["Shrug It Off","Sword Boomerang"],"picked":"Sentinel","floor":14},{"not_picked":["Brutality","Bludgeon"],"picked":"Double Tap","floor":16},{"not_picked":["Heavy Blade+1","Inflame"],"picked":"Rage","floor":18},{"not_picked":["Flex","Headbutt","Twin Strike"],"picked":"Singing Bowl","floor":20},{"not_picked":["Burning Pact","True Grit"],"picked":"Dual Wield","floor":22}],"player_experience":194389,"relics_obtained":[{"floor":9,"key":"Old Coin"},{"floor":10,"key":"Singing Bowl"},{"floor":13,"key":"Mercury Hourglass"}],"event_choices":[{"damage_healed":0,"gold_gain":0,"player_choice":"Success","damage_taken":33,"relics_obtained":["Charon\u0027s Ashes"],"max_hp_gain":0,"max_hp_loss":0,"event_name":"Scrap Ooze","floor":3,"gold_loss":0},{"damage_healed":0,"gold_gain":0,"player_choice":"Lose Max HP","damage_taken":0,"relics_obtained":["Golden Idol"],"max_hp_gain":0,"max_hp_loss":6,"event_name":"Golden Idol","floor":5,"gold_loss":0},{"damage_healed":0,"gold_gain":0,"player_choice":"Searched \u00271\u0027 times","damage_taken":0,"max_hp_gain":0,"max_hp_loss":0,"event_name":"Dead Adventurer","floor":10,"gold_loss":0},{"damage_healed":0,"gold_gain":0,"player_choice":"Simplicity","damage_taken":0,"max_hp_gain":0,"max_hp_loss":0,"event_name":"Back to Basics","floor":19,"gold_loss":0,"cards_upgraded":["Strike_R","Strike_R","Strike_R","Strike_R","Strike_R","Defend_R","Defend_R","Defend_R"]},{"damage_healed":0,"gold_gain":0,"player_choice":"Read","damage_taken":0,"max_hp_gain":0,"max_hp_loss":0,"event_name":"The Library","floor":21,"gold_loss":0,"cards_obtained":["Corruption"]}],"is_beta":false,"boss_relics":[{"not_picked":["White Beast Statue","Tiny House"],"picked":"Coffee Dripper"}],"items_purged_floors":[11],"is_endless":false,"potions_floor_spawned":[2,10,16],"killed_by":"Centurion and Healer","ascension_level":12}