{"gold_per_floor":[109,109,123,123,141,172,172,206,284,297,43,43,82,82,82,82],"floor_reached":16,"playtime":1941,"items_purged":["Strike_R"],"score":130,"play_id":"90dd80b8-d4d4-4a3a-89eb-59f87887f7a9","local_time":"20190619234812","is_ascension_mode":true,"campfire_choices":[{"floor":7,"key":"REST"},{"data":"Armaments","floor":12,"key":"SMITH"},{"data":"Flex","floor":15,"key":"SMITH"}],"neow_cost":"PERCENT_DAMAGE","seed_source_timestamp":172286167112966,"circlet_count":0,"master_deck":["Strike_R","Defend_R","Defend_R","Defend_R","Bash","Pommel Strike","Whirlwind","Burning Pact","Flex+1","Pommel Strike","Iron Wave","Armaments+1","Shrug It Off","Seeing Red","Flash of Steel","Spot Weakness"],"relics":["Burning Blood","Golden Idol","Pocketwatch","Juzu Bracelet","Meat on the Bone","Prayer Wheel"],"potions_floor_usage":[8],"damage_taken":[{"damage":4,"enemies":"2 Louse","floor":1,"turns":3},{"damage":4,"enemies":"Jaw Worm","floor":3,"turns":3},{"damage":1,"enemies":"Cultist","floor":5,"turns":3},{"damage":34,"enemies":"Gremlin Nob","floor":6,"turns":5},{"damage":27,"enemies":"3 Sentries","floor":8,"turns":8},{"damage":18,"enemies":"Gremlin Gang","floor":10,"turns":4},{"damage":13,"enemies":"Lagavulin","floor":13,"turns":4},{"damage":39,"enemies":"The Guardian","floor":16,"turns":10}],"seed_played":"4355218266955578951","potions_obtained":[{"floor":1,"key":"SpeedPotion"},{"floor":5,"key":"FairyPotion"},{"floor":6,"key":"Fire Potion"}],"is_trial":false,"path_per_floor":["M","?","M","?","M","E","R","E","T","M","$","R","E","?","R","B"],"character_chosen":"IRONCLAD","items_purchased":["Shrug It Off","Seeing Red","Flash of Steel"],"campfire_rested":1,"item_purchase_floors":[11,11,11],"current_hp_per_floor":[58,38,40,40,45,17,41,20,20,20,20,20,25,25,25,0],"gold":82,"neow_bonus":"REMOVE_TWO","is_prod":false,"is_daily":false,"chose_seed":false,"campfire_upgraded":2,"win_rate":0,"timestamp":1561002492,"path_taken":["M","?","M","?","M","E","R","E","T","M","$","R","E","?","R","BOSS"],"build_version":"2019-01-23","purchased_purges":1,"victory":false,"max_hp_per_floor":[80,80,80,80,80,80,80,80,80,80,80,80,80,80,80,80],"card_choices":[{"not_picked":["Cleave","Body Slam"],"picked":"Pommel Strike","floor":1},{"not_picked":["Body Slam","Wild Strike"],"picked":"Whirlwind","floor":3},{"not_picked":["Whirlwind","Body Slam"],"picked":"Flex","floor":5},{"not_picked":["Twin Strike","Headbutt"],"picked":"Pommel Strike","floor":6},{"not_picked":["Reckless Charge","Clothesline"],"picked":"Iron Wave","floor":8},{"not_picked":["Cleave","Sever Soul"],"picked":"Armaments","floor":10},{"not_picked":["Cleave","Armaments"],"picked":"Spot Weakness","floor":13}],"player_experience":66401,"relics_obtained":[{"floor":6,"key":"Pocketwatch"},{"floor":8,"key":"Juzu Bracelet"},{"floor":9,"key":"Meat on the Bone"},{"floor":13,"key":"Prayer Wheel"}],"event_choices":[{"damage_healed":0,"gold_gain":0,"player_choice":"Take Damage","damage_taken":20,"relics_obtained":["Golden Idol"],"max_hp_gain":0,"max_hp_loss":0,"event_name":"Golden Idol","floor":2,"gold_loss":0},{"damage_healed":0,"gold_gain":0,"cards_transformed":["Strike_R"],"player_choice":"Transformed","damage_taken":0,"max_hp_gain":0,"max_hp_loss":0,"event_name":"Transmorgrifier","floor":4,"gold_loss":0,"cards_obtained":["Burning Pact"]},{"cards_removed":["Strike_R"],"damage_healed":0,"gold_gain":0,"player_choice":"Purged","damage_taken":0,"max_hp_gain":0,"max_hp_loss":0,"event_name":"Purifier","floor":14,"gold_loss":0}],"is_beta":false,"boss_relics":[],"items_purged_floors":[11],"is_endless":false,"potions_floor_spawned":[1,5,6],"killed_by":"The Guardian","ascension_level":2}