{"gold_per_floor":[118,118,130,55,55,55,66,66,66,66,66,95,95,105,105,210,210,210,210,210,210,210,210,210,210,210,210,210,210,89,89,89,89,89,89,89,89,89,89,89,89,89,89,89,89,39,39,39,39,39],"floor_reached":51,"playtime":4026,"items_purged":["Strike_B","Strike_B","Strike_B"],"score":688,"play_id":"8624653d-058e-41f1-bbef-8362b27ce509","local_time":"20190101001048","is_ascension_mode":true,"campfire_choices":[{"data":"Zap","floor":6,"key":"SMITH"},{"data":"Dualcast","floor":10,"key":"SMITH"},{"floor":15,"key":"REST"},{"data":"Defragment","floor":23,"key":"SMITH"},{"data":"Streamline","floor":25,"key":"SMITH"},{"floor":29,"key":"REST"},{"floor":32,"key":"REST"},{"data":"Defragment","floor":40,"key":"SMITH"},{"floor":42,"key":"REST"},{"floor":49,"key":"REST"}],"neow_cost":"NONE","seed_source_timestamp":201470192451869,"circlet_count":0,"master_deck":["Defend_B","Defend_B","Defend_B","Defend_B+1","Zap+1","Dualcast+1","Reinforced Body+1","Barrage","Coolheaded","Blizzard","Defragment+1","Buffer","Sweeping Beam+1","BootSequence","Streamline+1","Glacier","Go for the Eyes","Defragment+1","Chill","Amplify","Loop+1","Thinking Ahead","Self Repair","Parasite","Cold Snap+1"],"relics":["Cracked Core","Matryoshka","Ornamental Fan","Ectoplasm","Oddly Smooth Stone","Smiling Mask","Happy Flower","Bronze Scales","Lizard Tail","Prayer Wheel","Orichalcum","Boot"],"potions_floor_usage":[27,33,41,48,48,50,50],"damage_taken":[{"damage":1,"enemies":"Cultist","floor":1,"turns":3},{"damage":3,"enemies":"2 Louse","floor":3,"turns":4},{"damage":0,"enemies":"Jaw Worm","floor":7,"turns":4},{"damage":17,"enemies":"Lagavulin","floor":12,"turns":9},{"damage":3,"enemies":"Large Slime","floor":14,"turns":7},{"damage":39,"enemies":"Slime Boss","floor":16,"turns":15},{"damage":2,"enemies":"Spheric Guardian","floor":18,"turns":8},{"damage":8,"enemies":"Shell Parasite","floor":19,"turns":6},{"damage":27,"enemies":"Sentry and Sphere","floor":24,"turns":8},{"damage":11,"enemies":"Centurion and Healer","floor":27,"turns":8},{"damage":0,"enemies":"Snake Plant","floor":28,"turns":4},{"damage":0,"enemies":"Snecko","floor":31,"turns":6},{"damage":1,"enemies":"Champ","floor":33,"turns":14},{"damage":15,"enemies":"3 Shapes","floor":35,"turns":7},{"damage":3,"enemies":"Mind Bloom Boss Battle","floor":38,"turns":10},{"damage":0,"enemies":"Orb Walker","floor":39,"turns":5},{"damage":27,"enemies":"Reptomancer","floor":41,"turns":10},{"damage":0,"enemies":"Spire Growth","floor":45,"turns":6},{"damage":29,"enemies":"Writhing Mass","floor":47,"turns":9},{"damage":31,"enemies":"Transient","floor":48,"turns":5},{"damage":95,"enemies":"Awakened One","floor":50,"turns":23}],"seed_played":"-2747930630629348786","potions_obtained":[{"floor":3,"key":"Energy Potion"},{"floor":12,"key":"SpeedPotion"},{"floor":16,"key":"FocusPotion"},{"floor":28,"key":"PowerPotion"},{"floor":39,"key":"Dexterity Potion"},{"floor":47,"key":"Regen Potion"},{"floor":48,"key":"SpeedPotion"}],"is_trial":false,"path_per_floor":["M","?","M","$","?","R","M","$","T","R","?","E","?","M","R","B",null,"M","M","?","?","T","R","M","R","T","M","M","R","$","M","R","B",null,"M","?","?","?","M","R","E","R","T","?","M","$","M","M","R","B",null],"character_chosen":"DEFECT","items_purchased":["Chill"],"campfire_rested":5,"item_purchase_floors":[30],"current_hp_per_floor":[74,79,76,76,76,76,76,76,76,76,60,43,43,40,64,25,80,78,70,70,70,70,70,43,43,43,32,32,56,56,56,80,79,80,65,65,65,62,69,69,49,73,73,73,80,80,58,49,73,32],"gold":39,"neow_bonus":"THREE_CARDS","is_prod":false,"is_daily":false,"chose_seed":false,"campfire_upgraded":5,"win_rate":0,"timestamp":1546269048,"path_taken":["M","?","M","$","?","R","M","?","T","R","?","E","?","?","R","BOSS","M","M","?","?","?","R","M","R","T","M","?","R","$","M","R","BOSS","M","?","?","?","M","R","E","R","T","?","M","$","M","M","R","BOSS"],"build_version":"2018-12-20","purchased_purges":3,"victory":true,"max_hp_per_floor":[75,80,80,80,80,80,80,80,80,80,80,80,80,80,80,80,80,80,80,80,80,80,80,80,80,80,80,80,80,80,80,80,80,80,80,80,80,80,80,80,80,80,80,80,80,80,80,80,80,80],"card_choices":[{"not_picked":["Ball Lightning","Tempest"],"picked":"Reinforced Body","floor":0},{"not_picked":["Redo","Gash"],"picked":"Barrage","floor":1},{"not_picked":["Go for the Eyes","Ball Lightning"],"picked":"Coolheaded","floor":3},{"not_picked":["Amplify","Recycle"],"picked":"Blizzard","floor":7},{"not_picked":["Reprogram","Coolheaded"],"picked":"Steam","floor":12},{"not_picked":["Rebound","Cold Snap"],"picked":"Defragment","floor":14},{"not_picked":["Fission","Reboot"],"picked":"Buffer","floor":16},{"not_picked":["Compile Driver+1","Reinforced Body"],"picked":"Sweeping Beam+1","floor":18},{"not_picked":["Compile Driver+1","Redo"],"picked":"BootSequence","floor":19},{"not_picked":["Cold Snap","Hologram"],"picked":"Glacier","floor":24},{"not_picked":["Heatsinks","Leap"],"picked":"Go for the Eyes","floor":27},{"not_picked":["Double Energy","Steam+1"],"picked":"Defragment","floor":28},{"not_picked":["Darkness","Stack","Gash+1"],"picked":"SKIP","floor":31},{"not_picked":["Thunder Strike","Fission"],"picked":"Amplify","floor":33},{"not_picked":["Ball Lightning","Tempest"],"picked":"Loop+1","floor":35},{"not_picked":["PanicButton","Trip"],"picked":"Thinking Ahead","floor":37},{"not_picked":["Hologram+1","Storm+1"],"picked":"Self Repair","floor":38},{"not_picked":["Gash","Steam","Ball Lightning+1"],"picked":"SKIP","floor":39},{"not_picked":["Beam Cell+1","Turbo","Heatsinks+1"],"picked":"SKIP","floor":39},{"not_picked":["Storm+1","Rainbow","Turbo"],"picked":"SKIP","floor":41},{"not_picked":["Darkness+1","Sweeping Beam+1","Blizzard"],"picked":"SKIP","floor":45},{"not_picked":["Double Energy","Sweeping Beam","Self Repair"],"picked":"SKIP","floor":45},{"not_picked":["Lockon+1","Fusion","Steam+1"],"picked":"SKIP","floor":47},{"not_picked":["Go for the Eyes","Sweeping Beam+1","Conserve Battery"],"picked":"SKIP","floor":47},{"not_picked":["Ball Lightning+1","Conserve Battery+1"],"picked":"Cold Snap+1","floor":48},{"not_picked":["Compile Driver","Sweeping Beam","Coolheaded+1"],"picked":"SKIP","floor":48}],"player_experience":87371,"relics_obtained":[{"floor":9,"key":"Matryoshka"},{"floor":12,"key":"Ornamental Fan"},{"floor":22,"key":"Oddly Smooth Stone"},{"floor":22,"key":"Smiling Mask"},{"floor":26,"key":"Happy Flower"},{"floor":26,"key":"Bronze Scales"},{"floor":38,"key":"Prayer Wheel"},{"floor":41,"key":"Orichalcum"},{"floor":43,"key":"Boot"}],"event_choices":[{"damage_healed":0,"gold_gain":0,"player_choice":"Donut","damage_taken":0,"max_hp_gain":5,"max_hp_loss":0,"event_name":"Big Fish","floor":2,"gold_loss":0},{"damage_healed":0,"gold_gain":0,"player_choice":"Ignored","damage_taken":0,"max_hp_gain":0,"max_hp_loss":0,"event_name":"Golden Idol","floor":5,"gold_loss":0},{"damage_healed":0,"gold_gain":0,"player_choice":"Entered Light","damage_taken":16,"max_hp_gain":0,"max_hp_loss":0,"event_name":"Shining Light","floor":11,"gold_loss":0,"cards_upgraded":["Reinforced Body","Defend_B"]},{"cards_removed":["Strike_B"],"damage_healed":0,"gold_gain":0,"player_choice":"Forget","damage_taken":0,"max_hp_gain":0,"max_hp_loss":0,"event_name":"Living Wall","floor":13,"gold_loss":0},{"damage_healed":0,"gold_gain":0,"player_choice":"Ignored","damage_taken":0,"max_hp_gain":0,"max_hp_loss":0,"event_name":"Ghosts","floor":20,"gold_loss":0},{"damage_healed":0,"gold_gain":0,"player_choice":"Read","damage_taken":0,"max_hp_gain":0,"max_hp_loss":0,"event_name":"The Library","floor":21,"gold_loss":0,"cards_obtained":["Streamline"]},{"cards_removed":["Steam"],"damage_healed":0,"gold_gain":0,"player_choice":"Removed Skill","damage_taken":0,"max_hp_gain":0,"max_hp_loss":0,"event_name":"Falling","floor":36,"gold_loss":0},{"damage_healed":0,"gold_gain":0,"player_choice":"Memory 1","damage_taken":0,"max_hp_gain":0,"max_hp_loss":0,"event_name":"SensoryStone","floor":37,"gold_loss":0},{"damage_healed":0,"gold_gain":0,"player_choice":"Fight","damage_taken":0,"max_hp_gain":0,"max_hp_loss":0,"event_name":"MindBloom","floor":38,"gold_loss":0},{"damage_healed":0,"gold_gain":0,"player_choice":"Leave","damage_taken":0,"max_hp_gain":0,"max_hp_loss":0,"event_name":"FaceTrader","floor":44,"gold_loss":0}],"is_beta":false,"boss_relics":[{"not_picked":["Inserter","Runic Dome"],"picked":"Ectoplasm"},{"not_picked":["Snecko Eye","Black Star"],"picked":"Lizard Tail"}],"items_purged_floors":[4,30,46],"is_endless":false,"potions_floor_spawned":[3,12,16,18,19,28,39,47,48],"ascension_level":2}