{"path_per_floor":["M","M","M","?","M","E","R","?","T","M","M","$","M","M","R","B",null,"M","$","?","?","M"],"character_chosen":"DEFECT","items_purchased":["Ginger","Melter","Coolheaded"],"gold_per_floor":[109,125,143,318,332,364,364,364,411,421,438,26,36,48,48,150,150,166,116,116,116,127,127],"floor_reached":23,"campfire_rested":1,"playtime":1227,"item_purchase_floors":[12,12,12],"current_hp_per_floor":[75,75,74,74,70,55,55,55,55,43,38,38,38,32,54,42,75,64,64,56,56,50,0],"items_purged":["Normality"],"gold":127,"score":195,"play_id":"fec3963b-3c83-41e7-8ea0-eb4f5a85ef8c","local_time":"20180601182956","is_prod":false,"is_daily":false,"chose_seed":false,"is_ascension_mode":false,"campfire_upgraded":1,"win_rate":0.0,"timestamp":1527870596,"campfire_choices":[{"data":"Static Discharge","floor":7,"key":"SMITH"},{"floor":15,"key":"REST"}],"path_taken":["M","M","M","?","?","E","R","?","T","M","M","$","?","M","R","BOSS","M","$","?","?","M","E"],"build_version":"2018-05-31","seed_source_timestamp":82992950681322,"purchased_purges":1,"victory":false,"master_deck":["Strike_B","Strike_B","Strike_B","Strike_B","Defend_B","Defend_B","Defend_B","Defend_B","Zap","Dualcast","Cold Snap","Cold Snap","Static Discharge+1","Doubt","Thunder Strike","Redo","Zap","Madness","Ball Lightning","Ball Lightning","Melter","Coolheaded","Streamline","Conserve Battery","Fission","Regret","Tempest","Darkness+1"],"max_hp_per_floor":[75,75,75,75,75,75,75,75,75,75,75,75,75,75,75,75,75,75,75,75,75,75,75],"relics":["Cracked Core","Dodecahedron","Vajra","Ginger","Calling Bell","Unceasing Top","Bronze Scales","Smiling Mask"],"card_choices":[{"not_picked":["Sweeping Beam","Glacier"],"picked":"Cold Snap","floor":1},{"not_picked":["Compile Driver","Gash"],"picked":"Cold Snap","floor":2},{"not_picked":["Doom and Gloom","Tempest"],"picked":"Static Discharge","floor":3},{"not_picked":["Steam","Stack"],"picked":"Thunder Strike","floor":5},{"not_picked":["Cold Snap","Consume"],"picked":"Redo","floor":6},{"not_picked":["Cold Snap","Blizzard"],"picked":"Ball Lightning","floor":10},{"not_picked":["BootSequence","Gash"],"picked":"Ball Lightning","floor":11},{"not_picked":["Fusion","Coolheaded"],"picked":"Streamline","floor":13},{"not_picked":["Redo","Blizzard"],"picked":"Conserve Battery","floor":14},{"not_picked":["Machine Learning","All For One"],"picked":"Fission","floor":16},{"not_picked":["Steam","Conserve Battery+1"],"picked":"Tempest","floor":18},{"not_picked":["Hologram+1","Hello World"],"picked":"Darkness+1","floor":22}],"player_experience":139095,"potions_floor_usage":[6,13,14,16],"damage_taken":[{"damage":0,"enemies":"Cultist","floor":1,"turns":4},{"damage":0,"enemies":"2 Louse","floor":2,"turns":3},{"damage":1,"enemies":"Jaw Worm","floor":3,"turns":3},{"damage":4,"enemies":"Red Slaver","floor":5,"turns":4},{"damage":15,"enemies":"3 Sentries","floor":6,"turns":5},{"damage":12,"enemies":"Blue Slaver","floor":10,"turns":2},{"damage":5,"enemies":"Looter","floor":11,"turns":2},{"damage":0,"enemies":"Exordium Wildlife","floor":13,"turns":2},{"damage":6,"enemies":"Exordium Thugs","floor":14,"turns":2},{"damage":27,"enemies":"Hexaghost","floor":16,"turns":6},{"damage":11,"enemies":"3 Byrds","floor":18,"turns":3},{"damage":6,"enemies":"Spheric Guardian","floor":22,"turns":4},{"damage":50,"enemies":"Gremlin Leader","floor":23,"turns":7}],"relics_obtained":[{"floor":6,"key":"Dodecahedron"},{"floor":9,"key":"Vajra"},{"floor":17,"key":"Unceasing Top"},{"floor":17,"key":"Bronze Scales"},{"floor":17,"key":"Smiling Mask"}],"event_choices":[{"event_name":"Liars Game","player_choice":"agreed","floor":4,"damage_taken":0},{"event_name":"Match and Keep!","player_choice":"2 cards matched","floor":8,"damage_taken":0},{"event_name":"Knowing Skull","player_choice":"","floor":20,"damage_taken":0},{"event_name":"Back to Basics","player_choice":"Elegance","floor":21,"damage_taken":0}],"boss_relics":[{"not_picked":["Astrolabe","Pandora\u0027s Box"],"picked":"Calling Bell"}],"items_purged_floors":[19],"potions_floor_spawned":[3,6,10,11,22],"seed_played":"-3272241388931229251","killed_by":"Gremlin Leader","ascension_level":0,"potions_obtained":[{"floor":3,"key":"FocusPotion"},{"floor":6,"key":"Regen Potion"},{"floor":10,"key":"EssenceOfSteel"},{"floor":11,"key":"Fire Potion"},{"floor":22,"key":"Ancient Potion"}],"is_trial":false}