{"gold_per_floor":[111,122,138,22,36,36,65,65,91,104,104,104,128,93,93,93],"floor_reached":16,"playtime":634,"items_purged":[],"score":175,"play_id":"61b49c06-18da-49d1-9190-3fb73fbcfd0c","local_time":"20190828160537","is_ascension_mode":true,"campfire_choices":[{"data":"Searing Blow","floor":6,"key":"SMITH"},{"data":"Searing Blow+2","floor":15,"key":"SMITH"}],"neow_cost":"NONE","seed_source_timestamp":757421606074700,"circlet_count":0,"master_deck":["AscendersBane","Strike_R","Strike_R","Strike_R","Strike_R","Strike_R","Defend_R+1","Defend_R","Defend_R+1","Defend_R","Bash","Headbutt","Battle Trance","Feel No Pain","Immolate","Anger","Searing Blow+3","Reckless Charge"],"relics":["Burning Blood","War Paint","Ancient Tea Set","Oddly Smooth Stone","Boot"],"potions_floor_usage":[16,16],"damage_taken":[{"damage":3,"enemies":"Cultist","floor":1,"turns":5},{"damage":12,"enemies":"Small Slimes","floor":2,"turns":3},{"damage":0,"enemies":"2 Louse","floor":3,"turns":4},{"damage":11,"enemies":"Looter","floor":5,"turns":3},{"damage":53,"enemies":"Lagavulin","floor":7,"turns":7},{"damage":6,"enemies":"Large Slime","floor":10,"turns":4},{"damage":31,"enemies":"The Guardian","floor":16,"turns":9}],"seed_played":"-648553712712319382","potions_obtained":[{"floor":5,"key":"SteroidPotion"},{"floor":7,"key":"Swift Potion"}],"is_trial":false,"path_per_floor":["M","M","M","$","M","R","E","?","T","M","?","?","T","?","R","B"],"character_chosen":"IRONCLAD","items_purchased":["Immolate","Anger"],"campfire_rested":0,"item_purchase_floors":[4,4],"current_hp_per_floor":[71,65,71,71,66,66,19,19,19,19,19,19,19,37,37,6],"gold":93,"neow_bonus":"RANDOM_COMMON_RELIC","is_prod":false,"is_daily":false,"chose_seed":false,"campfire_upgraded":2,"win_rate":0,"timestamp":1567033537,"path_taken":["M","M","M","?","?","R","E","?","T","?","?","?","?","?","R","BOSS"],"build_version":"2019-07-17","purchased_purges":0,"victory":false,"max_hp_per_floor":[75,75,75,75,75,75,75,75,75,75,75,75,75,75,75,75],"card_choices":[{"not_picked":["True Grit","Warcry"],"picked":"Headbutt","floor":1},{"not_picked":["Combust","Fire Breathing"],"picked":"Battle Trance","floor":2},{"not_picked":["Flex","Anger"],"picked":"Feel No Pain","floor":3},{"not_picked":["Reckless Charge","Pummel"],"picked":"Searing Blow","floor":5},{"not_picked":["Rupture","Pommel Strike"],"picked":"Reckless Charge","floor":7},{"not_picked":["Rupture","Clothesline","Body Slam"],"picked":"SKIP","floor":10}],"player_experience":269540,"relics_obtained":[{"floor":7,"key":"Ancient Tea Set"},{"floor":9,"key":"Oddly Smooth Stone"},{"floor":13,"key":"Boot"}],"event_choices":[{"damage_healed":0,"gold_gain":0,"player_choice":"Forge","damage_taken":0,"max_hp_gain":0,"max_hp_loss":0,"event_name":"Accursed Blacksmith","floor":8,"gold_loss":0,"cards_upgraded":["Searing Blow"]},{"damage_healed":0,"gold_gain":0,"player_choice":"Ignored","damage_taken":0,"max_hp_gain":0,"max_hp_loss":0,"event_name":"Shining Light","floor":11,"gold_loss":0},{"damage_healed":0,"gold_gain":0,"player_choice":"Ignored","damage_taken":0,"max_hp_gain":0,"max_hp_loss":0,"event_name":"Liars Game","floor":12,"gold_loss":0},{"damage_healed":18,"gold_gain":0,"player_choice":"Healed","damage_taken":0,"max_hp_gain":0,"max_hp_loss":0,"event_name":"The Cleric","floor":14,"gold_loss":35}],"is_beta":false,"boss_relics":[],"items_purged_floors":[],"is_endless":false,"potions_floor_spawned":[5,7],"killed_by":"The Guardian","ascension_level":15}