{"gold_per_floor":[114,130,146,146,163,163,183,216,243,8,19,34,49,69,69,145,145,165,165,184,184,184,184,202,202,248,277,287,287,37,37,37,114,164,174,1173,484,499,499,499,527,527,553,553,553,563,563,581,581,581],"floor_reached":50,"playtime":2952,"items_purged":["Normality"],"score":890,"play_id":"e106b523-1575-4b17-8d9c-2e5180870868","local_time":"20190827165716","is_ascension_mode":true,"campfire_choices":[{"data":"Enlightenment","floor":6.0,"key":"SMITH"},{"floor":15.0,"key":"REST"},{"data":"Armaments","floor":23.0,"key":"SMITH"},{"floor":25.0,"key":"REST"},{"floor":32.0,"key":"REST"},{"floor":40.0,"key":"REST"},{"data":"Enlightenment","floor":42.0,"key":"SMITH"},{"data":"Mayhem","floor":44.0,"key":"SMITH"},{"data":"Forethought","floor":47.0,"key":"SMITH"},{"floor":49.0,"key":"REST"}],"neow_cost":"PERCENT_DAMAGE","seed_source_timestamp":671477251223900,"circlet_count":0,"master_deck":["AscendersBane","Strike_R","Strike_R","Strike_R","Strike_R","Strike_R","Defend_R","Defend_R+1","Defend_R","Defend_R","Bash","Sadistic Nature","Enlightenment+1","Armaments+1","Ghostly Armor","Heavy Blade","Pommel Strike","Shockwave+1","Limit Break","Mayhem+1","Heavy Blade","Battle Trance","Feed","Headbutt","Spot Weakness","Warcry","Immolate","Perfected Strike+1","Wild Strike+1","Reaper","Perfected Strike","Magnetism","Heavy Blade","Immolate","Pummel","Carnage+1","Magnetism","Carnage","Forethought+1","Wild Strike+1","Finesse+1","Magnetism","Enlightenment+1","Perfected Strike"],"special_seed":0,"relics":["Burning Blood","Kunai","Red Skull","Orrery","Self Forming Clay","Regal Pillow","Blood Vial","Centennial Puzzle","Tiny House","Membership Card","Anchor","Pantograph","War Paint","Bronze Scales"],"potions_floor_usage":[50,50],"damage_taken":[{"damage":1.0,"enemies":"Cultist","floor":1.0,"turns":4.0},{"damage":0.0,"enemies":"2 Louse","floor":2.0,"turns":3.0},{"damage":12.0,"enemies":"Jaw Worm","floor":3.0,"turns":5.0},{"damage":18.0,"enemies":"Large Slime","floor":5.0,"turns":5.0},{"damage":13.0,"enemies":"Blue Slaver","floor":7.0,"turns":2.0},{"damage":10.0,"enemies":"3 Sentries","floor":8.0,"turns":8.0},{"damage":2.0,"enemies":"Looter","floor":11.0,"turns":3.0},{"damage":5.0,"enemies":"3 Louse","floor":12.0,"turns":3.0},{"damage":9.0,"enemies":"Red Slaver","floor":13.0,"turns":3.0},{"damage":8.0,"enemies":"2 Fungi Beasts","floor":14.0,"turns":3.0},{"damage":52.0,"enemies":"Slime Boss","floor":16.0,"turns":8.0},{"damage":40.0,"enemies":"2 Thieves","floor":18.0,"turns":5.0},{"damage":2.0,"enemies":"Chosen","floor":20.0,"turns":4.0},{"damage":0.0,"enemies":"Masked Bandits","floor":21.0,"turns":1.0},{"damage":8.0,"enemies":"Snake Plant","floor":24.0,"turns":3.0},{"damage":27.0,"enemies":"Gremlin Leader","floor":27.0,"turns":7.0},{"damage":18.0,"enemies":"Snecko","floor":28.0,"turns":4.0},{"damage":41.0,"enemies":"Automaton","floor":33.0,"turns":6.0},{"damage":48.0,"enemies":"3 Darklings","floor":35.0,"turns":6.0},{"damage":10.0,"enemies":"Orb Walker","floor":38.0,"turns":3.0},{"damage":47.0,"enemies":"Nemesis","floor":41.0,"turns":7.0},{"damage":27.0,"enemies":"Jaw Worm Horde","floor":46.0,"turns":3.0},{"damage":17.0,"enemies":"Maw","floor":48.0,"turns":6.0},{"damage":120,"enemies":"Time Eater","floor":50,"turns":7}],"seed_played":"1565554178056156104","potions_obtained":[{"floor":2.0,"key":"EssenceOfSteel"},{"floor":7.0,"key":"AttackPotion"},{"floor":8.0,"key":"SmokeBomb"},{"floor":16.0,"key":"Ancient Potion"},{"floor":24.0,"key":"EssenceOfSteel"},{"floor":27.0,"key":"Energy Potion"},{"floor":33.0,"key":"LiquidBronze"},{"floor":34.0,"key":"EntropicBrew"},{"floor":48.0,"key":"PowerPotion"}],"is_trial":false,"path_per_floor":["M","M","M","?","M","R","M","E","T","$","M","M","M","M","R","B",null,"M","$","M","?","T","R","M","R","T","E","M","?","$","?","R","B",null,"M","?","$","M","?","R","E","R","T","R","?","M","R","M","R","B"],"character_chosen":"IRONCLAD","items_purchased":["Mayhem","Heavy Blade","Magnetism","Heavy Blade","Membership Card","Magnetism","Anchor","Pantograph","Carnage","Forethought","Regen Potion"],"campfire_rested":5,"item_purchase_floors":[10,10,30,30,37,37,37,37,37,37,37],"current_hp_per_floor":[56,62,56,56,44,44,37,33,33,33,37,38,35,33,57,11,63,32,32,39,45,45,45,43,68,68,47,37,37,37,37,77,68,87,50,50,50,51,41,85,61,61,61,61,61,42,42,33,77,0],"gold":581,"neow_bonus":"RANDOM_COLORLESS_2","is_prod":false,"is_daily":false,"chose_seed":false,"campfire_upgraded":5,"win_rate":0,"timestamp":1566950236,"path_taken":["M","M","?","?","M","R","M","E","T","$","M","M","M","M","R","BOSS","M","$","M","?","?","R","M","R","T","E","M","?","?","?","R","BOSS","M","?","$","M","?","R","E","R","T","R","?","?","R","M","R","BOSS"],"build_version":"2019-07-17","purchased_purges":1,"victory":false,"max_hp_per_floor":[80,80,80,80,80,80,80,80,80,80,80,80,80,80,80,80,80,83,83,86,86,86,86,86,86,86,86,86,86,86,86,86,86,91,94,94,94,97,97,97,97,97,97,97,97,97,97,97,97,97],"card_choices":[{"not_picked":["Thunderclap","Shrug It Off"],"picked":"Armaments","floor":1.0},{"not_picked":["True Grit","Sentinel"],"picked":"Ghostly Armor","floor":2.0},{"not_picked":["Anger","Fire Breathing"],"picked":"Heavy Blade","floor":3.0},{"not_picked":["True Grit","Flex"],"picked":"Pommel Strike","floor":5.0},{"not_picked":["Cleave","Thunderclap"],"picked":"Shockwave","floor":7.0},{"not_picked":["Anger","Warcry"],"picked":"Limit Break","floor":8.0},{"not_picked":["Headbutt","Warcry"],"picked":"Battle Trance","floor":11.0},{"not_picked":["Pommel Strike","Sentinel","Body Slam"],"picked":"SKIP","floor":12.0},{"not_picked":["Cleave","Twin Strike","Power Through"],"picked":"SKIP","floor":13.0},{"not_picked":["Havoc","Pommel Strike","Anger"],"picked":"SKIP","floor":14.0},{"not_picked":["Brutality","Berserk"],"picked":"Feed","floor":16.0},{"not_picked":["Combust","Armaments"],"picked":"Headbutt","floor":17.0},{"not_picked":["Searing Blow","True Grit"],"picked":"Spot Weakness","floor":17.0},{"not_picked":["Pommel Strike","Sentinel"],"picked":"Warcry","floor":17.0},{"not_picked":["Power Through","Clash"],"picked":"Immolate","floor":18.0},{"not_picked":["Pummel","Intimidate"],"picked":"Perfected Strike+1","floor":20.0},{"not_picked":["Iron Wave+1","Searing Blow"],"picked":"Wild Strike+1","floor":24.0},{"not_picked":["Rupture","Reckless Charge","Feel No Pain"],"picked":"SKIP","floor":27.0},{"not_picked":["Shrug It Off+1","Iron Wave+1"],"picked":"Reaper","floor":28.0},{"not_picked":["Barricade","Offering"],"picked":"Immolate","floor":33.0},{"not_picked":["Flex","True Grit"],"picked":"Pummel","floor":34.0},{"not_picked":["Dropkick","Havoc+1"],"picked":"Carnage+1","floor":35.0},{"not_picked":["Spot Weakness","Rampage"],"picked":"Wild Strike+1","floor":38.0},{"not_picked":["Deep Breath","PanicButton"],"picked":"Finesse","floor":39.0},{"not_picked":["Bandage Up","Dramatic Entrance"],"picked":"Magnetism","floor":39.0},{"not_picked":["Metamorphosis","Flash of Steel"],"picked":"Enlightenment","floor":39.0},{"not_picked":["Anger+1","Body Slam+1","Metallicize"],"picked":"SKIP","floor":41.0},{"not_picked":["Feel No Pain","Iron Wave","Flame Barrier"],"picked":"SKIP","floor":46.0},{"not_picked":["Sword Boomerang+1","Blood for Blood"],"picked":"Perfected Strike","floor":48.0}],"player_experience":235257,"relics_obtained":[{"floor":8.0,"key":"Kunai"},{"floor":9.0,"key":"Red Skull"},{"floor":22.0,"key":"Self Forming Clay"},{"floor":26.0,"key":"Regal Pillow"},{"floor":27.0,"key":"Blood Vial"},{"floor":41.0,"key":"War Paint"},{"floor":43.0,"key":"Bronze Scales"}],"event_choices":[{"damage_healed":0.0,"max_hp_gain":0.0,"max_hp_loss":0.0,"gold_gain":0.0,"event_name":"Liars Game","player_choice":"Ignored","floor":4.0,"gold_loss":0.0,"damage_taken":0.0},{"damage_healed":0.0,"max_hp_gain":0.0,"max_hp_loss":0.0,"gold_gain":0.0,"event_name":"Masked Bandits","player_choice":"Fought Bandits","floor":21.0,"gold_loss":0.0,"damage_taken":0.0},{"damage_healed":0.0,"max_hp_gain":0.0,"max_hp_loss":0.0,"gold_gain":0.0,"event_name":"The Library","player_choice":"Read","floor":29.0,"gold_loss":0.0,"damage_taken":0.0,"cards_obtained":["Perfected Strike"]},{"damage_healed":0.0,"max_hp_gain":0.0,"max_hp_loss":0.0,"gold_gain":0.0,"event_name":"The Mausoleum","player_choice":"Opened","floor":31.0,"gold_loss":0.0,"damage_taken":0.0,"relics_obtained":["Centennial Puzzle"]},{"damage_healed":0.0,"max_hp_gain":0.0,"max_hp_loss":0.0,"gold_gain":999.0,"event_name":"MindBloom","player_choice":"Gold","floor":36.0,"gold_loss":0.0,"damage_taken":0.0,"cards_obtained":["Normality","Normality"]},{"damage_healed":0.0,"max_hp_gain":0.0,"max_hp_loss":0.0,"gold_gain":0.0,"event_name":"SensoryStone","player_choice":"Memory 3","floor":39.0,"gold_loss":0.0,"damage_taken":10.0},{"cards_removed":["Normality"],"damage_healed":0.0,"max_hp_gain":0.0,"max_hp_loss":0.0,"gold_gain":0.0,"event_name":"Purifier","player_choice":"Purged","floor":45.0,"gold_loss":0.0,"damage_taken":0.0}],"is_beta":false,"boss_relics":[{"not_picked":["Mark of Pain","Runic Pyramid"],"picked":"Orrery"},{"not_picked":["Philosopher\u0027s Stone","Velvet Choker"],"picked":"Tiny House"}],"items_purged_floors":[37],"is_endless":false,"potions_floor_spawned":[2,7,8,12,14,16,20,24,27,33,38,48],"killed_by":"Time Eater","ascension_level":13}