{"gold_per_floor":[212,124,139,157,157,157,167,167,167,200,161,179,179,199,199,298,298,308,398,408,428,441,441],"floor_reached":23,"playtime":832,"items_purged":[],"score":234,"play_id":"2104134e-0775-4268-b6b5-8768218ae930","local_time":"20190101224255","is_ascension_mode":true,"campfire_choices":[{"data":"Perfected Strike","floor":6,"key":"SMITH"},{"floor":8,"key":"REST"},{"floor":13,"key":"REST"},{"data":"True Grit","floor":15,"key":"SMITH"}],"neow_cost":"NONE","seed_source_timestamp":285804110396295,"circlet_count":0,"master_deck":["Strike_R","Strike_R","Strike_R","Strike_R","Strike_R","Defend_R","Defend_R","Defend_R","Defend_R","Bash","Carnage","Headbutt","Perfected Strike+1","Cleave","True Grit+1","Shockwave","Impervious","Battle Trance+1"],"relics":["Burning Blood","Darkstone Periapt","Letter Opener","Happy Flower","Busted Crown"],"potions_floor_usage":[7,16,22,22],"damage_taken":[{"damage":11,"enemies":"Jaw Worm","floor":1,"turns":4},{"damage":6,"enemies":"Cultist","floor":3,"turns":3},{"damage":5,"enemies":"2 Louse","floor":4,"turns":3},{"damage":32,"enemies":"Exordium Thugs","floor":7,"turns":5},{"damage":26,"enemies":"Gremlin Nob","floor":10,"turns":4},{"damage":2,"enemies":"Red Slaver","floor":12,"turns":3},{"damage":11,"enemies":"Blue Slaver","floor":14,"turns":3},{"damage":50,"enemies":"The Guardian","floor":16,"turns":8},{"damage":29,"enemies":"3 Byrds","floor":18,"turns":4},{"damage":28,"enemies":"Spheric Guardian","floor":20,"turns":4},{"damage":9,"enemies":"Centurion and Healer","floor":21,"turns":3},{"damage":7,"enemies":"3 Cultists","floor":22,"turns":4},{"damage":29,"enemies":"Slavers","floor":23,"turns":1}],"seed_played":"-2968722711207429316","potions_obtained":[{"floor":4,"key":"AttackPotion"},{"floor":12,"key":"EssenceOfSteel"},{"floor":14,"key":"Explosive Potion"},{"floor":16,"key":"Swift Potion"},{"floor":21,"key":"Regen Potion"}],"is_trial":false,"path_per_floor":["M","?","M","M","$","R","M","R","T","E","$","M","R","M","R","B",null,"M","?","M","M","M","E"],"character_chosen":"IRONCLAD","items_purchased":["Shockwave"],"campfire_rested":2,"item_purchase_floors":[11],"current_hp_per_floor":[75,75,75,76,76,76,50,74,74,54,54,58,80,75,75,31,80,57,41,19,16,24,0],"gold":441,"neow_bonus":"HUNDRED_GOLD","is_prod":false,"is_daily":false,"chose_seed":false,"campfire_upgraded":2,"win_rate":0,"timestamp":1546350175,"path_taken":["M","?","M","M","$","R","M","R","T","E","$","?","R","M","R","BOSS","M","?","M","M","M","E"],"build_version":"2018-12-20","purchased_purges":0,"victory":false,"max_hp_per_floor":[80,80,80,80,80,80,80,80,80,80,80,80,80,80,80,80,80,80,80,80,80,80,80],"card_choices":[{"not_picked":["Sword Boomerang","Blood for Blood"],"picked":"Carnage","floor":1},{"not_picked":["Anger","Havoc"],"picked":"Headbutt","floor":3},{"not_picked":["Anger","Warcry"],"picked":"Perfected Strike","floor":4},{"not_picked":["Shrug It Off","Sword Boomerang"],"picked":"Cleave","floor":7},{"not_picked":["Carnage","Bloodletting"],"picked":"True Grit","floor":10},{"not_picked":["Dropkick","Corruption","Clash"],"picked":"SKIP","floor":12},{"not_picked":["Heavy Blade","Armaments","Warcry"],"picked":"SKIP","floor":14},{"not_picked":["Juggernaut","Brutality"],"picked":"Impervious","floor":16},{"not_picked":["Body Slam+1"],"picked":"SKIP","floor":18},{"not_picked":["Flex"],"picked":"SKIP","floor":20},{"not_picked":[],"picked":"Battle Trance+1","floor":21},{"not_picked":["Iron Wave+1"],"picked":"SKIP","floor":22}],"player_experience":111333,"relics_obtained":[{"floor":9,"key":"Letter Opener"},{"floor":10,"key":"Happy Flower"}],"event_choices":[{"damage_healed":0,"gold_gain":0,"player_choice":"Paid Gold","damage_taken":0,"relics_obtained":["Darkstone Periapt"],"max_hp_gain":0,"max_hp_loss":0,"event_name":"WeMeetAgain","floor":2,"gold_loss":88},{"damage_healed":0,"gold_gain":90,"player_choice":"GOLD ","damage_taken":16,"max_hp_gain":0,"max_hp_loss":0,"event_name":"Knowing Skull","floor":19,"potions_obtained":[],"gold_loss":0,"cards_obtained":[]}],"is_beta":false,"boss_relics":[{"not_picked":["Black Blood","Black Star"],"picked":"Busted Crown"}],"items_purged_floors":[],"is_endless":false,"potions_floor_spawned":[4,12,14,16,21],"killed_by":"Slavers","ascension_level":4}