{"gold_per_floor":[113,132,159,159,172,172,187,187,187,205,221,221,233,244,244,343,343,359,359,387,0,0,0,11,11,63,63,63,78,78,92,92,190,190,200,422,422,440,510,510,510],"floor_reached":41,"playtime":5112,"items_purged":[],"score":383,"play_id":"d7d402a9-a7e3-4f9e-9de6-54b1a9fe7624","local_time":"20190827214008","is_ascension_mode":false,"campfire_choices":[{"floor":6.0,"key":"REST"},{"floor":15.0,"key":"REST"},{"floor":23.0,"key":"REST"},{"data":"True Grit","floor":25.0,"key":"SMITH"},{"data":"Flame Barrier","floor":27.0,"key":"SMITH"},{"floor":30.0,"key":"REST"},{"floor":32.0,"key":"REST"},{"floor":40,"key":"REST"}],"neow_cost":"NONE","seed_source_timestamp":0,"circlet_count":0,"master_deck":["Defend_R+1","Defend_R","Defend_R","Defend_R","Panacea","Pummel","Corruption","Flame Barrier+1","Anger","Metallicize","Rampage","True Grit+1","Second Wind","Thunderclap","Exhume","Sever Soul+1","Feel No Pain+1","Rage+1","Rage","Blood for Blood+1","Metamorphosis+1","Flex","Purity","Rupture","Pommel Strike","Blood for Blood","Body Slam+1","Double Tap","Sentinel","Discovery","Master of Strategy","Armaments"],"special_seed":0,"relics":["Burning Blood","Juzu Bracelet","Matryoshka","Dodecahedron","Blue Candle","Astrolabe","Red Mask","War Paint","Boot","White Beast Statue","Molten Egg 2"],"potions_floor_usage":[41],"damage_taken":[{"damage":1.0,"enemies":"Cultist","floor":1.0,"turns":4.0},{"damage":11.0,"enemies":"Jaw Worm","floor":2.0,"turns":5.0},{"damage":7.0,"enemies":"Small Slimes","floor":5.0,"turns":3.0},{"damage":9.0,"enemies":"3 Louse","floor":7.0,"turns":5.0},{"damage":26.0,"enemies":"Exordium Wildlife","floor":10.0,"turns":5.0},{"damage":2.0,"enemies":"Blue Slaver","floor":11.0,"turns":4.0},{"damage":9.0,"enemies":"Large Slime","floor":13.0,"turns":7.0},{"damage":8.0,"enemies":"Lots of Slimes","floor":14.0,"turns":5.0},{"damage":64.0,"enemies":"The Guardian","floor":16.0,"turns":11.0},{"damage":7.0,"enemies":"Spheric Guardian","floor":18.0,"turns":7.0},{"damage":36.0,"enemies":"Masked Bandits","floor":20.0,"turns":6.0},{"damage":4.0,"enemies":"3 Byrds","floor":24.0,"turns":6.0},{"damage":32.0,"enemies":"Colosseum Slavers","floor":28.0,"turns":6.0},{"damage":20.0,"enemies":"Centurion and Healer","floor":29.0,"turns":7.0},{"damage":23.0,"enemies":"3 Cultists","floor":31.0,"turns":8.0},{"damage":61.0,"enemies":"Champ","floor":33.0,"turns":14.0},{"damage":43,"enemies":"3 Darklings","floor":35,"turns":5},{"damage":25,"enemies":"Orb Walker","floor":38,"turns":6},{"damage":69,"enemies":"Maw","floor":41,"turns":9}],"seed_played":"4784689019949568539","potions_obtained":[{"floor":1.0,"key":"Fire Potion"},{"floor":2.0,"key":"LiquidBronze"},{"floor":10.0,"key":"Weak Potion"},{"floor":14.0,"key":"Poison Potion"},{"floor":16.0,"key":"Block Potion"},{"floor":18.0,"key":"AttackPotion"},{"floor":24.0,"key":"LiquidBronze"},{"floor":31.0,"key":"Swift Potion"},{"floor":35,"key":"SpeedPotion"},{"floor":38,"key":"BloodPotion"}],"is_trial":false,"path_per_floor":["M","M","T","?","M","R","M","?","T","M","M","?","M","M","R","B",null,"M","?","?","$","?","R","M","R","T","R","?","M","R","M","R","B",null,"M","?","?","M","T","R","M"],"character_chosen":"IRONCLAD","items_purchased":["Metamorphosis","Flex","Purity","Rupture"],"campfire_rested":6,"item_purchase_floors":[21,21,21,21],"current_hp_per_floor":[80,75,75,57,56,80,77,77,77,57,61,61,58,56,80,22,80,79,79,49,49,49,73,75,75,75,75,49,35,59,42,66,11,80,43,43,38,19,19,43,0],"gold":510,"neow_bonus":"RANDOM_COLORLESS","is_prod":false,"is_daily":false,"chose_seed":false,"campfire_upgraded":2,"win_rate":0.0,"timestamp":1566913208,"path_taken":["M","M","?","?","M","R","M","?","T","M","M","?","M","M","R","BOSS","M","?","?","$","?","R","M","R","T","R","?","M","R","M","R","BOSS","M","?","?","M","?","R","M"],"build_version":"2019-07-17","purchased_purges":0,"victory":false,"max_hp_per_floor":[80,80,80,80,80,80,80,80,80,80,80,80,80,80,80,80,80,80,80,80,80,80,80,80,80,80,80,80,80,80,80,80,80,80,80,80,80,80,80,80,80],"card_choices":[{"not_picked":["Disarm","Cleave"],"picked":"Pummel","floor":1.0},{"not_picked":["Perfected Strike","Wild Strike"],"picked":"Corruption","floor":2.0},{"not_picked":["Body Slam","Whirlwind"],"picked":"Flame Barrier","floor":5.0},{"not_picked":["Clothesline","Twin Strike"],"picked":"Anger","floor":7.0},{"not_picked":["Perfected Strike","Havoc"],"picked":"Rampage","floor":10.0},{"not_picked":["Brutality","Infernal Blade"],"picked":"True Grit","floor":11.0},{"not_picked":["Flex","Anger"],"picked":"Second Wind","floor":13.0},{"not_picked":["Warcry","Pummel"],"picked":"Thunderclap","floor":14.0},{"not_picked":["Fiend Fire","Immolate"],"picked":"Exhume","floor":16.0},{"not_picked":["Twin Strike","Thunderclap"],"picked":"Rage","floor":18.0},{"not_picked":["Anger","Pommel Strike"],"picked":"Blood for Blood+1","floor":20.0},{"not_picked":["Feel No Pain+1","Clothesline"],"picked":"Pommel Strike","floor":24.0},{"not_picked":["Intimidate+1","Ghostly Armor"],"picked":"Blood for Blood","floor":29.0},{"not_picked":["Cleave","Bloodletting"],"picked":"Body Slam+1","floor":31.0},{"not_picked":["Juggernaut","Berserk"],"picked":"Double Tap","floor":33.0},{"not_picked":["Pummel","Clothesline"],"picked":"Sentinel","floor":35},{"not_picked":["Trip","Dramatic Entrance"],"picked":"Discovery","floor":37},{"not_picked":["PanicButton","Mind Blast"],"picked":"Master of Strategy","floor":37},{"not_picked":["Flex","Warcry+1"],"picked":"Armaments","floor":38}],"player_experience":93504,"relics_obtained":[{"floor":3.0,"key":"Juzu Bracelet"},{"floor":9.0,"key":"Dodecahedron"},{"floor":9.0,"key":"Blue Candle"},{"floor":20.0,"key":"Red Mask"},{"floor":26.0,"key":"War Paint"},{"floor":26.0,"key":"Boot"},{"floor":39,"key":"Molten Egg 2"}],"event_choices":[{"damage_healed":0.0,"max_hp_gain":0.0,"max_hp_loss":0.0,"gold_gain":0.0,"event_name":"Scrap Ooze","player_choice":"Success","floor":4.0,"gold_loss":0.0,"damage_taken":18.0,"relics_obtained":["Matryoshka"]},{"damage_healed":0.0,"max_hp_gain":0.0,"max_hp_loss":0.0,"gold_gain":0.0,"cards_transformed":["Strike_R"],"event_name":"Transmorgrifier","player_choice":"Transformed","floor":8.0,"gold_loss":0.0,"damage_taken":0.0,"cards_obtained":["Metallicize"]},{"cards_removed":["Strike_R"],"damage_healed":0.0,"max_hp_gain":0.0,"max_hp_loss":0.0,"gold_gain":0.0,"event_name":"Living Wall","player_choice":"Forget","floor":12.0,"gold_loss":0.0,"damage_taken":0.0},{"cards_removed":["Bash"],"damage_healed":0.0,"max_hp_gain":0.0,"max_hp_loss":0.0,"gold_gain":0.0,"event_name":"Back to Basics","player_choice":"Elegance","floor":19.0,"gold_loss":0.0,"damage_taken":0.0},{"damage_healed":0.0,"max_hp_gain":0.0,"max_hp_loss":0.0,"gold_gain":0.0,"event_name":"Masked Bandits","player_choice":"Fought Bandits","floor":20.0,"gold_loss":0.0,"damage_taken":0.0},{"damage_healed":0.0,"max_hp_gain":0.0,"max_hp_loss":0.0,"gold_gain":0.0,"event_name":"Vampires","player_choice":"Ignored","floor":22.0,"gold_loss":0.0,"damage_taken":0.0},{"damage_healed":0.0,"max_hp_gain":0.0,"max_hp_loss":0.0,"gold_gain":0.0,"event_name":"Colosseum","player_choice":"Fight","floor":28.0,"gold_loss":0.0,"damage_taken":0.0},{"damage_healed":0.0,"max_hp_gain":0.0,"max_hp_loss":0.0,"gold_gain":0.0,"event_name":"Colosseum","player_choice":"Fled From Nobs","floor":28.0,"gold_loss":0.0,"damage_taken":0.0},{"damage_healed":0,"gold_gain":222,"player_choice":"Wore Mask","damage_taken":0,"max_hp_gain":0,"max_hp_loss":0,"event_name":"Tomb of Lord Red Mask","floor":36,"gold_loss":0},{"damage_healed":0,"gold_gain":0,"player_choice":"Memory 2","damage_taken":5,"max_hp_gain":0,"max_hp_loss":0,"event_name":"SensoryStone","floor":37,"gold_loss":0}],"is_beta":false,"boss_relics":[{"not_picked":["Snecko Eye","Eternal Feather"],"picked":"Astrolabe"},{"not_picked":["Orrery","Black Star"],"picked":"White Beast Statue"}],"items_purged_floors":[],"is_endless":false,"potions_floor_spawned":[1,2,10,14,16,18,24,28,31,35,38],"killed_by":"Maw","ascension_level":0}