{"gold_per_floor":[109,109,284,284,302,336,336,336,363,387,405,4,29,68,68,193,193,206,231,32,32,59,93,93,93],"floor_reached":25,"playtime":1120,"items_purged":[],"score":275,"play_id":"b1f25c3f-28cf-4495-8b41-2f4ec8f8de5f","local_time":"20181124134202","is_ascension_mode":true,"campfire_choices":[{"floor":7,"key":"REST"},{"floor":15,"key":"REST"},{"floor":24,"key":"REST"}],"neow_cost":"NONE","seed_source_timestamp":566499986797047,"circlet_count":0,"master_deck":["Strike_R","Strike_R","Defend_R","Defend_R","Defend_R","Defend_R","Bash","Rampage","Injury","Flex","Carnage","Shrug It Off","Seeing Red","Corruption","Chrysalis","Evolve","Armaments","Offering","Thunderclap+1","Hemokinesis+1","Second Wind+1","Shrug It Off+1","Armaments","Flex"],"relics":["Burning Blood","Golden Idol","Vajra","Omamori","Bronze Scales","Centennial Puzzle","Astrolabe","Membership Card","Art of War","Prayer Wheel"],"potions_floor_usage":[1,1,16,18,23],"damage_taken":[{"damage":8,"enemies":"2 Louse","floor":1,"turns":2},{"damage":10,"enemies":"Small Slimes","floor":5,"turns":4},{"damage":40,"enemies":"Gremlin Nob","floor":6,"turns":5},{"damage":7,"enemies":"Jaw Worm","floor":10,"turns":3},{"damage":18,"enemies":"Large Slime","floor":11,"turns":5},{"damage":0,"enemies":"Exordium Wildlife","floor":13,"turns":3},{"damage":48,"enemies":"Lagavulin","floor":14,"turns":7},{"damage":32,"enemies":"Hexaghost","floor":16,"turns":9},{"damage":8,"enemies":"2 Thieves","floor":18,"turns":4},{"damage":23,"enemies":"Chosen","floor":19,"turns":5},{"damage":54,"enemies":"Gremlin Leader","floor":23,"turns":7},{"damage":61,"enemies":"Book of Stabbing","floor":25,"turns":7}],"seed_played":"-3850935613126448256","potions_obtained":[{"floor":0,"key":"FairyPotion"},{"floor":0,"key":"Fruit Juice"},{"floor":0,"key":"Poison Potion"},{"floor":1,"key":"SpeedPotion"},{"floor":5,"key":"EssenceOfSteel"},{"floor":18,"key":"FearPotion"},{"floor":19,"key":"PowerPotion"}],"is_trial":false,"path_per_floor":["M","?","?","?","M","E","R","?","T","M","M","$","M","E","R","B",null,"M","M","$","?","T","E","R","E"],"character_chosen":"IRONCLAD","items_purchased":["Corruption","Bronze Scales","Chrysalis","Membership Card"],"campfire_rested":3,"item_purchase_floors":[12,12,12,20],"current_hp_per_floor":[83,88,88,88,84,50,77,70,70,69,57,57,63,21,48,22,90,88,71,71,71,71,23,50,0],"gold":93,"neow_bonus":"THREE_SMALL_POTIONS","is_prod":false,"is_daily":false,"chose_seed":false,"campfire_upgraded":0,"win_rate":0,"timestamp":1543063322,"path_taken":["M","?","?","?","M","E","R","?","T","M","M","?","M","E","R","BOSS","M","M","$","?","?","E","R","E"],"build_version":"2018-11-15","purchased_purges":0,"victory":false,"max_hp_per_floor":[85,90,90,90,90,90,90,90,90,90,90,90,90,90,90,90,90,90,90,90,90,90,90,90,90],"card_choices":[{"not_picked":["Wild Strike","Flex"],"picked":"Rampage","floor":1},{"not_picked":["Headbutt","Perfected Strike"],"picked":"Flex","floor":5},{"not_picked":["Twin Strike","Searing Blow"],"picked":"Carnage","floor":6},{"not_picked":["Dark Embrace","Shockwave"],"picked":"Shrug It Off","floor":10},{"not_picked":["Intimidate","Metallicize"],"picked":"Seeing Red","floor":11},{"not_picked":["Perfected Strike","Whirlwind"],"picked":"Evolve","floor":13},{"not_picked":["Heavy Blade","Pommel Strike"],"picked":"Armaments","floor":14},{"not_picked":["Fiend Fire","Berserk"],"picked":"Offering","floor":16},{"not_picked":["Searing Blow","Cleave+1"],"picked":"Shrug It Off+1","floor":18},{"not_picked":["Clash","Twin Strike"],"picked":"Armaments","floor":19},{"not_picked":["Cleave+1","Corruption"],"picked":"Flex","floor":23}],"player_experience":305442,"relics_obtained":[{"floor":6,"key":"Vajra"},{"floor":9,"key":"Omamori"},{"floor":14,"key":"Centennial Puzzle"},{"floor":22,"key":"Art of War"},{"floor":23,"key":"Prayer Wheel"}],"event_choices":[{"damage_healed":0,"gold_gain":0,"player_choice":"Donut","damage_taken":0,"max_hp_gain":5,"max_hp_loss":0,"event_name":"Big Fish","floor":2,"gold_loss":0},{"damage_healed":0,"gold_gain":175,"player_choice":"AGREE","damage_taken":0,"max_hp_gain":0,"max_hp_loss":0,"event_name":"Liars Game","floor":3,"gold_loss":0,"cards_obtained":["Doubt"]},{"damage_healed":0,"gold_gain":0,"player_choice":"Take Wound","damage_taken":0,"relics_obtained":["Golden Idol"],"max_hp_gain":0,"max_hp_loss":0,"event_name":"Golden Idol","floor":4,"gold_loss":0,"cards_obtained":["Injury"]},{"cards_removed":["Doubt"],"damage_healed":0,"gold_gain":0,"player_choice":"Card Removal","damage_taken":7,"max_hp_gain":0,"max_hp_loss":0,"event_name":"Golden Wing","floor":8,"gold_loss":0},{"damage_healed":0,"gold_gain":0,"player_choice":"Ignored","damage_taken":0,"max_hp_gain":0,"max_hp_loss":0,"event_name":"Beggar","floor":21,"gold_loss":0}],"is_beta":false,"boss_relics":[{"not_picked":["Runic Pyramid","Orrery"],"picked":"Astrolabe"}],"items_purged_floors":[],"is_endless":false,"potions_floor_spawned":[1,5,11,13,18,19],"killed_by":"Book of Stabbing","ascension_level":4}