{"path_per_floor":["M","M","?","?","M","R","E","M","T","M","$","R","M","M","R","B",null,"M","M","?","?","?","R","E","M","T"],"character_chosen":"THE_SILENT","items_purchased":["Transmutation","Quick Slash"],"gold_per_floor":[117,135,135,135,152,152,178,197,197,217,10,10,26,41,41,144,144,164,179,179,179,179,179,213,228,228],"floor_reached":27,"campfire_rested":3,"playtime":2422,"current_hp_per_floor":[65,62,67,67,67,67,32,13,13,3,3,40,50,32,69,36,75,52,37,37,37,37,52,21,23,23],"items_purged":[],"gold":228,"play_id":"735481a5-02ac-4a2b-a4a7-f1a45b7b4fbb","is_prod":false,"is_daily":false,"is_ascension_mode":false,"campfire_upgraded":1,"path_taken":["M","M","?","?","M","R","E","?","T","M","$","R","?","M","R","BOSS","M","M","?","?","?","R","E","M","T","E"],"build_version":"2018-02-01-PROD3","purchased_purges":0,"victory":false,"master_deck":["Defend_G","Defend_G","Defend_G","Survivor","Neutralize","Leg Sweep+1","Poisoned Stab","PiercingWail","Bullet Time","Envenom","Slice","Slice","Transmutation","Quick Slash","Distraction","All Out Attack","Tools of the Trade","Flying Knee+1","Dodge and Roll+1","Bite","Bite","Bite","Bite","Bite","Backflip","Infinite Blades+1"],"max_hp_per_floor":[70,70,75,75,75,75,75,75,75,75,75,75,75,75,75,75,75,75,75,52,52,52,52,52,52,52],"relics":["Ring of the Snake","Regal Pillow","Unceasing Top","Sozu","Vajra","Dodecahedron"],"card_choices":[{"not_picked":["PiercingWail","Dodge and Roll"],"picked":"Leg Sweep"},{"not_picked":["Deflect","Blade Dance"],"picked":"Poisoned Stab"},{"not_picked":["Flying Knee","Deadly Poison"],"picked":"Bullet Time"},{"not_picked":["PiercingWail","Footwork"],"picked":"Envenom"},{"not_picked":["Deadly Poison","Backflip"],"picked":"Slice"},{"not_picked":["Deadly Poison","Deflect"],"picked":"Slice"},{"not_picked":["Calculated Gamble","Backflip"],"picked":"Distraction"},{"not_picked":["Blur","Malaise"],"picked":"All Out Attack"},{"not_picked":["Glass Knife","Adrenaline"],"picked":"Tools of the Trade"},{"not_picked":["Deadly Poison","Backstab"],"picked":"Flying Knee"},{"not_picked":["Flying Knee","Outmaneuver"],"picked":"Dodge and Roll"},{"not_picked":["Flying Knee","Dodge and Roll"],"picked":"Backflip"},{"not_picked":["Masterful Stab","Blade Dance"],"picked":"Infinite Blades"}],"player_experience":48188,"potions_floor_usage":[13,13,14],"damage_taken":[{"damage":5,"enemies":"Blue Slaver","floor":1,"turns":5},{"damage":3,"enemies":"Small Slimes","floor":2,"turns":4},{"damage":0,"enemies":"Jaw Worm","floor":5,"turns":5},{"damage":35,"enemies":"Lagavulin","floor":7,"turns":9},{"damage":19,"enemies":"3 Louse","floor":8,"turns":5},{"damage":10,"enemies":"Red Slaver","floor":10,"turns":4},{"damage":5,"enemies":"Large Slime","floor":13,"turns":7},{"damage":18,"enemies":"Exordium Thugs","floor":14,"turns":5},{"damage":33,"enemies":"Hexaghost","floor":16,"turns":10},{"damage":23,"enemies":"Spheric Guardian","floor":18,"turns":7},{"damage":15,"enemies":"Chosen","floor":19,"turns":5},{"damage":49,"enemies":"Gremlin Leader","floor":24,"turns":7},{"damage":12,"enemies":"Centurion and Healer","floor":25,"turns":5},{"damage":34,"enemies":"Book of Stabbing","floor":27,"turns":4}],"event_choices":[{"event_name":"Big Fish","player_choice":"Donut","floor":3,"damage_taken":0},{"event_name":"Transmorgrifier","player_choice":"Transform","floor":4,"damage_taken":0},{"event_name":"Vampires","player_choice":"Became a vampire","floor":20,"damage_taken":0},{"event_name":"Back to Basics","player_choice":"Elegance","floor":21,"damage_taken":0},{"event_name":"Beggar","player_choice":"Ignored","floor":22,"damage_taken":0}],"boss_relics":[{"not_picked":["Snecko Eye","Ectoplasm"],"picked":"Sozu"}],"potions_floor_spawned":[8,10,13,18,25],"seed_played":"497693474944311881","killed_by":"Book of Stabbing","ascension_level":0,"is_trial":false}