{"gold_per_floor":[111,7,107,127,147,181,181,181,181,211,211,226,254,8,8,8],"floor_reached":16,"playtime":1674,"items_purged":[],"score":153,"play_id":"30271d24-ed37-45e5-a44d-a1eb5d9548bf","local_time":"20190713133940","is_ascension_mode":true,"campfire_choices":[{"data":"Infernal Blade","floor":8,"key":"SMITH"},{"data":"Havoc","floor":11,"key":"SMITH"},{"floor":15,"key":"REST"}],"neow_cost":"CURSE","seed_source_timestamp":245111143573466,"circlet_count":0,"master_deck":["Strike_R","Strike_R","Strike_R","Strike_R","Strike_R","Defend_R","Defend_R","Defend_R","Defend_R","Bash","Dark Embrace","Havoc+1","Feel No Pain","Intimidate","Infernal Blade+1","Shrug It Off","Shockwave","Warcry","Shrug It Off","Anger","Feed","Infernal Blade","Jack Of All Trades"],"relics":["Burning Blood","Mummified Hand","Darkstone Periapt","Shovel","Ancient Tea Set"],"potions_floor_usage":[6,13,13],"damage_taken":[{"damage":8,"enemies":"Cultist","floor":1,"turns":4},{"damage":6,"enemies":"Small Slimes","floor":4,"turns":4},{"damage":22,"enemies":"Jaw Worm","floor":5,"turns":4},{"damage":26,"enemies":"3 Sentries","floor":6,"turns":11},{"damage":20,"enemies":"Lagavulin","floor":10,"turns":8},{"damage":7,"enemies":"Red Slaver","floor":12,"turns":3},{"damage":25,"enemies":"Gremlin Nob","floor":13,"turns":5},{"damage":32,"enemies":"The Guardian","floor":16,"turns":9}],"seed_played":"-6652560631609230432","potions_obtained":[{"floor":5,"key":"Regen Potion"},{"floor":6,"key":"Energy Potion"},{"floor":10,"key":"Weak Potion"}],"is_trial":false,"path_per_floor":["M","$","?","M","M","E","?","R","T","E","R","M","E","$","R","B"],"character_chosen":"IRONCLAD","items_purchased":["Feel No Pain","Intimidate","Feed","Infernal Blade","Jack Of All Trades"],"campfire_rested":1,"item_purchase_floors":[2,2,14,14,14],"current_hp_per_floor":[70,70,70,70,54,49,42,42,42,28,28,27,8,8,32,0],"gold":8,"neow_bonus":"THREE_RARE_CARDS","is_prod":false,"is_daily":false,"chose_seed":false,"campfire_upgraded":2,"win_rate":0,"timestamp":1563039580,"path_taken":["M","?","?","M","?","E","?","R","T","E","R","M","E","?","R","BOSS"],"build_version":"2019-07-05","purchased_purges":0,"victory":false,"max_hp_per_floor":[80,80,80,80,80,80,80,80,80,80,80,80,80,80,80,80],"card_choices":[{"not_picked":["Brutality","Limit Break"],"picked":"Dark Embrace","floor":0},{"not_picked":["Twin Strike","Iron Wave"],"picked":"Havoc","floor":1},{"not_picked":["Entrench","Dual Wield"],"picked":"Infernal Blade","floor":4},{"not_picked":["Iron Wave","Evolve"],"picked":"Shrug It Off","floor":5},{"not_picked":["Headbutt","Clothesline"],"picked":"Shockwave","floor":6},{"not_picked":["Armaments","Evolve"],"picked":"Warcry","floor":10},{"not_picked":["Wild Strike","Searing Blow"],"picked":"Shrug It Off","floor":12},{"not_picked":["Shrug It Off","Body Slam"],"picked":"Anger","floor":13}],"player_experience":220126,"relics_obtained":[{"floor":6,"key":"Mummified Hand"},{"floor":9,"key":"Darkstone Periapt"},{"floor":10,"key":"Shovel"},{"floor":13,"key":"Ancient Tea Set"}],"event_choices":[{"damage_healed":0,"gold_gain":100,"player_choice":"Pray","damage_taken":0,"max_hp_gain":0,"max_hp_loss":0,"event_name":"Golden Shrine","floor":3,"gold_loss":0},{"cards_removed":["Decay"],"damage_healed":0,"gold_gain":0,"player_choice":"Card Removal","damage_taken":7,"max_hp_gain":0,"max_hp_loss":0,"event_name":"Golden Wing","floor":7,"gold_loss":0}],"is_beta":false,"boss_relics":[],"items_purged_floors":[],"is_endless":false,"potions_floor_spawned":[5,6,10],"killed_by":"The Guardian","ascension_level":6}