{"gold_per_floor":[114,35,35,52,17,17,92,118,173,183,200,220,220,236,236,334,334,346,346,271,287,287,287,287],"floor_reached":24,"playtime":961,"items_purged":[],"score":276,"play_id":"91eadec0-904a-4e23-95a9-9dbf5e6aad96","local_time":"20190509123200","is_ascension_mode":true,"campfire_choices":[{"floor":6,"key":"RECALL"},{"data":"Caltrops","floor":13,"key":"SMITH"},{"floor":15,"key":"REST"},{"floor":23,"key":"REST"}],"neow_cost":"NONE","seed_source_timestamp":1850631693060314,"circlet_count":0,"master_deck":["Defend_G","Defend_G","Defend_G","Defend_G","Defend_G","Strike_G","Strike_G+1","Strike_G","Strike_G","Strike_G","Survivor","Neutralize+1","Bouncing Flask+1","Caltrops+1","Escape Plan+1","Bane","Backflip+1","Backflip+1","PiercingWail+1","Phantasmal Killer+1","PiercingWail+1","Necronomicurse","Flying Knee"],"relics":["Ring of the Snake","NeowsBlessing","Toxic Egg 2","Eternal Feather","Necronomicon"],"potions_floor_usage":[16,21,21],"damage_taken":[{"damage":0,"enemies":"Jaw Worm","floor":1,"turns":1},{"damage":0,"enemies":"Small Slimes","floor":4,"turns":1},{"damage":0,"enemies":"Gremlin Nob","floor":8,"turns":1},{"damage":0,"enemies":"2 Louse","floor":10,"turns":3},{"damage":4,"enemies":"2 Fungi Beasts","floor":11,"turns":3},{"damage":15,"enemies":"3 Louse","floor":12,"turns":4},{"damage":34,"enemies":"Gremlin Gang","floor":14,"turns":6},{"damage":13,"enemies":"The Guardian","floor":16,"turns":11},{"damage":22,"enemies":"Spheric Guardian","floor":18,"turns":4},{"damage":2,"enemies":"Shell Parasite","floor":21,"turns":6},{"damage":80,"enemies":"Cultist and Chosen","floor":24,"turns":4}],"seed_played":"-8044585756522548957","potions_obtained":[{"floor":1,"key":"FairyPotion"},{"floor":4,"key":"SkillPotion"},{"floor":16,"key":"Explosive Potion"},{"floor":18,"key":"FearPotion"}],"is_trial":false,"path_per_floor":["M","$","?","M","?","R","?","E","T","M","M","M","R","M","R","B",null,"M","?","?","M","?","R","M"],"character_chosen":"THE_SILENT","items_purchased":["Caltrops"],"campfire_rested":2,"item_purchase_floors":[2],"current_hp_per_floor":[70,70,56,56,70,70,59,59,59,59,55,40,40,6,27,14,56,34,18,18,16,16,49,0],"gold":287,"neow_bonus":"THREE_ENEMY_KILL","is_prod":false,"is_daily":false,"chose_seed":false,"campfire_upgraded":1,"win_rate":0,"timestamp":1557397920,"path_taken":["M","$","?","M","?","R","?","E","T","M","M","M","R","M","R","BOSS","M","?","?","M","?","R","M"],"build_version":"2019-01-23","purchased_purges":0,"victory":false,"max_hp_per_floor":[70,70,70,70,70,70,70,70,70,70,70,70,70,70,70,70,70,70,70,70,70,70,70,70],"card_choices":[{"not_picked":["Slice","Blade Dance"],"picked":"Bouncing Flask","floor":1},{"not_picked":["Flying Knee","Blade Dance"],"picked":"Backflip","floor":4},{"not_picked":["Reflex","Dodge and Roll"],"picked":"Escape Plan","floor":8},{"not_picked":["Dodge and Roll+1","Backstab"],"picked":"Bane","floor":10},{"not_picked":["Underhanded Strike","Outmaneuver+1"],"picked":"Backflip+1","floor":11},{"not_picked":["Predator","Riddle With Holes"],"picked":"Backflip+1","floor":12},{"not_picked":["Dagger Throw","Heel Hook"],"picked":"PiercingWail+1","floor":14},{"not_picked":["Night Terror+1","Grand Finale"],"picked":"Phantasmal Killer+1","floor":16},{"not_picked":["Underhanded Strike","Expertise+1"],"picked":"PiercingWail+1","floor":18},{"not_picked":["Skewer","Quick Slash"],"picked":"Flying Knee","floor":21}],"player_experience":349063,"relics_obtained":[{"floor":8,"key":"Toxic Egg 2"},{"floor":19,"key":"Necronomicon"}],"event_choices":[{"damage_healed":0,"gold_gain":0,"player_choice":"Entered Light","damage_taken":14,"max_hp_gain":0,"max_hp_loss":0,"event_name":"Shining Light","floor":3,"gold_loss":0,"cards_upgraded":["Strike_G","Bouncing Flask"]},{"damage_healed":17,"gold_gain":0,"player_choice":"Healed","damage_taken":0,"max_hp_gain":0,"max_hp_loss":0,"event_name":"The Cleric","floor":5,"gold_loss":35},{"damage_healed":0,"gold_gain":75,"player_choice":"Gather Gold","damage_taken":11,"max_hp_gain":0,"max_hp_loss":0,"event_name":"World of Goop","floor":7,"gold_loss":0},{"damage_healed":0,"gold_gain":0,"player_choice":"Obtained Book","damage_taken":16,"max_hp_gain":0,"max_hp_loss":0,"event_name":"Cursed Tome","floor":19,"gold_loss":0},{"cards_removed":["Backflip"],"damage_healed":0,"gold_gain":0,"player_choice":"Gave Gold","damage_taken":0,"max_hp_gain":0,"max_hp_loss":0,"event_name":"Beggar","floor":20,"gold_loss":75},{"damage_healed":0,"gold_gain":0,"player_choice":"Forge","damage_taken":0,"max_hp_gain":0,"max_hp_loss":0,"event_name":"Accursed Blacksmith","floor":22,"gold_loss":0,"cards_upgraded":["Neutralize"]}],"is_beta":false,"boss_relics":[{"not_picked":["Empty Cage","Black Star"],"picked":"Eternal Feather"}],"items_purged_floors":[],"is_endless":false,"potions_floor_spawned":[1,4,16,18],"killed_by":"Cultist and Chosen","ascension_level":5}