{"gold_per_floor":[118,118,118,137,153,153,179,179,255,255,267,283,301,315,315,420,420,439,450,450,122,138,138,138,138],"floor_reached":25,"playtime":973,"items_purged":[],"score":246,"play_id":"beba36b4-aa5b-4e93-8784-e47f30493464","local_time":"20181110165910","is_ascension_mode":true,"campfire_choices":[{"floor":6,"key":"REST"},{"data":"Static Discharge","floor":8,"key":"SMITH"},{"data":"Zap","floor":10,"key":"SMITH"},{"floor":15,"key":"REST"},{"data":"Redo","floor":23,"key":"SMITH"}],"neow_cost":"NONE","seed_source_timestamp":596156606473397,"circlet_count":0,"master_deck":["Strike_B","Strike_B+1","Strike_B","Strike_B","Defend_B","Defend_B+1","Defend_B","Defend_B","Zap+1","Dualcast","Melter","Static Discharge+1","Tempest","Darkness","Conserve Battery","Biased Cognition","Doom and Gloom","FTL+1","Zap","Defragment","Redo+1"],"relics":["Cracked Core","Centennial Puzzle","DataDisk","Blood Vial","Dodecahedron","Runic Pyramid","Darkstone Periapt"],"potions_floor_usage":[11,12,18,19,22,22],"damage_taken":[{"damage":3,"enemies":"Jaw Worm","floor":1,"turns":4},{"damage":0,"enemies":"2 Louse","floor":4,"turns":2},{"damage":0,"enemies":"Cultist","floor":5,"turns":3},{"damage":19,"enemies":"Lagavulin","floor":7,"turns":6},{"damage":0,"enemies":"Exordium Wildlife","floor":11,"turns":2},{"damage":7,"enemies":"Exordium Thugs","floor":12,"turns":3},{"damage":3,"enemies":"Looter","floor":13,"turns":2},{"damage":7,"enemies":"3 Louse","floor":14,"turns":2},{"damage":22,"enemies":"The Guardian","floor":16,"turns":7},{"damage":10,"enemies":"3 Byrds","floor":18,"turns":2},{"damage":8,"enemies":"Chosen","floor":19,"turns":2},{"damage":28,"enemies":"Snecko","floor":22,"turns":4},{"damage":46,"enemies":"Gremlin Leader","floor":25,"turns":3}],"seed_played":"-8593300138633835164","potions_obtained":[{"floor":4,"key":"Fire Potion"},{"floor":7,"key":"Poison Potion"},{"floor":12,"key":"Weak Potion"},{"floor":13,"key":"Strength Potion"},{"floor":16,"key":"SkillPotion"},{"floor":18,"key":"Swift Potion"},{"floor":19,"key":"Regen Potion"}],"is_trial":false,"path_per_floor":["M","?","?","M","M","R","E","R","T","R","M","M","M","M","R","B",null,"M","M","?","$","M","R","$","E"],"character_chosen":"DEFECT","items_purchased":["Defragment","Redo","Darkstone Periapt"],"campfire_rested":2,"item_purchase_floors":[21,21,21],"current_hp_per_floor":[72,60,45,45,45,67,48,48,48,48,50,45,44,39,61,41,75,65,59,59,59,42,42,42,0],"gold":138,"neow_bonus":"RANDOM_COMMON_RELIC","is_prod":false,"is_daily":false,"chose_seed":false,"campfire_upgraded":3,"win_rate":0,"timestamp":1541865550,"path_taken":["M","?","?","M","M","R","E","R","T","R","M","M","M","M","R","BOSS","M","M","?","$","M","R","?","E"],"build_version":"2018-11-08","purchased_purges":0,"victory":false,"max_hp_per_floor":[75,75,75,75,75,75,75,75,75,75,75,75,75,75,75,75,75,75,75,75,75,75,75,75,75],"card_choices":[{"not_picked":["Stack","Hologram"],"picked":"Melter","floor":1},{"not_picked":["Skim","Reinforced Body"],"picked":"Static Discharge","floor":4},{"not_picked":["Rip and Tear","Coolheaded"],"picked":"Tempest","floor":5},{"not_picked":["Heatsinks","Blizzard"],"picked":"Darkness","floor":7},{"not_picked":["Hello World","Sweeping Beam","Cold Snap"],"picked":"SKIP","floor":11},{"not_picked":["Darkness","Chill"],"picked":"Conserve Battery","floor":12},{"not_picked":["Cold Snap","Hyperbeam","Hologram"],"picked":"SKIP","floor":13},{"not_picked":["Rebound","Compile Driver","Beam Cell"],"picked":"SKIP","floor":14},{"not_picked":["Creative AI","Meteor Strike"],"picked":"Biased Cognition","floor":16},{"not_picked":["Leap","Hologram+1"],"picked":"Doom and Gloom","floor":18},{"not_picked":["Storm","Skim"],"picked":"FTL+1","floor":19},{"not_picked":["Barrage+1","Turbo+1","Stack"],"picked":"SKIP","floor":22}],"player_experience":263163,"relics_obtained":[{"floor":7,"key":"Blood Vial"},{"floor":9,"key":"Dodecahedron"}],"event_choices":[{"damage_healed":0,"gold_gain":0,"player_choice":"Success","damage_taken":12,"relics_obtained":["DataDisk"],"max_hp_gain":0,"max_hp_loss":0,"event_name":"Scrap Ooze","floor":2,"gold_loss":0},{"damage_healed":0,"gold_gain":0,"player_choice":"Entered Light","damage_taken":15,"max_hp_gain":0,"max_hp_loss":0,"event_name":"Shining Light","floor":3,"gold_loss":0,"cards_upgraded":["Defend_B","Strike_B"]},{"damage_healed":0,"gold_gain":0,"player_choice":"1 cards matched","damage_taken":0,"max_hp_gain":0,"max_hp_loss":0,"event_name":"Match and Keep!","floor":20,"gold_loss":0,"cards_obtained":["Zap"]}],"is_beta":false,"boss_relics":[{"not_picked":["Eternal Feather","Snecko Eye"],"picked":"Runic Pyramid"}],"items_purged_floors":[],"is_endless":false,"potions_floor_spawned":[4,7,12,13,16,18,19],"killed_by":"Gremlin Leader","ascension_level":4}