{"gold_per_floor":[216,25,25,38,52,81,81,181,181,181,212,230,245,275,275,374,374,374,374,374,217,217,217,217,217,217,217,217,217,217,217,217,217,217,217,217,217,217,217,217,217,217,217,217,217,20,20,20,20,20],"floor_reached":50,"playtime":1938,"items_purged":[],"score":695,"play_id":"ed355266-6d36-4123-ae2a-793dc87cc580","local_time":"20181205202844","is_ascension_mode":true,"campfire_choices":[{"floor":7,"key":"RECALL"},{"floor":10,"key":"REST"},{"floor":15,"key":"REST"},{"floor":30,"key":"REST"},{"floor":32,"key":"REST"},{"data":"Limit Break","floor":40,"key":"SMITH"},{"floor":49,"key":"REST"}],"neow_cost":"NONE","seed_source_timestamp":1540519706917762,"circlet_count":0,"master_deck":["Strike_R","Strike_R","Strike_R","Strike_R","Strike_R","Defend_R","Defend_R","Bash+1","Rage","Clash","Immolate","Iron Wave","Inflame","Clash","Feed","Cleave+1","Iron Wave","Heavy Blade","Evolve+1","Body Slam+1","Limit Break+1","Thinking Ahead","Armaments+1","Finesse","Seeing Red+1","Flex+1"],"relics":["Black Blood","Brimstone","Matryoshka","Bronze Scales","Vajra","Unceasing Top","Ectoplasm","Omamori","Darkstone Periapt","Blood Vial","Boot","Ornamental Fan","Orichalcum","Lantern"],"potions_floor_usage":[6,14,16,16,31,33,33,38,42,47,47,50,50],"damage_taken":[{"damage":0,"enemies":"Small Slimes","floor":1,"turns":3},{"damage":0,"enemies":"Cultist","floor":4,"turns":2},{"damage":8,"enemies":"Jaw Worm","floor":5,"turns":2},{"damage":16,"enemies":"Lagavulin","floor":6,"turns":3},{"damage":25,"enemies":"Gremlin Nob","floor":11,"turns":4},{"damage":0,"enemies":"Exordium Thugs","floor":12,"turns":2},{"damage":0,"enemies":"Gremlin Gang","floor":13,"turns":1},{"damage":22,"enemies":"Lagavulin","floor":14,"turns":3},{"damage":68,"enemies":"Hexaghost","floor":16,"turns":5},{"damage":0,"enemies":"Spheric Guardian","floor":18,"turns":2},{"damage":0,"enemies":"Shell Parasite","floor":20,"turns":2},{"damage":39,"enemies":"Book of Stabbing","floor":23,"turns":4},{"damage":0,"enemies":"3 Cultists","floor":24,"turns":3},{"damage":15,"enemies":"Centurion and Healer","floor":25,"turns":2},{"damage":26,"enemies":"Slavers","floor":27,"turns":3},{"damage":0,"enemies":"Snecko","floor":28,"turns":2},{"damage":39,"enemies":"Shelled Parasite and Fungi","floor":29,"turns":3},{"damage":30,"enemies":"Snake Plant","floor":31,"turns":2},{"damage":20,"enemies":"Collector","floor":33,"turns":5},{"damage":16,"enemies":"Orb Walker","floor":35,"turns":3},{"damage":0,"enemies":"3 Darklings","floor":38,"turns":3},{"damage":50,"enemies":"Reptomancer","floor":42,"turns":5},{"damage":14,"enemies":"Jaw Worm Horde","floor":44,"turns":3},{"damage":14,"enemies":"Spire Growth","floor":45,"turns":3},{"damage":15,"enemies":"3 Darklings","floor":47,"turns":3},{"damage":48,"enemies":"Maw","floor":48,"turns":5},{"damage":66,"enemies":"Donu and Deca","floor":50,"turns":3}],"seed_played":"-7686237835822610717","potions_obtained":[{"floor":1,"key":"SkillPotion"},{"floor":5,"key":"AttackPotion"},{"floor":12,"key":"Regen Potion"},{"floor":14,"key":"Poison Potion"},{"floor":18,"key":"GamblersBrew"},{"floor":28,"key":"FearPotion"},{"floor":31,"key":"Strength Potion"},{"floor":33,"key":"Swift Potion"},{"floor":38,"key":"EssenceOfSteel"},{"floor":47,"key":"Fire Potion"},{"floor":48,"key":"Explosive Potion"}],"is_trial":false,"path_per_floor":["M","$","?","M","M","E","R","?","T","R","E","M","M","E","R","B",null,"M","$","M","$","?","E","M","M","T","E","M","M","R","M","R","B",null,"M","?","?","M","?","R","$","E","T","M","M","$","M","M","R","B"],"character_chosen":"IRONCLAD","items_purchased":["Brimstone","Omamori","Finesse","FearPotion","Energy Potion"],"campfire_rested":5,"item_purchase_floors":[2,21,46,46,46],"current_hp_per_floor":[80,80,80,80,78,68,68,68,68,80,61,67,73,57,80,27,67,76,76,85,85,85,52,58,49,49,34,42,14,41,19,46,37,81,77,77,77,89,89,89,89,54,54,55,53,53,50,17,48,0],"gold":20,"neow_bonus":"HUNDRED_GOLD","is_prod":false,"is_daily":false,"chose_seed":false,"campfire_upgraded":1,"win_rate":0,"timestamp":1544038124,"path_taken":["M","$","?","?","M","E","R","?","T","R","E","?","M","E","R","BOSS","M","?","M","$","?","E","?","?","T","E","M","M","R","M","R","BOSS","M","?","?","?","?","R","$","E","T","M","M","$","M","M","R","BOSS"],"build_version":"2018-11-15","purchased_purges":0,"victory":false,"max_hp_per_floor":[80,80,80,80,80,80,80,80,80,80,80,80,80,80,80,80,80,83,83,86,86,86,86,86,86,86,89,89,92,92,92,92,95,95,95,95,95,95,95,95,95,98,98,101,101,101,101,104,104,104],"card_choices":[{"not_picked":["Fire Breathing","Dropkick"],"picked":"Rage","floor":1},{"not_picked":["Seeing Red","Headbutt"],"picked":"Clash","floor":4},{"not_picked":["Pommel Strike","Clothesline","Body Slam"],"picked":"SKIP","floor":5},{"not_picked":["Warcry","Shockwave"],"picked":"Immolate","floor":6},{"not_picked":["Cleave","Body Slam"],"picked":"Iron Wave","floor":11},{"not_picked":["Sword Boomerang","Anger"],"picked":"Inflame","floor":12},{"not_picked":["Clothesline","Body Slam"],"picked":"Clash","floor":13},{"not_picked":["Entrench","Twin Strike","Shrug It Off"],"picked":"SKIP","floor":14},{"not_picked":["Barricade","Demon Form"],"picked":"Feed","floor":16},{"not_picked":["Rampage","Perfected Strike"],"picked":"Cleave+1","floor":18},{"not_picked":["Anger","Twin Strike"],"picked":"Iron Wave","floor":20},{"not_picked":["Spot Weakness","Battle Trance","Dropkick"],"picked":"SKIP","floor":23},{"not_picked":["Uppercut","Sever Soul"],"picked":"Evolve+1","floor":24},{"not_picked":["Twin Strike","Body Slam","Havoc"],"picked":"SKIP","floor":25},{"not_picked":["Sever Soul","Power Through","Offering"],"picked":"SKIP","floor":27},{"not_picked":["Clash","Sword Boomerang"],"picked":"Body Slam+1","floor":28},{"not_picked":["Havoc+1","Rampage","Wild Strike"],"picked":"SKIP","floor":29},{"not_picked":["Blood for Blood","Shrug It Off+1","True Grit"],"picked":"SKIP","floor":31},{"not_picked":["Brutality","Exhume"],"picked":"Limit Break","floor":33},{"not_picked":["Havoc+1","Armaments+1","Iron Wave"],"picked":"SKIP","floor":35},{"not_picked":["Metamorphosis","Jack Of All Trades"],"picked":"Thinking Ahead","floor":36},{"not_picked":["Perfected Strike","Reckless Charge+1","Burning Pact"],"picked":"SKIP","floor":38},{"not_picked":["Dual Wield+1","Heavy Blade","Clothesline"],"picked":"SKIP","floor":42},{"not_picked":["Twin Strike+1","Searing Blow+1"],"picked":"Armaments+1","floor":44},{"not_picked":["Power Through+1","Shrug It Off","Pommel Strike"],"picked":"SKIP","floor":45},{"not_picked":["Iron Wave+1","Havoc"],"picked":"Seeing Red+1","floor":47},{"not_picked":["Bludgeon","Pommel Strike"],"picked":"Flex+1","floor":48}],"player_experience":328851,"relics_obtained":[{"floor":6,"key":"Matryoshka"},{"floor":9,"key":"Bronze Scales"},{"floor":11,"key":"Vajra"},{"floor":14,"key":"Unceasing Top"},{"floor":23,"key":"Darkstone Periapt"},{"floor":26,"key":"Blood Vial"},{"floor":26,"key":"Boot"},{"floor":27,"key":"Ornamental Fan"},{"floor":42,"key":"Orichalcum"},{"floor":43,"key":"Lantern"}],"event_choices":[{"damage_healed":0,"gold_gain":0,"player_choice":"Upgraded","damage_taken":0,"max_hp_gain":0,"max_hp_loss":0,"event_name":"Upgrade Shrine","floor":3,"gold_loss":0,"cards_upgraded":["Bash"]},{"damage_healed":0,"gold_gain":100,"player_choice":"Pray","damage_taken":0,"max_hp_gain":0,"max_hp_loss":0,"event_name":"Golden Shrine","floor":8,"gold_loss":0},{"damage_healed":0,"gold_gain":0,"player_choice":"Read","damage_taken":0,"max_hp_gain":0,"max_hp_loss":0,"event_name":"The Library","floor":22,"gold_loss":0,"cards_obtained":["Heavy Blade"]},{"damage_healed":0,"gold_gain":0,"player_choice":"Memory 1","damage_taken":0,"max_hp_gain":0,"max_hp_loss":0,"event_name":"SensoryStone","floor":36,"gold_loss":0},{"cards_removed":["Defend_R"],"damage_healed":0,"gold_gain":0,"player_choice":"Purged","damage_taken":0,"max_hp_gain":0,"max_hp_loss":0,"event_name":"Purifier","floor":37,"gold_loss":0},{"cards_removed":["Defend_R"],"damage_healed":0,"gold_gain":0,"player_choice":"Offered Basic","damage_taken":0,"max_hp_gain":0,"max_hp_loss":0,"event_name":"Bonfire Elementals","floor":39,"gold_loss":0}],"is_beta":false,"boss_relics":[{"not_picked":["Empty Cage","Runic Dome"],"picked":"Ectoplasm"},{"not_picked":["Snecko Eye","Coffee Dripper"],"picked":"Black Blood"}],"items_purged_floors":[],"is_endless":false,"potions_floor_spawned":[1,5,12,14,18,28,31,33,38,47,48],"killed_by":"Donu and Deca","ascension_level":5}