{"gold_per_floor":[113,127,127,52,52,52,65,101,101,101,114,127,152,152,152,273,273,298,298,318,318,349,349,389,389,389,389,409,9,9,28,28,28],"floor_reached":33,"playtime":1453,"items_purged":[],"score":289,"play_id":"7a5e04b9-6f5a-4758-8e78-332df0b3cfec","local_time":"20180809225557","is_ascension_mode":true,"campfire_choices":[{"data":"Envenom","floor":6,"key":"SMITH"},{"floor":15,"key":"REST"},{"floor":23,"key":"REST"},{"floor":27,"key":"REST"},{"floor":32,"key":"REST"}],"neow_cost":"NONE","seed_source_timestamp":1147807619867859,"circlet_count":0,"master_deck":["Defend_G+1","Defend_G+1","Defend_G+1","Defend_G+1","Defend_G+1","Strike_G+1","Strike_G+1","Strike_G+1","Strike_G+1","Strike_G+1","Survivor","Neutralize","Envenom+1","Prepared","Crippling Poison","Bouncing Flask","After Image","Bane","Flying Knee","Endless Agony","Dodge and Roll","Escape Plan","Envenom","Finisher+1","Dodge and Roll","Blade Dance","All Out Attack+1","Bane","Accuracy","Backstab","Bouncing Flask","PiercingWail","Noxious Fumes"],"relics":["Ring of the Snake","Bloody Idol","Dodecahedron","Juzu Bracelet","Ancient Tea Set","Bag of Preparation","WristBlade","Red Mask","Tough Bandages","Omamori","Blood Vial"],"potions_floor_usage":[12,16,22,33,33],"damage_taken":[{"damage":11,"enemies":"2 Louse","floor":1,"turns":2},{"damage":3,"enemies":"Jaw Worm","floor":2,"turns":4},{"damage":2,"enemies":"Cultist","floor":7,"turns":4},{"damage":22,"enemies":"3 Sentries","floor":8,"turns":6},{"damage":3,"enemies":"Blue Slaver","floor":11,"turns":3},{"damage":7,"enemies":"Gremlin Gang","floor":12,"turns":4},{"damage":25,"enemies":"The Guardian","floor":16,"turns":8},{"damage":13,"enemies":"Spheric Guardian","floor":18,"turns":4},{"damage":32,"enemies":"Shell Parasite","floor":20,"turns":5},{"damage":22,"floor":22,"turns":5},{"damage":20,"enemies":"Book of Stabbing","floor":24,"turns":5},{"damage":0,"enemies":"Snake Plant","floor":28,"turns":4},{"damage":23,"enemies":"Sentry and Sphere","floor":31,"turns":7},{"damage":32,"enemies":"Collector","floor":33,"turns":4}],"seed_played":"7208759754714530790","potions_obtained":[{"floor":2,"key":"GhostInAJar"},{"floor":7,"key":"GhostInAJar"},{"floor":20,"key":"FearPotion"},{"floor":28,"key":"Energy Potion"},{"floor":31,"key":"LiquidBronze"}],"is_trial":false,"path_per_floor":["M","M","?","$","?","R","M","E","T","?","M","M","T","?","R","B",null,"M","?","M","?","?","R","E","?","T","R","M","$","?","M","R"],"character_chosen":"THE_SILENT","items_purchased":["Bouncing Flask","Blood Vial","Accuracy","Backstab","Bouncing Flask","PiercingWail"],"campfire_rested":4,"item_purchase_floors":[4,29,29,29,29,29],"current_hp_per_floor":[59,56,56,56,56,56,54,32,32,25,22,15,15,15,36,11,70,57,57,25,25,3,24,4,4,4,25,25,25,25,9,30,0],"gold":28,"neow_bonus":"ONE_RANDOM_RARE_CARD","is_prod":false,"is_daily":false,"chose_seed":false,"campfire_upgraded":1,"win_rate":0,"timestamp":1533848157,"path_taken":["M","M","?","$","?","R","?","E","T","?","M","M","?","?","R","BOSS","M","?","M","?","?","R","E","?","T","R","M","$","?","M","R","BOSS"],"build_version":"2018-08-02","purchased_purges":0,"victory":false,"max_hp_per_floor":[70,70,70,70,70,70,70,70,70,70,70,70,70,70,70,70,70,70,70,70,70,70,70,70,70,70,70,70,70,70,70,70,70],"card_choices":[{"not_picked":["Dodge and Roll","Noxious Fumes"],"picked":"Prepared","floor":1},{"not_picked":["Backflip","Outmaneuver"],"picked":"Crippling Poison","floor":2},{"not_picked":["Quick Slash","Concentrate"],"picked":"Flying Knee","floor":7},{"not_picked":["Flying Knee","Leg Sweep"],"picked":"Endless Agony","floor":8},{"not_picked":["Backflip","Accuracy"],"picked":"Dodge and Roll","floor":11},{"not_picked":["Dagger Throw","Heel Hook"],"picked":"Escape Plan","floor":12},{"not_picked":["A Thousand Cuts","Bullet Time"],"picked":"Envenom","floor":16},{"not_picked":["Setup","PiercingWail"],"picked":"Finisher+1","floor":18},{"not_picked":["Sucker Punch","Prepared"],"picked":"Dodge and Roll","floor":20},{"not_picked":["Dagger Spray","Sucker Punch"],"picked":"Blade Dance","floor":22},{"not_picked":["Outmaneuver","Storm of Steel"],"picked":"All Out Attack+1","floor":24},{"not_picked":["Caltrops","Terror"],"picked":"Bane","floor":28},{"not_picked":["PiercingWail","Escape Plan"],"picked":"Noxious Fumes","floor":31}],"player_experience":197175,"relics_obtained":[{"floor":8,"key":"Dodecahedron"},{"floor":9,"key":"Juzu Bracelet"},{"floor":13,"key":"Bag of Preparation"},{"floor":22,"key":"Red Mask"},{"floor":24,"key":"Tough Bandages"},{"floor":26,"key":"Omamori"}],"event_choices":[{"event_name":"Golden Idol","player_choice":"Take Wound","floor":3,"damage_taken":0},{"event_name":"Match and Keep!","player_choice":"2 cards matched","floor":5,"damage_taken":0},{"event_name":"Scrap Ooze","player_choice":"success","floor":10,"damage_taken":7},{"event_name":"Living Wall","player_choice":"Forget","floor":14,"damage_taken":0},{"event_name":"Ghosts","player_choice":"Ignored","floor":19,"damage_taken":0},{"event_name":"Beggar","player_choice":"Ignored","floor":21,"damage_taken":0},{"event_name":"Masked Bandits","player_choice":"Fought over 318 gold","floor":22,"damage_taken":0},{"event_name":"Back to Basics","player_choice":"Simplicity","floor":25,"damage_taken":0},{"event_name":"Forgotten Altar","player_choice":"Gave Idol","floor":30,"damage_taken":0}],"is_beta":false,"boss_relics":[{"not_picked":["Lizard Tail","Velvet Choker"],"picked":"WristBlade"}],"items_purged_floors":[],"is_endless":false,"potions_floor_spawned":[2,7,20,28,31],"killed_by":"Collector","ascension_level":2}