{"gold_per_floor":[162,162,178,196,207,207,218,218,218,218,230,243,243,243,243,341,341,361,93,93,104,104,104,123,153,153,221,221,87,87,87],"floor_reached":31,"playtime":2105,"items_purged":["Strike_B","Defend_B"],"score":245,"play_id":"870b978e-d9df-41fe-8868-e48561d1cd6f","local_time":"20190627211622","is_ascension_mode":false,"campfire_choices":[{"data":"Storm","floor":6,"key":"SMITH"},{"data":"Static Discharge","floor":8,"key":"SMITH"},{"data":"Capacitor","floor":15,"key":"SMITH"},{"data":"Machine Learning","floor":23,"key":"SMITH"},{"data":"Dualcast","floor":30,"key":"SMITH"}],"neow_cost":"NONE","seed_source_timestamp":747521133045180,"circlet_count":0,"master_deck":["Strike_B","Strike_B","Defend_B+1","Defend_B","Zap+1","Dualcast+1","Storm+1","Hologram","Static Discharge+1","Ball Lightning","Capacitor+1","Machine Learning+1","Ball Lightning+1","Reprogram+1"],"relics":["Tiny House","Centennial Puzzle","Anchor","Molten Egg 2","Empty Cage","Toy Ornithopter","Toxic Egg 2","Meat on the Bone","Cables"],"potions_floor_usage":[16,16,16,25,25,25],"damage_taken":[{"damage":7,"enemies":"Jaw Worm","floor":1,"turns":5},{"damage":1,"enemies":"2 Louse","floor":3,"turns":4},{"damage":2,"enemies":"Cultist","floor":4,"turns":5},{"damage":7,"enemies":"Looter","floor":5,"turns":3},{"damage":21,"enemies":"Exordium Wildlife","floor":7,"turns":4},{"damage":2,"enemies":"2 Fungi Beasts","floor":11,"turns":4},{"damage":7,"enemies":"Looter","floor":12,"turns":4},{"damage":30,"enemies":"Slime Boss","floor":16,"turns":8},{"damage":7,"enemies":"Shell Parasite","floor":18,"turns":6},{"damage":11,"enemies":"Chosen","floor":21,"turns":5},{"damage":14,"enemies":"Snake Plant","floor":24,"turns":3},{"damage":43,"enemies":"Gremlin Leader","floor":25,"turns":6},{"damage":33,"enemies":"Sentry and Sphere","floor":31,"turns":3}],"seed_played":"-4158517403913129304","potions_obtained":[{"floor":0,"key":"Explosive Potion"},{"floor":1,"key":"Explosive Potion"},{"floor":4,"key":"Fire Potion"},{"floor":10,"key":"EntropicBrew"},{"floor":10,"key":"EntropicBrew"},{"floor":16,"key":"Poison Potion"},{"floor":18,"key":"SteroidPotion"}],"is_trial":false,"path_per_floor":["M","?","M","M","M","R","M","R","T","?","M","M","?","T","R","B",null,"M","$","?","M","?","R","M","E","T","T","?","$","R","M"],"character_chosen":"DEFECT","items_purchased":["Toy Ornithopter","Reprogram+1"],"campfire_rested":0,"item_purchase_floors":[19,29],"current_hp_per_floor":[73,78,77,75,68,68,47,47,47,47,45,38,31,31,31,1,85,78,78,78,67,67,67,53,25,25,25,25,25,25,0],"gold":87,"neow_bonus":"BOSS_RELIC","is_prod":false,"is_daily":false,"chose_seed":false,"campfire_upgraded":5,"win_rate":0,"timestamp":1561637782,"path_taken":["M","?","M","M","M","R","M","R","T","?","?","M","?","?","R","BOSS","M","$","?","M","?","R","M","E","T","?","?","$","R","M"],"build_version":"2019-01-23","purchased_purges":2,"victory":false,"max_hp_per_floor":[80,85,85,85,85,85,85,85,85,85,85,85,85,85,85,85,85,85,85,85,85,85,85,85,85,85,85,85,85,85,85],"card_choices":[{"not_picked":["Static Discharge","Redo"],"picked":"Storm","floor":0},{"not_picked":["Rebound","Redo"],"picked":"Hologram","floor":1},{"not_picked":["Storm","Glacier"],"picked":"Static Discharge","floor":3},{"not_picked":["Chill","Recycle"],"picked":"Ball Lightning","floor":4},{"not_picked":["Sunder","Barrage"],"picked":"Capacitor","floor":5},{"not_picked":["Sunder","Stack","Go for the Eyes"],"picked":"SKIP","floor":7},{"not_picked":["Sunder","Chill","Recycle"],"picked":"SKIP","floor":11},{"not_picked":["Reboot","Cold Snap","Gash"],"picked":"SKIP","floor":12},{"not_picked":["Echo Form","Seek"],"picked":"Machine Learning","floor":16},{"not_picked":["Doom and Gloom+1","Conserve Battery","Stack"],"picked":"SKIP","floor":18},{"not_picked":["Melter+1","Conserve Battery+1","Chill"],"picked":"SKIP","floor":21},{"not_picked":["Fusion","Steam Power+1","Compile Driver+1"],"picked":"SKIP","floor":24},{"not_picked":["Rip and Tear+1","Doom and Gloom+1","Undo"],"picked":"SKIP","floor":25}],"player_experience":78901,"relics_obtained":[{"floor":9,"key":"Centennial Puzzle"},{"floor":14,"key":"Molten Egg 2"},{"floor":25,"key":"Toxic Egg 2"},{"floor":26,"key":"Meat on the Bone"},{"floor":27,"key":"Cables"}],"event_choices":[{"damage_healed":0,"gold_gain":0,"player_choice":"Donut","damage_taken":0,"max_hp_gain":5,"max_hp_loss":0,"event_name":"Big Fish","floor":2,"gold_loss":0},{"damage_healed":0,"gold_gain":0,"player_choice":"Got Potions","damage_taken":0,"max_hp_gain":0,"max_hp_loss":0,"event_name":"Lab","floor":10,"gold_loss":0},{"damage_healed":0,"gold_gain":0,"player_choice":"Success","damage_taken":7,"relics_obtained":["Anchor"],"max_hp_gain":0,"max_hp_loss":0,"event_name":"Scrap Ooze","floor":13,"gold_loss":0},{"damage_healed":0,"gold_gain":0,"player_choice":"Ignored","damage_taken":0,"max_hp_gain":0,"max_hp_loss":0,"event_name":"Cursed Tome","floor":20,"gold_loss":0},{"damage_healed":0,"gold_gain":0,"player_choice":"Read","damage_taken":0,"max_hp_gain":0,"max_hp_loss":0,"event_name":"The Library","floor":22,"gold_loss":0,"cards_obtained":["Ball Lightning"]},{"damage_healed":0,"gold_gain":0,"player_choice":"Upgraded","damage_taken":0,"max_hp_gain":0,"max_hp_loss":0,"event_name":"Upgrade Shrine","floor":28,"gold_loss":0,"cards_upgraded":["Zap"]}],"is_beta":false,"boss_relics":[{"not_picked":["Philosopher\u0027s Stone","Fusion Hammer"],"picked":"Empty Cage"}],"items_purged_floors":[19,29],"is_endless":false,"potions_floor_spawned":[1,4,12,16,18],"killed_by":"Sentry and Sphere","ascension_level":0}