{"gold_per_floor":[144,189,234,279,4,94,94,139,164,130,175,220,310,310,310,310],"floor_reached":16,"playtime":1316,"items_purged":["Mind Blast"],"score":114,"play_id":"a9d77e02-39c2-44b1-9fe7-e849e4a4366f","local_time":"20190731141441","daily_mods":["Allstar","Red Cards","Midas"],"is_ascension_mode":false,"campfire_choices":[{"floor":7,"key":"REST"},{"floor":15,"key":"REST"}],"neow_cost":"","seed_source_timestamp":724874261285706,"circlet_count":0,"master_deck":["Strike_B","Strike_B","Strike_B","Strike_B","Defend_B","Defend_B","Defend_B","Defend_B","Zap","Dualcast","Madness","Secret Weapon","PanicButton","Impatience","Metallicize"],"special_seed":18108,"relics":["Cracked Core","Chemical X","Cables","Centennial Puzzle","Happy Flower","Blood Vial"],"potions_floor_usage":[11,12,13],"damage_taken":[{"damage":0,"enemies":"2 Louse","floor":1,"turns":3},{"damage":1,"enemies":"Cultist","floor":2,"turns":3},{"damage":0,"enemies":"Small Slimes","floor":3,"turns":3},{"damage":21,"enemies":"Gremlin Gang","floor":4,"turns":5},{"damage":28,"enemies":"Gremlin Nob","floor":6,"turns":4},{"damage":6,"enemies":"2 Fungi Beasts","floor":8,"turns":3},{"damage":3,"enemies":"Blue Slaver","floor":11,"turns":3},{"damage":6,"enemies":"Lots of Slimes","floor":12,"turns":3},{"damage":7,"enemies":"3 Sentries","floor":13,"turns":8},{"damage":52,"enemies":"Hexaghost","floor":16,"turns":12}],"seed_played":"4558501401576301004","potions_obtained":[{"floor":1,"key":"SpeedPotion"},{"floor":3,"key":"Dexterity Potion"},{"floor":6,"key":"Block Potion"},{"floor":8,"key":"Fire Potion"}],"is_trial":false,"path_per_floor":["M","M","M","M","$","E","R","M","T","$","M","M","E","?","R","B"],"character_chosen":"DEFECT","items_purchased":["Chemical X","Metallicize"],"campfire_rested":2,"item_purchase_floors":[5,10],"current_hp_per_floor":[75,74,74,53,53,25,47,41,41,41,38,32,25,25,47,0],"gold":310,"neow_bonus":"","is_prod":false,"is_daily":true,"chose_seed":false,"campfire_upgraded":0,"win_rate":0,"timestamp":1564550081,"path_taken":["M","M","M","M","$","E","R","M","T","$","M","M","E","?","R","BOSS"],"build_version":"2019-07-05","purchased_purges":1,"victory":false,"max_hp_per_floor":[75,75,75,75,75,75,75,75,75,75,75,75,75,75,75,75],"card_choices":[{"not_picked":["Static Discharge","Cold Snap","Power Through"],"picked":"SKIP","floor":1},{"not_picked":["Coolheaded","Bloodletting","Steam Power"],"picked":"SKIP","floor":2},{"not_picked":["Bloodletting","Scrape"],"picked":"Armaments","floor":3},{"not_picked":["Fiend Fire","Hologram","Heavy Blade"],"picked":"SKIP","floor":4},{"not_picked":["Evolve","Doom and Gloom","Uppercut"],"picked":"SKIP","floor":6},{"not_picked":["Headbutt","Iron Wave","Coolheaded"],"picked":"SKIP","floor":8},{"not_picked":["Cleave","True Grit","Heavy Blade"],"picked":"SKIP","floor":11},{"not_picked":["Blood for Blood","Melter","Headbutt"],"picked":"SKIP","floor":12},{"not_picked":["Steam","Twin Strike","Coolheaded"],"picked":"SKIP","floor":13}],"player_experience":394022,"relics_obtained":[{"floor":6,"key":"Cables"},{"floor":9,"key":"Centennial Puzzle"},{"floor":13,"key":"Happy Flower"}],"event_choices":[{"cards_removed":["Armaments"],"damage_healed":0,"gold_gain":0,"player_choice":"Gave Card","damage_taken":0,"relics_obtained":["Blood Vial"],"max_hp_gain":0,"max_hp_loss":0,"event_name":"WeMeetAgain","floor":14,"gold_loss":0}],"is_beta":false,"boss_relics":[],"items_purged_floors":[5],"is_endless":false,"potions_floor_spawned":[1,3,6,8],"killed_by":"Hexaghost","ascension_level":0}