{"gold_per_floor":[114,129,144,159,174,174,189,189,214,137,167,182,182,197,197,297,297,312,327,327,342,39,39,54,69,69,69,69,69,19,19],"floor_reached":31,"playtime":1941,"items_purged":[],"score":241,"play_id":"4ae1ac4d-47a9-481e-994a-a47ff9033eac","local_time":"20190821171216","daily_mods":["SealedDeck","Blue Cards","Terminal"],"is_ascension_mode":false,"campfire_choices":[{"data":"Sunder","floor":6,"key":"SMITH"},{"data":"Bouncing Flask","floor":8,"key":"SMITH"},{"data":"All Out Attack","floor":13,"key":"SMITH"},{"floor":15,"key":"REST"},{"floor":28,"key":"REST"}],"neow_cost":"","seed_source_timestamp":0,"circlet_count":0,"master_deck":["Hologram","Deadly Poison","Bane","Dagger Spray","Poisoned Stab","Cloak And Dagger","Streamline","Sunder+1","Auto Shields","Predator","Bouncing Flask+1","Dagger Spray","Dodge and Roll","Skewer","Catalyst","All Out Attack+1","Rebound","Double Energy","Streamline","Corpse Explosion","Sweeping Beam","Hyperbeam","Melter","Finesse","Magnetism","After Image","Doom and Gloom","Hologram+1","Decay","RitualDagger"],"special_seed":18129,"relics":["Ring of the Snake","Pen Nib","Tingsha","Velvet Choker","Gremlin Horn"],"potions_floor_usage":[],"damage_taken":[{"damage":0,"enemies":"2 Louse","floor":1,"turns":2},{"damage":0,"enemies":"Small Slimes","floor":2,"turns":2},{"damage":0,"enemies":"Cultist","floor":3,"turns":2},{"damage":1,"enemies":"3 Louse","floor":4,"turns":3},{"damage":11,"enemies":"Large Slime","floor":5,"turns":4},{"damage":0,"enemies":"2 Fungi Beasts","floor":7,"turns":1},{"damage":21,"enemies":"Lagavulin","floor":11,"turns":5},{"damage":0,"enemies":"Exordium Thugs","floor":12,"turns":2},{"damage":0,"enemies":"Lots of Slimes","floor":14,"turns":1},{"damage":14,"enemies":"The Guardian","floor":16,"turns":6},{"damage":0,"enemies":"3 Byrds","floor":18,"turns":3},{"damage":0,"enemies":"Spheric Guardian","floor":19,"turns":2},{"damage":22,"enemies":"Shelled Parasite and Fungi","floor":21,"turns":4},{"damage":28,"enemies":"Snake Plant","floor":24,"turns":4},{"damage":0,"enemies":"Snecko","floor":25,"turns":3},{"damage":12,"enemies":"Centurion and Healer","floor":31,"turns":4}],"seed_played":"-7720863757283831965","potions_obtained":[{"floor":1,"key":"Swift Potion"},{"floor":12,"key":"FairyPotion"},{"floor":14,"key":"Energy Potion"}],"is_trial":false,"path_per_floor":["M","M","M","M","M","R","M","R","T","$","E","M","R","M","R","B",null,"M","M","?","M","$","?","M","M","T","?","R","?","$","M"],"character_chosen":"THE_SILENT","items_purchased":["All Out Attack","Melter","Finesse","Magnetism","Explosive Potion"],"campfire_rested":2,"item_purchase_floors":[10,22,22,22,30],"current_hp_per_floor":[68,67,66,65,54,54,54,54,54,54,33,33,33,33,49,35,52,51,50,49,27,27,27,4,4,4,4,16,10,10,0],"gold":19,"neow_bonus":"","is_prod":false,"is_daily":true,"chose_seed":false,"campfire_upgraded":3,"win_rate":0.0,"timestamp":1566432736,"path_taken":["M","M","M","M","M","R","M","R","T","$","E","M","R","M","R","BOSS","M","M","?","M","$","?","M","?","T","?","R","?","$","M"],"build_version":"2019-07-17","purchased_purges":0,"victory":false,"max_hp_per_floor":[68,67,66,65,64,63,62,61,60,59,58,57,56,55,54,53,52,51,50,49,48,47,46,45,44,43,42,41,40,39,39],"card_choices":[{"not_picked":["Well Laid Plans","Dodge and Roll"],"picked":"Predator","floor":1},{"not_picked":["Leap","Dagger Spray"],"picked":"Bouncing Flask","floor":2},{"not_picked":["Prepared","Aggregate"],"picked":"Dagger Spray","floor":3},{"not_picked":["Barrage","Turbo"],"picked":"Dodge and Roll","floor":4},{"not_picked":["Genetic Algorithm","Acrobatics"],"picked":"Skewer","floor":5},{"not_picked":["Cloak And Dagger","Dagger Throw"],"picked":"Catalyst","floor":7},{"not_picked":["Deadly Poison","Aggregate"],"picked":"Rebound","floor":11},{"not_picked":["Gash","Escape Plan"],"picked":"Double Energy","floor":12},{"not_picked":["Expertise","Night Terror"],"picked":"Streamline","floor":14},{"not_picked":["Glass Knife","Malaise"],"picked":"Corpse Explosion","floor":16},{"not_picked":["Sucker Punch","Heel Hook+1","Compile Driver"],"picked":"SKIP","floor":18},{"not_picked":["Prepared","Cloak And Dagger"],"picked":"Sweeping Beam","floor":19},{"not_picked":["BootSequence","Steam"],"picked":"Hyperbeam","floor":21},{"not_picked":["Auto Shields+1","Hologram"],"picked":"Doom and Gloom","floor":24},{"not_picked":["Coolheaded+1","Sucker Punch"],"picked":"Hologram+1","floor":25}],"player_experience":7597,"relics_obtained":[{"floor":9,"key":"Pen Nib"},{"floor":11,"key":"Tingsha"},{"floor":26,"key":"Gremlin Horn"}],"event_choices":[{"damage_healed":0,"gold_gain":0,"player_choice":"Ignored","damage_taken":0,"max_hp_gain":0,"max_hp_loss":0,"event_name":"Beggar","floor":20,"gold_loss":0},{"damage_healed":0,"gold_gain":0,"cards_transformed":["Deadly Poison"],"player_choice":"Transformed","damage_taken":0,"max_hp_gain":0,"max_hp_loss":0,"event_name":"Transmorgrifier","floor":23,"gold_loss":0,"cards_obtained":["After Image"]},{"damage_healed":0,"gold_gain":0,"player_choice":"Smashed Altar","damage_taken":0,"max_hp_gain":0,"max_hp_loss":0,"event_name":"Forgotten Altar","floor":27,"gold_loss":0,"cards_obtained":["Decay"]},{"damage_healed":0,"gold_gain":0,"player_choice":"Joined the Cult","damage_taken":6,"max_hp_gain":0,"max_hp_loss":0,"event_name":"Nest","floor":29,"gold_loss":0,"cards_obtained":["RitualDagger"]}],"is_beta":false,"boss_relics":[{"not_picked":["Coffee Dripper","Empty Cage"],"picked":"Velvet Choker"}],"items_purged_floors":[],"is_endless":false,"potions_floor_spawned":[1,12,14,21,25],"killed_by":"Centurion and Healer","ascension_level":0}