{"gold_per_floor":[116,140,140,140,155,155,179,179,179,179,210,234,313,347,347,466,466,481,494,494,494,184,184,218,218,218,238,238,256,256,39,39,162,162,176,301,48,62,87,87,128,152,152,185,185,0,0,0,0,0],"floor_reached":51,"playtime":2231,"items_purged":["Coolheaded","Beam Cell","BootSequence"],"score":879,"play_id":"4dae198e-3e63-4512-a777-cf34e6028f34","local_time":"20190815023536","daily_mods":["SealedDeck"],"is_ascension_mode":false,"campfire_choices":[{"data":"Scrape","floor":6,"key":"SMITH"},{"data":"Coolheaded","floor":8,"key":"SMITH"},{"data":"Gash","floor":10,"key":"SMITH"},{"data":"1","floor":15,"key":"LIFT"},{"data":"2","floor":23,"key":"LIFT"},{"data":"3","floor":25,"key":"LIFT"},{"data":"Scrape","floor":28,"key":"SMITH"},{"data":"Go for the Eyes","floor":30,"key":"SMITH"},{"data":"Master of Strategy","floor":32,"key":"SMITH"},{"data":"All For One","floor":40,"key":"SMITH"},{"data":"Beam Cell","floor":45,"key":"SMITH"},{"floor":49,"key":"REST"}],"neow_cost":"","seed_source_timestamp":1977158093377557,"circlet_count":0,"master_deck":["Go for the Eyes+1","Coolheaded+1","Rebound","Beam Cell+1","Scrape+1","Gash+1","Gash","Gash","All For One+1","Scrape+1","Master of Strategy+1","Skim+1","Gash+1"],"relics":["FrozenCore","DataDisk","Golden Idol","Bottled Flame","Girya","The Courier","Gambling Chip","Incense Burner","Sundial","Inserter","StoneCalendar","ClockworkSouvenir","Gremlin Horn","Question Card","Bag of Preparation","Red Mask"],"potions_floor_usage":[33,39,42,50],"damage_taken":[{"damage":0,"enemies":"Cultist","floor":1,"turns":2},{"damage":0,"enemies":"Small Slimes","floor":5,"turns":2},{"damage":0,"enemies":"Jaw Worm","floor":7,"turns":2},{"damage":0,"enemies":"Gremlin Nob","floor":11,"turns":2},{"damage":0,"enemies":"Blue Slaver","floor":12,"turns":1},{"damage":7,"enemies":"Lagavulin","floor":14,"turns":3},{"damage":26,"enemies":"The Guardian","floor":16,"turns":3},{"damage":0,"enemies":"3 Byrds","floor":18,"turns":3},{"damage":0,"enemies":"Spheric Guardian","floor":19,"turns":1},{"damage":9,"enemies":"Gremlin Leader","floor":24,"turns":3},{"damage":0,"enemies":"3 Cultists","floor":27,"turns":2},{"damage":0,"enemies":"Centurion and Healer","floor":29,"turns":2},{"damage":0,"enemies":"Collector","floor":33,"turns":2},{"damage":2,"enemies":"3 Shapes","floor":35,"turns":1},{"damage":0,"enemies":"Mind Bloom Boss Battle","floor":36,"turns":1},{"damage":0,"enemies":"3 Darklings","floor":38,"turns":2},{"damage":30,"enemies":"4 Shapes","floor":39,"turns":2},{"damage":0,"enemies":"Giant Head","floor":41,"turns":3},{"damage":7,"enemies":"Writhing Mass","floor":42,"turns":2},{"damage":0,"enemies":"Nemesis","floor":44,"turns":1},{"damage":12,"enemies":"Awakened One","floor":50,"turns":4}],"seed_played":"7509961147667021063","potions_obtained":[{"floor":5,"key":"Swift Potion"},{"floor":14,"key":"SpeedPotion"},{"floor":18,"key":"Dexterity Potion"},{"floor":24,"key":"Explosive Potion"},{"floor":27,"key":"PowerPotion"},{"floor":36,"key":"PowerPotion"},{"floor":38,"key":"SteroidPotion"},{"floor":39,"key":"Fire Potion"}],"is_trial":true,"path_per_floor":["M","T","?","?","M","R","M","R","T","R","E","M","T","E","R","B",null,"M","M","?","?","$","R","E","R","T","M","R","M","R","$","R","B",null,"M","?","$","M","M","R","E","M","T","E","R","?","?","$","R","B",null],"character_chosen":"DEFECT","items_purchased":["Incense Burner","Master of Strategy","ClockworkSouvenir"],"campfire_rested":1,"item_purchase_floors":[22,31,37],"current_hp_per_floor":[75,75,57,57,57,57,57,57,57,57,57,57,57,50,50,24,75,75,75,75,75,75,75,66,66,66,66,66,66,66,66,66,66,75,73,73,73,73,43,43,43,36,36,36,36,36,36,36,57,45],"gold":0,"neow_bonus":"","is_prod":false,"is_daily":false,"chose_seed":false,"campfire_upgraded":8,"win_rate":0,"timestamp":1565804136,"path_taken":["M","?","?","?","?","R","?","R","T","R","E","M","?","E","R","BOSS","M","M","?","?","?","R","E","R","T","?","R","M","R","$","R","BOSS","M","?","$","M","M","R","E","M","T","E","R","?","?","$","R","BOSS"],"build_version":"2019-07-05","purchased_purges":3,"victory":true,"max_hp_per_floor":[75,75,75,75,75,75,75,75,75,75,75,75,75,75,75,75,75,75,75,75,75,75,75,75,75,75,75,75,75,75,75,75,75,75,75,75,75,75,75,75,75,75,75,75,75,75,71,71,71,71],"card_choices":[{"not_picked":["Redo","Defragment","Tempest"],"picked":"SKIP","floor":1},{"not_picked":["Chaos","Sweeping Beam"],"picked":"Gash","floor":5},{"not_picked":["Compile Driver","Hologram","Leap"],"picked":"SKIP","floor":7},{"not_picked":["Steam","Rainbow","Aggregate"],"picked":"SKIP","floor":11},{"not_picked":["Aggregate","Coolheaded","Hologram"],"picked":"SKIP","floor":12},{"not_picked":["Turbo","Undo","Fusion"],"picked":"SKIP","floor":14},{"not_picked":["Core Surge","Multi-Cast"],"picked":"All For One","floor":16},{"not_picked":["Heatsinks","Cold Snap","Leap"],"picked":"SKIP","floor":18},{"not_picked":["Redo","Lockon+1","Blizzard+1"],"picked":"SKIP","floor":19},{"not_picked":["Amplify","Go for the Eyes+1","Ball Lightning"],"picked":"SKIP","floor":24},{"not_picked":["Cold Snap","Barrage","Rebound"],"picked":"SKIP","floor":27},{"not_picked":["Static Discharge","Stack","Leap"],"picked":"SKIP","floor":29},{"not_picked":["Streamline+1","FTL","Redo+1"],"picked":"SKIP","floor":35},{"not_picked":["Blizzard","Stack+1","Rebound+1"],"picked":"SKIP","floor":38},{"not_picked":["Auto Shields","Cold Snap+1","Turbo"],"picked":"SKIP","floor":39},{"not_picked":["Barrage","Thunder Strike"],"picked":"Skim+1","floor":41},{"not_picked":["Sunder","Go for the Eyes+1"],"picked":"Gash+1","floor":42},{"not_picked":["FTL+1","Self Repair","Reinforced Body+1","Sweeping Beam"],"picked":"SKIP","floor":44}],"player_experience":493382,"relics_obtained":[{"floor":2,"key":"DataDisk"},{"floor":9,"key":"Bottled Flame"},{"floor":11,"key":"Girya"},{"floor":13,"key":"The Courier"},{"floor":14,"key":"Gambling Chip"},{"floor":24,"key":"Sundial"},{"floor":36,"key":"StoneCalendar"},{"floor":41,"key":"Gremlin Horn"},{"floor":43,"key":"Question Card"},{"floor":44,"key":"Bag of Preparation"}],"event_choices":[{"damage_healed":0,"gold_gain":0,"player_choice":"Take Damage","damage_taken":18,"relics_obtained":["Golden Idol"],"max_hp_gain":0,"max_hp_loss":0,"event_name":"Golden Idol","floor":3,"gold_loss":0},{"damage_healed":0,"gold_gain":0,"player_choice":"0 cards matched","damage_taken":0,"max_hp_gain":0,"max_hp_loss":0,"event_name":"Match and Keep!","floor":4,"gold_loss":0,"cards_obtained":[]},{"damage_healed":0,"gold_gain":0,"player_choice":"Ignored","damage_taken":0,"max_hp_gain":0,"max_hp_loss":0,"event_name":"Vampires","floor":20,"gold_loss":0},{"damage_healed":0,"gold_gain":0,"player_choice":"Read","damage_taken":0,"max_hp_gain":0,"max_hp_loss":0,"event_name":"The Library","floor":21,"gold_loss":0,"cards_obtained":["Scrape"]},{"damage_healed":0,"gold_gain":0,"player_choice":"Fight","damage_taken":0,"max_hp_gain":0,"max_hp_loss":0,"event_name":"MindBloom","floor":36,"gold_loss":0},{"damage_healed":0,"gold_gain":0,"player_choice":"Paid","damage_taken":0,"relics_obtained":["Red Mask"],"max_hp_gain":0,"max_hp_loss":0,"event_name":"Tomb of Lord Red Mask","floor":46,"gold_loss":185},{"damage_healed":0,"gold_gain":0,"player_choice":"Max HP","damage_taken":0,"max_hp_gain":0,"max_hp_loss":4,"event_name":"Winding Halls","floor":47,"gold_loss":0}],"is_beta":false,"boss_relics":[{"not_picked":["Velvet Choker","Philosopher\u0027s Stone"],"picked":"FrozenCore"},{"not_picked":["Astrolabe","Snecko Eye"],"picked":"Inserter"}],"items_purged_floors":[22,31,37],"is_endless":false,"potions_floor_spawned":[5,14,18,24,27,36,38,39],"ascension_level":0}