{"gold_per_floor":[116,126,146,160,176,176,191,191,243,243,274,274,274,274,274,374,374,385,99,116,116,116,116,136,136],"floor_reached":25,"playtime":1841,"items_purged":["Regret"],"score":228,"play_id":"83375b79-0001-4389-b958-299966cdceb6","local_time":"20190627104731","is_ascension_mode":false,"campfire_choices":[{"data":"Streamline","floor":6,"key":"SMITH"},{"data":"Skim","floor":8,"key":"SMITH"},{"data":"Rebound","floor":10,"key":"SMITH"},{"data":"Gash","floor":13,"key":"SMITH"},{"floor":15,"key":"REST"},{"data":"Storm","floor":23,"key":"SMITH"}],"neow_cost":"NONE","seed_source_timestamp":710056071971871,"circlet_count":0,"master_deck":["Defend_B","Defend_B","Defend_B+1","Defend_B","Zap","Dualcast","Cold Snap","Rebound+1","Gash+1","Streamline+1","Skim+1","Genetic Algorithm+1","Electrodynamics","Decay","Decay","Ball Lightning+1","Storm+1","Seek","Bite","Bite","Bite","Bite","Bite","Loop+1"],"relics":["Cracked Core","Strawberry","Oddly Smooth Stone","Mercury Hourglass","Calling Bell","Kunai","Incense Burner","Bag of Marbles","Torii"],"potions_floor_usage":[7,11,11],"damage_taken":[{"damage":8,"enemies":"2 Louse","floor":1,"turns":3},{"damage":1,"enemies":"Cultist","floor":2,"turns":4},{"damage":0,"enemies":"Small Slimes","floor":3,"turns":3},{"damage":10,"enemies":"Blue Slaver","floor":4,"turns":3},{"damage":3,"enemies":"Looter","floor":5,"turns":3},{"damage":12,"enemies":"3 Louse","floor":7,"turns":2},{"damage":8,"enemies":"3 Sentries","floor":11,"turns":6},{"damage":44,"enemies":"Slime Boss","floor":16,"turns":8},{"damage":38,"enemies":"3 Byrds","floor":18,"turns":3},{"damage":32,"enemies":"2 Thieves","floor":20,"turns":3},{"damage":16,"enemies":"Snecko","floor":24,"turns":4},{"damage":12,"enemies":"Shelled Parasite and Fungi","floor":25,"turns":1}],"seed_played":"-5698576357113314315","potions_obtained":[{"floor":1,"key":"AttackPotion"},{"floor":3,"key":"Explosive Potion"},{"floor":5,"key":"Strength Potion"},{"floor":7,"key":"PowerPotion"},{"floor":24,"key":"Swift Potion"}],"is_trial":false,"path_per_floor":["M","M","M","M","M","R","M","R","T","R","E","?","R","?","R","B",null,"M","$","M","?","T","R","M","M"],"character_chosen":"DEFECT","items_purchased":["Storm","Seek"],"campfire_rested":1,"item_purchase_floors":[19,19],"current_hp_per_floor":[74,73,73,63,60,60,48,48,55,55,47,29,29,29,55,11,89,51,51,19,19,19,19,11,0],"gold":136,"neow_bonus":"TEN_PERCENT_HP_BONUS","is_prod":false,"is_daily":false,"chose_seed":false,"campfire_upgraded":5,"win_rate":0.0,"timestamp":1561600051,"path_taken":["M","M","M","M","M","R","M","R","T","R","E","?","R","?","R","BOSS","M","?","M","?","?","R","M","M"],"build_version":"2019-01-23","purchased_purges":1,"victory":false,"max_hp_per_floor":[82,82,82,82,82,82,82,82,89,89,89,89,89,89,89,89,89,89,89,89,62,62,62,62,62],"card_choices":[{"not_picked":["Blizzard","Stack","Scrape"],"picked":"SKIP","floor":1},{"not_picked":["Stack","Scrape"],"picked":"Cold Snap","floor":2},{"not_picked":["Streamline","Sweeping Beam"],"picked":"Rebound","floor":3},{"not_picked":["Redo","FTL"],"picked":"Gash","floor":4},{"not_picked":["Barrage","Beam Cell"],"picked":"Streamline","floor":5},{"not_picked":["Reboot","Chaos"],"picked":"Skim","floor":7},{"not_picked":["Self Repair","Doom and Gloom"],"picked":"Genetic Algorithm","floor":11},{"not_picked":["Amplify","Thunder Strike"],"picked":"Electrodynamics","floor":16},{"not_picked":["Leap+1","Barrage"],"picked":"Ball Lightning+1","floor":18},{"not_picked":["Hologram","Beam Cell","Barrage"],"picked":"SKIP","floor":20},{"not_picked":["Sweeping Beam","Cold Snap"],"picked":"Loop+1","floor":24}],"player_experience":45651,"relics_obtained":[{"floor":9,"key":"Strawberry"},{"floor":11,"key":"Oddly Smooth Stone"},{"floor":17,"key":"Kunai"},{"floor":17,"key":"Incense Burner"},{"floor":17,"key":"Bag of Marbles"},{"floor":22,"key":"Torii"}],"event_choices":[{"damage_healed":0,"gold_gain":0,"player_choice":"Entered Light","damage_taken":18,"max_hp_gain":0,"max_hp_loss":0,"event_name":"Shining Light","floor":12,"gold_loss":0,"cards_upgraded":["Genetic Algorithm","Defend_B"]},{"damage_healed":0,"gold_gain":0,"player_choice":"Gave Potion","damage_taken":0,"relics_obtained":["Mercury Hourglass"],"max_hp_gain":0,"max_hp_loss":0,"event_name":"WeMeetAgain","floor":14,"gold_loss":0},{"damage_healed":0,"gold_gain":0,"player_choice":"Became a vampire","damage_taken":0,"max_hp_gain":0,"max_hp_loss":27,"event_name":"Vampires","floor":21,"gold_loss":0,"cards_obtained":["Bite","Bite","Bite","Bite","Bite"]}],"is_beta":false,"boss_relics":[{"not_picked":["Lizard Tail","Runic Dome"],"picked":"Calling Bell"}],"items_purged_floors":[19],"is_endless":false,"potions_floor_spawned":[1,3,5,7,24],"killed_by":"Shelled Parasite and Fungi","ascension_level":0}