{"path_per_floor":["M","M","?","?","$","R","M","R","T","?","M","$","M","?","R","B",null,"M","M","?","?","$","R"],"character_chosen":"THE_SILENT","items_purchased":["Gremlin Horn","Flying Knee","Deflect","Poisoned Stab","Swift Strike"],"gold_per_floor":[219,232,232,407,59,59,78,78,158,158,170,23,33,33,33,133,133,148,158,81,6,6,6,6],"floor_reached":24,"campfire_rested":2,"playtime":1209,"item_purchase_floors":[5,5,5,12,12],"current_hp_per_floor":[62,59,59,59,59,59,59,59,59,59,59,59,50,50,70,23,77,42,12,12,12,12,35,6],"items_purged":[],"gold":6,"score":193,"play_id":"8a7c22e4-28de-49ae-a1a2-fa9a9cbdc702","local_time":"20180609121824","is_prod":false,"is_daily":false,"chose_seed":false,"is_ascension_mode":true,"campfire_upgraded":2,"win_rate":0,"timestamp":1528539504,"campfire_choices":[{"data":"Neutralize","floor":6,"key":"SMITH"},{"data":"Prepared","floor":8,"key":"SMITH"},{"floor":15,"key":"REST"},{"floor":23,"key":"REST"}],"path_taken":["M","M","?","?","$","R","M","R","T","?","M","?","?","?","R","BOSS","M","M","?","?","?","R","E"],"build_version":"2018-06-07v3","seed_source_timestamp":751941451006458,"purchased_purges":0,"victory":false,"master_deck":["Defend_G","Defend_G","Defend_G","Defend_G","Defend_G","Strike_G","Strike_G","Strike_G","Strike_G","Strike_G","Survivor","Neutralize+1","Choke","Prepared+1","Flying Knee","Deflect","Slice","Flying Knee","Poisoned Stab","Swift Strike","Well Laid Plans+1","Venomology","Decay","Decay","Dagger Throw+1","Noxious Fumes+1","J.A.X."],"max_hp_per_floor":[70,70,70,70,70,70,70,70,70,70,70,70,70,70,70,70,77,77,77,77,77,77,77,77],"relics":["Ring of the Snake","Gremlin Horn","Bottled Lightning","Calling Bell","Frozen Egg 2","Strawberry","Bird Faced Urn"],"card_choices":[{"not_picked":["All Out Attack","Slice"],"picked":"Choke","floor":1},{"not_picked":["Quick Slash","All Out Attack"],"picked":"Prepared","floor":2},{"not_picked":["Eviscerate","Backflip"],"picked":"Slice","floor":7},{"not_picked":["Dash","Leg Sweep"],"picked":"Flying Knee","floor":11},{"not_picked":["Acrobatics","Flying Knee"],"picked":"Well Laid Plans","floor":13},{"not_picked":["Night Terror","Glass Knife"],"picked":"Venomology","floor":16},{"not_picked":["Choke","Quick Slash"],"picked":"Dagger Throw+1","floor":18},{"not_picked":["Leg Sweep","Backflip"],"picked":"Noxious Fumes+1","floor":19}],"player_experience":152853,"potions_floor_usage":[11,18,18,18,24],"damage_taken":[{"damage":8,"enemies":"2 Louse","floor":1,"turns":3},{"damage":3,"enemies":"Jaw Worm","floor":2,"turns":3},{"damage":0,"enemies":"Small Slimes","floor":7,"turns":3},{"damage":0,"enemies":"Gremlin Gang","floor":11,"turns":3},{"damage":9,"enemies":"Exordium Wildlife","floor":13,"turns":4},{"damage":47,"enemies":"The Guardian","floor":16,"turns":14},{"damage":37,"enemies":"Shell Parasite","floor":18,"turns":8},{"damage":32,"enemies":"Chosen","floor":19,"turns":6},{"damage":31,"enemies":"Slavers","floor":24,"turns":3}],"relics_obtained":[{"floor":9,"key":"Bottled Lightning"},{"floor":17,"key":"Frozen Egg 2"},{"floor":17,"key":"Strawberry"},{"floor":17,"key":"Bird Faced Urn"}],"event_choices":[{"event_name":"The Cleric","player_choice":"Leave","floor":3,"damage_taken":0},{"event_name":"Liars Game","player_choice":"agreed","floor":4,"damage_taken":0},{"event_name":"Wheel of Change","player_choice":"Card Removal","floor":10,"damage_taken":0},{"event_name":"Upgrade Shrine","player_choice":"Upgraded","floor":14,"damage_taken":0},{"event_name":"Drug Dealer","player_choice":"Got JAXXED","floor":20,"damage_taken":0},{"event_name":"Beggar","player_choice":"Gave Gold","floor":21,"damage_taken":0}],"boss_relics":[{"not_picked":["Runic Dome","White Beast Statue"],"picked":"Calling Bell"}],"items_purged_floors":[],"potions_floor_spawned":[1,7,16],"seed_played":"2683119142077356630","killed_by":"Slavers","ascension_level":1,"potions_obtained":[{"floor":1,"key":"Ancient Potion"},{"floor":7,"key":"AttackPotion"},{"floor":16,"key":"Energy Potion"}],"is_trial":false}