{"gold_per_floor":[114,114,129,144,144,174,189,219,294,324,324,354,354,429,429,529,529,544,556,556,284,299,329,329,359,359,389,404,419,449,548,548,648,648,663,678,678,228,243,243,273,304,316,328,370,57,387,487,487,487],"floor_reached":51,"playtime":5827,"items_purged":["Parasite"],"score":912,"play_id":"ed542738-a877-46e3-bb6e-3d2506a1949f","local_time":"20190727130516","daily_mods":["Draft","Diverse","Elite Swarm"],"is_ascension_mode":false,"campfire_choices":[{"data":"Concentrate","floor":11,"key":"SMITH"},{"data":"1","floor":13,"key":"LIFT"},{"floor":15,"key":"REST"},{"data":"2","floor":24,"key":"LIFT"},{"floor":32,"key":"REST"},{"data":"3","floor":40,"key":"LIFT"},{"data":"Seek","floor":44,"key":"SMITH"},{"data":"Armaments","floor":49,"key":"SMITH"}],"neow_cost":"","seed_source_timestamp":0,"circlet_count":0,"master_deck":["Reinforced Body","Turbo","Gash","Slice","Concentrate+1","Wild Strike","True Grit","Armaments+1","Beam Cell","Ball Lightning","Reinforced Body","Gash","Cleave","Clothesline","Prepared","Conserve Battery","Reboot","Seek+1","Machine Learning","Double Tap+1","Machine Learning","Footwork","After Image","Adrenaline+1","Beam Cell+1","Reboot+1","Echo Form","Dramatic Entrance","Rage+1","After Image","Creative AI"],"special_seed":18104,"relics":["Ring of the Snake","Question Card","Pen Nib","Toxic Egg 2","Girya","White Beast Statue","Red Mask","OrangePellets","Darkstone Periapt","Sundial","Letter Opener","Vajra","Art of War","Lizard Tail","ClockworkSouvenir","Bottled Lightning","MawBank","Ginger","Paper Crane","Nunchaku","Gremlin Horn","Old Coin","Ice Cream"],"potions_floor_usage":[6,23,30,33,33,45,46,50],"damage_taken":[{"damage":0,"enemies":"Cultist","floor":1,"turns":3},{"damage":0,"enemies":"2 Louse","floor":3,"turns":2},{"damage":2,"enemies":"Small Slimes","floor":4,"turns":3},{"damage":16,"enemies":"3 Sentries","floor":6,"turns":4},{"damage":0,"enemies":"2 Fungi Beasts","floor":7,"turns":3},{"damage":12,"enemies":"Gremlin Nob","floor":8,"turns":4},{"damage":4,"enemies":"Lagavulin","floor":10,"turns":5},{"damage":21,"enemies":"Gremlin Nob","floor":12,"turns":4},{"damage":18,"enemies":"The Guardian","floor":16,"turns":8},{"damage":0,"enemies":"Spheric Guardian","floor":18,"turns":3},{"damage":26,"enemies":"Masked Bandits","floor":19,"turns":4},{"damage":0,"enemies":"3 Byrds","floor":22,"turns":1},{"damage":12,"enemies":"Slavers","floor":23,"turns":6},{"damage":22,"enemies":"Book of Stabbing","floor":25,"turns":6},{"damage":0,"enemies":"Gremlin Leader","floor":27,"turns":6},{"damage":0,"enemies":"Snecko","floor":28,"turns":7},{"damage":0,"enemies":"Chosen and Byrds","floor":29,"turns":4},{"damage":8,"enemies":"Book of Stabbing","floor":30,"turns":3},{"damage":3,"enemies":"Champ","floor":33,"turns":8},{"damage":0,"enemies":"3 Shapes","floor":35,"turns":2},{"damage":0,"enemies":"Orb Walker","floor":36,"turns":3},{"damage":0,"enemies":"Writhing Mass","floor":39,"turns":4},{"damage":0,"enemies":"Giant Head","floor":41,"turns":6},{"damage":0,"enemies":"2 Orb Walkers","floor":42,"turns":3},{"damage":5,"enemies":"Reptomancer","floor":45,"turns":4},{"damage":0,"enemies":"Giant Head","floor":47,"turns":6},{"damage":0,"enemies":"Mind Bloom Boss Battle","floor":48,"turns":4},{"damage":38,"enemies":"Time Eater","floor":50,"turns":9}],"seed_played":"-8369019304944216632","potions_obtained":[{"floor":3,"key":"SpeedPotion"},{"floor":4,"key":"SkillPotion"},{"floor":8,"key":"GhostInAJar"},{"floor":12,"key":"GamblersBrew"},{"floor":18,"key":"Swift Potion"},{"floor":23,"key":"FearPotion"},{"floor":25,"key":"SteroidPotion"},{"floor":28,"key":"PowerPotion"},{"floor":29,"key":"GhostInAJar"},{"floor":30,"key":"GhostInAJar"},{"floor":33,"key":"GamblersBrew"},{"floor":35,"key":"Block Potion"},{"floor":36,"key":"SteroidPotion"},{"floor":42,"key":"Swift Potion"},{"floor":45,"key":"Fruit Juice"},{"floor":47,"key":"SteroidPotion"},{"floor":48,"key":"Strength Potion"}],"is_trial":false,"path_per_floor":["M","$","M","M","?","E","M","E","T","E","R","E","R","?","R","B",null,"M","?","?","$","M","E","R","E","T","E","M","M","E","?","R","B",null,"M","M","?","$","M","R","E","?","T","R","E","$","E","?","R","B",null],"character_chosen":"THE_SILENT","items_purchased":["Footwork","OrangePellets","ClockworkSouvenir","Bottled Lightning","Gremlin Horn"],"campfire_rested":2,"item_purchase_floors":[21,21,38,38,46],"current_hp_per_floor":[70,70,70,68,68,52,52,40,40,36,36,15,15,4,25,7,70,70,44,44,44,44,32,32,10,10,10,10,10,2,2,23,20,70,70,70,70,70,76,76,76,76,76,76,71,76,76,76,76,38],"gold":487,"neow_bonus":"","is_prod":false,"is_daily":true,"chose_seed":false,"campfire_upgraded":3,"win_rate":0,"timestamp":1564200316,"path_taken":["M","?","M","M","?","E","M","E","T","E","R","E","R","?","R","BOSS","M","?","?","$","M","E","R","E","T","E","M","M","E","?","R","BOSS","M","M","?","$","M","R","E","?","T","R","E","$","E","?","R","BOSS"],"build_version":"2019-07-05","purchased_purges":1,"victory":true,"max_hp_per_floor":[70,70,70,70,70,70,70,70,70,70,70,70,70,70,70,70,70,70,70,70,70,70,70,70,70,70,70,70,70,70,70,70,70,70,70,70,70,70,76,76,76,76,76,76,76,78,78,78,78,78],"card_choices":[{"not_picked":["Redo","Chill"],"picked":"Reinforced Body","floor":0},{"not_picked":["Underhanded Strike","Rebound"],"picked":"Turbo","floor":0},{"not_picked":["Crippling Poison","Deadly Poison"],"picked":"Gash","floor":0},{"not_picked":["Underhanded Strike","Combust"],"picked":"Slice","floor":0},{"not_picked":["Bouncing Flask","Flex"],"picked":"Concentrate","floor":0},{"not_picked":["Heavy Blade","Hello World"],"picked":"Wild Strike","floor":0},{"not_picked":["Havoc","Coolheaded"],"picked":"True Grit","floor":0},{"not_picked":["Intimidate","Coolheaded"],"picked":"Armaments","floor":0},{"not_picked":["Compile Driver","Carnage"],"picked":"Beam Cell","floor":0},{"not_picked":["Blade Dance","Crippling Poison"],"picked":"Ball Lightning","floor":0},{"not_picked":["Darkness","Cloak And Dagger"],"picked":"Reinforced Body","floor":0},{"not_picked":["Leap","Entrench"],"picked":"Gash","floor":0},{"not_picked":["Deadly Poison","Clash"],"picked":"Cleave","floor":0},{"not_picked":["Blade Dance","Twin Strike"],"picked":"Clothesline","floor":0},{"not_picked":["Sentinel","Cloak And Dagger"],"picked":"Prepared","floor":0},{"not_picked":["Chaos","Blizzard"],"picked":"Conserve Battery","floor":1},{"not_picked":["Thunderclap","Riddle With Holes","Blood for Blood"],"picked":"SKIP","floor":3},{"not_picked":["Second Wind","Leap","Rebound"],"picked":"SKIP","floor":4},{"not_picked":["Exhume","Storm of Steel"],"picked":"Reboot","floor":6},{"not_picked":["Twin Strike","Hemokinesis","Sunder","Bouncing Flask"],"picked":"SKIP","floor":7},{"not_picked":["Storm of Steel","Barricade","Envenom"],"picked":"Seek","floor":8},{"not_picked":["Glass Knife","Die Die Die","Brutality"],"picked":"Machine Learning","floor":10},{"not_picked":["Unload","Exhume+1","Berserk"],"picked":"Double Tap+1","floor":12},{"not_picked":["Exhume+1","Feed","Limit Break+1"],"picked":"Machine Learning","floor":16},{"not_picked":["Streamline","Heavy Blade+1","Burning Pact+1","Body Slam"],"picked":"SKIP","floor":18},{"not_picked":["Slice+1","Infernal Blade+1","Beam Cell","Leap+1"],"picked":"SKIP","floor":22},{"not_picked":["Die Die Die","Brutality","Wraith Form v2"],"picked":"After Image","floor":23},{"not_picked":["After Image","Feed","Buffer"],"picked":"Adrenaline+1","floor":25},{"not_picked":["Offering+1","Juggernaut","Bludgeon","Feed"],"picked":"SKIP","floor":27},{"not_picked":["Clothesline+1","Heel Hook","Dual Wield+1","Beam Cell"],"picked":"SKIP","floor":28},{"not_picked":["Tactician+1","Dual Wield+1","Poisoned Stab"],"picked":"Beam Cell+1","floor":29},{"not_picked":["Immolate","Machine Learning","Storm of Steel+1"],"picked":"Reboot+1","floor":30},{"not_picked":["After Image","Offering+1","Creative AI"],"picked":"Echo Form","floor":33},{"not_picked":["Intimidate+1","Eviscerate+1","Loop+1","Headbutt+1"],"picked":"SKIP","floor":35},{"not_picked":["Wild Strike","Quick Slash","Ball Lightning+1","Lockon+1"],"picked":"SKIP","floor":36},{"not_picked":["Metamorphosis+1","Impatience+1","Trip+1"],"picked":"Dramatic Entrance","floor":37},{"not_picked":["Masterful Stab+1","Barrage","Dagger Throw+1","Poisoned Stab+1"],"picked":"SKIP","floor":39},{"not_picked":["Electrodynamics","Wraith Form v2","Unload","Bludgeon"],"picked":"SKIP","floor":41},{"not_picked":["Whirlwind+1","Cold Snap+1","Beam Cell"],"picked":"Rage+1","floor":42},{"not_picked":["Echo Form","Brutality","Demon Form"],"picked":"After Image","floor":45},{"not_picked":["Amplify+1","Die Die Die","Demon Form"],"picked":"Creative AI","floor":47}],"player_experience":363205,"relics_obtained":[{"floor":6,"key":"Question Card"},{"floor":8,"key":"Pen Nib"},{"floor":10,"key":"Toxic Egg 2"},{"floor":12,"key":"Girya"},{"floor":19,"key":"Red Mask"},{"floor":23,"key":"Darkstone Periapt"},{"floor":25,"key":"Sundial"},{"floor":26,"key":"Letter Opener"},{"floor":27,"key":"Vajra"},{"floor":30,"key":"Art of War"},{"floor":41,"key":"MawBank"},{"floor":42,"key":"Ginger"},{"floor":43,"key":"Paper Crane"},{"floor":45,"key":"Nunchaku"},{"floor":47,"key":"Old Coin"},{"floor":48,"key":"Ice Cream"}],"event_choices":[{"damage_healed":0,"gold_gain":0,"player_choice":"Ignored","damage_taken":0,"max_hp_gain":0,"max_hp_loss":0,"event_name":"Liars Game","floor":5,"gold_loss":0},{"damage_healed":0,"gold_gain":75,"player_choice":"Gather Gold","damage_taken":11,"max_hp_gain":0,"max_hp_loss":0,"event_name":"World of Goop","floor":14,"gold_loss":0},{"damage_healed":0,"gold_gain":0,"player_choice":"Fought Bandits","damage_taken":0,"max_hp_gain":0,"max_hp_loss":0,"event_name":"Masked Bandits","floor":19,"gold_loss":0},{"damage_healed":0,"gold_gain":0,"player_choice":"Ignored","damage_taken":0,"max_hp_gain":0,"max_hp_loss":0,"event_name":"Vampires","floor":20,"gold_loss":0},{"damage_healed":0,"gold_gain":99,"player_choice":"Stole From Cult","damage_taken":0,"max_hp_gain":0,"max_hp_loss":0,"event_name":"Nest","floor":31,"gold_loss":0},{"damage_healed":0,"gold_gain":0,"player_choice":"Memory 1","damage_taken":0,"max_hp_gain":0,"max_hp_loss":0,"event_name":"SensoryStone","floor":37,"gold_loss":0},{"damage_healed":0,"gold_gain":0,"player_choice":"Fight","damage_taken":0,"max_hp_gain":0,"max_hp_loss":0,"event_name":"Mysterious Sphere","floor":42,"gold_loss":0},{"damage_healed":0,"gold_gain":0,"player_choice":"Fight","damage_taken":0,"max_hp_gain":0,"max_hp_loss":0,"event_name":"MindBloom","floor":48,"gold_loss":0}],"is_beta":false,"boss_relics":[{"not_picked":["Orrery","Velvet Choker"],"picked":"White Beast Statue"},{"not_picked":["HoveringKite","Runic Dome"],"picked":"Lizard Tail"}],"items_purged_floors":[46],"is_endless":false,"potions_floor_spawned":[3,4,8,12,16,18,19,22,23,25,27,28,29,30,33,35,36,39,41,42,45,47,48],"ascension_level":0}