{"gold_per_floor":[109,109,109,109,34,66,66,80,80,111,138,150,187,199,211,327,339,370,398,10,22,34,34,63,63],"floor_reached":25,"playtime":2479,"items_purged":["Strike_B"],"score":335,"play_id":"195ff210-46ff-4c2b-8a9c-c7baaddbcc40","local_time":"20190711201651","is_ascension_mode":true,"campfire_choices":[{"data":"Streamline","floor":7,"key":"SMITH"},{"floor":12,"key":"REST"},{"data":"Zap","floor":15,"key":"SMITH"},{"floor":23,"key":"REST"}],"neow_cost":"NONE","seed_source_timestamp":95335072824183,"circlet_count":0,"master_deck":["Strike_B+1","Defend_B+1","Defend_B","Defend_B+1","Zap+1","Dualcast","Streamline+1","Gash","Coolheaded+1","Streamline+1","Tempest","Self Repair","Machine Learning","Rip and Tear+1","FTL","Go for the Eyes"],"relics":["Empty Cage","Ornamental Fan","Dodecahedron","MawBank","Pantograph","Nuclear Battery","Whetstone","Cables","Blood Vial"],"potions_floor_usage":[6,16,19],"damage_taken":[{"damage":5,"enemies":"Cultist","floor":1,"turns":5},{"damage":22,"enemies":"Lagavulin","floor":6,"turns":7},{"damage":1,"enemies":"Small Slimes","floor":8,"turns":4},{"damage":7,"enemies":"3 Sentries","floor":10,"turns":9},{"damage":12,"enemies":"Jaw Worm","floor":11,"turns":2},{"damage":13,"enemies":"Gremlin Nob","floor":13,"turns":4},{"damage":56,"enemies":"Hexaghost","floor":16,"turns":10},{"damage":21,"enemies":"2 Thieves","floor":18,"turns":4},{"damage":31,"enemies":"3 Byrds","floor":19,"turns":6},{"damage":12,"enemies":"Snecko","floor":21,"turns":4},{"damage":23,"enemies":"Centurion and Healer","floor":22,"turns":4},{"damage":32,"enemies":"Slavers","floor":24,"turns":8},{"damage":15,"enemies":"Snake Plant","floor":25,"turns":1}],"seed_played":"7395630426811341377","potions_obtained":[{"floor":1,"key":"Regen Potion"},{"floor":13,"key":"Ancient Potion"},{"floor":18,"key":"Regen Potion"},{"floor":19,"key":"LiquidBronze"}],"is_trial":false,"path_per_floor":["M","?","?","?","$","E","R","M","T","E","M","R","E","?","R","B",null,"M","M","$","M","M","R","E","M"],"character_chosen":"DEFECT","items_purchased":["Whetstone","Cables"],"campfire_rested":2,"item_purchase_floors":[20,20],"current_hp_per_floor":[63,48,48,53,53,46,46,45,45,38,26,50,37,37,37,13,63,42,32,32,27,11,35,10,0],"gold":63,"neow_bonus":"BOSS_RELIC","is_prod":false,"is_daily":false,"chose_seed":false,"campfire_upgraded":2,"win_rate":0,"timestamp":1562890611,"path_taken":["M","?","?","?","$","E","R","?","T","E","M","R","E","?","R","BOSS","M","M","$","M","M","R","E","?"],"build_version":"2019-07-05","purchased_purges":1,"victory":false,"max_hp_per_floor":[75,75,75,80,80,80,80,80,80,80,80,80,80,80,80,80,80,80,80,80,80,80,80,80,80],"card_choices":[{"not_picked":["Chill","Gash"],"picked":"Streamline","floor":1},{"not_picked":["Sunder","Steam"],"picked":"Gash","floor":6},{"not_picked":["Fusion","Force Field"],"picked":"Coolheaded","floor":8},{"not_picked":["Turbo","Thunder Strike"],"picked":"Streamline","floor":10},{"not_picked":["Sweeping Beam","Steam Power"],"picked":"Tempest","floor":11},{"not_picked":["Doom and Gloom","Leap"],"picked":"Self Repair","floor":13},{"not_picked":["Hyperbeam","Amplify"],"picked":"Machine Learning","floor":16},{"not_picked":["Stack+1","Streamline","Ball Lightning+1"],"picked":"SKIP","floor":18},{"not_picked":["Redo","Leap"],"picked":"Rip and Tear+1","floor":19},{"not_picked":["Tempest","Rip and Tear","Ball Lightning"],"picked":"SKIP","floor":21},{"not_picked":["White Noise","Capacitor"],"picked":"FTL","floor":22},{"not_picked":["Sweeping Beam","Aggregate"],"picked":"Go for the Eyes","floor":24}],"player_experience":202196,"relics_obtained":[{"floor":6,"key":"Ornamental Fan"},{"floor":9,"key":"Dodecahedron"},{"floor":10,"key":"MawBank"},{"floor":13,"key":"Pantograph"},{"floor":24,"key":"Blood Vial"}],"event_choices":[{"damage_healed":0,"gold_gain":0,"player_choice":"Entered Light","damage_taken":15,"max_hp_gain":0,"max_hp_loss":0,"event_name":"Shining Light","floor":2,"gold_loss":0,"cards_upgraded":["Defend_B","Defend_B"]},{"cards_removed":["Defend_B"],"damage_healed":0,"gold_gain":0,"player_choice":"Forget","damage_taken":0,"max_hp_gain":0,"max_hp_loss":0,"event_name":"Living Wall","floor":3,"gold_loss":0},{"damage_healed":0,"gold_gain":0,"player_choice":"Donut","damage_taken":0,"max_hp_gain":5,"max_hp_loss":0,"event_name":"Big Fish","floor":4,"gold_loss":0},{"damage_healed":0,"gold_gain":0,"player_choice":"Upgraded","damage_taken":0,"max_hp_gain":0,"max_hp_loss":0,"event_name":"Upgrade Shrine","floor":14,"gold_loss":0,"cards_upgraded":["Coolheaded"]}],"is_beta":false,"boss_relics":[{"not_picked":["Calling Bell","Runic Dome"],"picked":"Nuclear Battery"}],"items_purged_floors":[5],"is_endless":false,"potions_floor_spawned":[1,13,18,19],"killed_by":"Snake Plant","ascension_level":8}