{"gold_per_floor":[109,109,124,139,139,166,166,181,226,254,270,270,287,287,287,383,383,393,393,413,328,603,603,603],"floor_reached":24,"playtime":919,"items_purged":[],"score":308,"play_id":"2a8b0194-5718-4b47-a33c-b12a16e6086c","local_time":"20181212205100","is_ascension_mode":true,"campfire_choices":[{"floor":7,"key":"REST"},{"data":"Reaper","floor":12,"key":"SMITH"},{"data":"Flex","floor":15,"key":"SMITH"},{"floor":23,"key":"RECALL"}],"neow_cost":"NONE","seed_source_timestamp":471865202725370,"circlet_count":0,"master_deck":["Strike_R","Strike_R","Strike_R","Strike_R","Strike_R","Defend_R","Defend_R","Defend_R","Defend_R","Bash+1","Shrug It Off","Cleave","Cleave","Flex+1","Shrug It Off","Reaper+1","Iron Wave","Feed","Iron Wave","Spot Weakness","Regret"],"relics":["Burning Blood","Gremlin Horn","Anchor","Mango","Lizard Tail","MutagenicStrength","Calipers"],"potions_floor_usage":[4,18,18,24],"damage_taken":[{"damage":7,"enemies":"Small Slimes","floor":1,"turns":3},{"damage":6,"enemies":"Cultist","floor":3,"turns":3},{"damage":7,"enemies":"Jaw Worm","floor":4,"turns":3},{"damage":32,"enemies":"Gremlin Nob","floor":6,"turns":4},{"damage":6,"enemies":"Exordium Wildlife","floor":8,"turns":2},{"damage":24,"enemies":"3 Sentries","floor":10,"turns":4},{"damage":1,"enemies":"Looter","floor":11,"turns":2},{"damage":3,"enemies":"Blue Slaver","floor":13,"turns":5},{"damage":86,"enemies":"The Guardian","floor":16,"turns":16},{"damage":29,"enemies":"Shell Parasite","floor":18,"turns":4},{"damage":24,"enemies":"2 Thieves","floor":20,"turns":4},{"damage":110,"enemies":"Book of Stabbing","floor":24,"turns":8}],"seed_played":"8036123266288271831","potions_obtained":[{"floor":3,"key":"Fruit Juice"},{"floor":6,"key":"Ancient Potion"},{"floor":8,"key":"Dexterity Potion"},{"floor":16,"key":"SkillPotion"},{"floor":18,"key":"Fruit Juice"}],"is_trial":false,"path_per_floor":["M","?","M","M","$","E","R","M","T","E","M","R","M","T","R","B",null,"M","?","M","?","?","R","E"],"character_chosen":"IRONCLAD","items_purchased":[],"campfire_rested":1,"item_purchase_floors":[],"current_hp_per_floor":[87,87,87,91,91,65,92,92,92,74,79,79,87,101,101,26,87,69,69,59,59,59,59,23],"gold":603,"neow_bonus":"TEN_PERCENT_HP_BONUS","is_prod":false,"is_daily":false,"chose_seed":false,"campfire_upgraded":2,"win_rate":0,"timestamp":1544644260,"path_taken":["M","?","M","?","?","E","R","M","T","E","M","R","M","?","R","BOSS","M","?","M","?","?","R","E"],"build_version":"2018-12-06","purchased_purges":0,"victory":false,"max_hp_per_floor":[88,88,88,93,93,93,93,93,93,93,93,93,93,107,107,107,107,112,112,115,115,115,115,115],"card_choices":[{"not_picked":["Clothesline","Clash"],"picked":"Shrug It Off","floor":1},{"not_picked":["Heavy Blade","Perfected Strike"],"picked":"Cleave","floor":3},{"not_picked":["Perfected Strike","Armaments"],"picked":"Cleave","floor":4},{"not_picked":["True Grit","Uppercut"],"picked":"Flex","floor":6},{"not_picked":["Second Wind","Rupture"],"picked":"Shrug It Off","floor":8},{"not_picked":["Blood for Blood","Havoc"],"picked":"Reaper","floor":10},{"not_picked":["Havoc","Dual Wield","Headbutt"],"picked":"SKIP","floor":11},{"not_picked":["Pommel Strike","Anger"],"picked":"Iron Wave","floor":13},{"not_picked":["Impervious","Offering"],"picked":"Feed","floor":16},{"not_picked":["Havoc","Headbutt"],"picked":"Iron Wave","floor":18},{"not_picked":["Heavy Blade+1","Twin Strike+1"],"picked":"Spot Weakness","floor":20}],"player_experience":330789,"relics_obtained":[{"floor":6,"key":"Gremlin Horn"},{"floor":10,"key":"Anchor"},{"floor":14,"key":"Mango"}],"event_choices":[{"damage_healed":0,"gold_gain":0,"player_choice":"Upgraded","damage_taken":0,"max_hp_gain":0,"max_hp_loss":0,"event_name":"Upgrade Shrine","floor":2,"gold_loss":0,"cards_upgraded":["Bash"]},{"damage_healed":0,"gold_gain":0,"player_choice":"Inject Mutagens","damage_taken":0,"relics_obtained":["MutagenicStrength"],"max_hp_gain":0,"max_hp_loss":0,"event_name":"Drug Dealer","floor":19,"gold_loss":0},{"damage_healed":0,"gold_gain":0,"player_choice":"Obtained Relic","damage_taken":0,"relics_obtained":["Calipers"],"max_hp_gain":0,"max_hp_loss":0,"event_name":"Addict","floor":21,"gold_loss":85},{"damage_healed":0,"gold_gain":275,"player_choice":"Desecrate","damage_taken":0,"max_hp_gain":0,"max_hp_loss":0,"event_name":"Golden Shrine","floor":22,"gold_loss":0,"cards_obtained":["Regret"]}],"is_beta":false,"boss_relics":[{"not_picked":["Velvet Choker","Runic Pyramid"],"picked":"Lizard Tail"}],"items_purged_floors":[],"is_endless":false,"potions_floor_spawned":[3,6,8,16,18],"killed_by":"Book of Stabbing","ascension_level":5}