{"gold_per_floor":[14,33,43,43,57,57,75,75,150,161,190,40,74,87,87,164,164,184,198,59,59,74,102,102,130,187,207,218,246,261,278,278,349,349,360,72,83,83,134,162,162,189,242,242,242,277,297,328,328,328,328,328,328,32,60,60],"floor_reached":57,"playtime":6910,"items_purged":["Strike_B","Strike_B"],"score":2888,"play_id":"c7982048-fbe3-4f1b-afbb-248e56af650d","local_time":"20190820215932","is_ascension_mode":true,"campfire_choices":[{"data":"Zap","floor":6,"key":"SMITH"},{"data":"Undo","floor":8,"key":"SMITH"},{"data":"Static Discharge","floor":15,"key":"SMITH"},{"floor":24,"key":"REST"},{"floor":32,"key":"REST"},{"floor":41,"key":"RECALL"},{"floor":44,"key":"REST"},{"floor":49,"key":"REST"},{"floor":53,"key":"REST"}],"neow_cost":"NO_GOLD","seed_source_timestamp":4177998851000,"circlet_count":0,"master_deck":["AscendersBane","Defend_B","Defend_B","Defend_B","Defend_B","Zap+1","Dualcast","Undo+1","Ball Lightning","Gash","BootSequence","Consume+1","Leap","Electrodynamics","Static Discharge+1","Machine Learning","Defragment","Go for the Eyes","Stack","Echo Form","Heatsinks","Leap","Defragment","Echo Form","FTL","White Noise","Cold Snap","Self Repair","Force Field","Gash+1","Thunder Strike+1","Writhe","Apotheosis","Glacier","Storm","Reinforced Body+1","Leap+1","Stack","Ball Lightning+1","Hologram","Glacier","Reinforced Body","Heatsinks+1","Capacitor+1"],"relics":["Cracked Core","Pantograph","Gambling Chip","Omamori","Fusion Hammer","Meat on the Bone","Matryoshka","Tiny Chest","Ancient Tea Set","Molten Egg 2","Calling Bell","Bronze Scales","Ornamental Fan","Bird Faced Urn","Strawberry","Du-Vu Doll","Regal Pillow","Dream Catcher","Bag of Preparation","Mango","Turnip","Frozen Egg 2","Happy Flower","Gremlin Horn"],"potions_floor_usage":[13,23,28,29,33,39,40,56,56],"damage_taken":[{"damage":0,"enemies":"Cultist","floor":1,"turns":3},{"damage":0,"enemies":"Small Slimes","floor":2,"turns":4},{"damage":0,"enemies":"2 Louse","floor":3,"turns":2},{"damage":3,"enemies":"Exordium Wildlife","floor":5,"turns":6},{"damage":3,"enemies":"Lots of Slimes","floor":7,"turns":4},{"damage":0,"enemies":"Looter","floor":10,"turns":3},{"damage":4,"enemies":"3 Sentries","floor":11,"turns":3},{"damage":0,"enemies":"Gremlin Nob","floor":13,"turns":3},{"damage":0,"enemies":"Blue Slaver","floor":14,"turns":3},{"damage":38,"enemies":"The Guardian","floor":16,"turns":8},{"damage":8,"enemies":"Shell Parasite","floor":18,"turns":4},{"damage":0,"enemies":"3 Byrds","floor":19,"turns":1},{"damage":16,"enemies":"Cultist and Chosen","floor":22,"turns":4},{"damage":16,"enemies":"Book of Stabbing","floor":23,"turns":4},{"damage":17,"enemies":"Slavers","floor":25,"turns":3},{"damage":3,"enemies":"3 Cultists","floor":27,"turns":3},{"damage":15,"enemies":"Centurion and Healer","floor":28,"turns":4},{"damage":17,"enemies":"Gremlin Leader","floor":29,"turns":7},{"damage":23,"enemies":"Shelled Parasite and Fungi","floor":30,"turns":6},{"damage":2,"enemies":"3 Cultists","floor":31,"turns":3},{"damage":53,"enemies":"Champ","floor":33,"turns":9},{"damage":26,"enemies":"3 Darklings","floor":35,"turns":5},{"damage":2,"enemies":"3 Shapes","floor":37,"turns":4},{"damage":45,"enemies":"2 Orb Walkers","floor":39,"turns":4},{"damage":30,"enemies":"Reptomancer","floor":40,"turns":4},{"damage":47,"enemies":"Nemesis","floor":42,"turns":7},{"damage":4,"enemies":"Giant Head","floor":46,"turns":5},{"damage":23,"enemies":"Writhing Mass","floor":47,"turns":6},{"damage":34,"enemies":"Nemesis","floor":48,"turns":9},{"damage":36,"enemies":"Time Eater","floor":50,"turns":11},{"damage":46,"enemies":"Donu and Deca","floor":51,"turns":9},{"damage":82,"enemies":"Shield and Spear","floor":55,"turns":6},{"damage":71,"enemies":"The Heart","floor":56,"turns":11}],"seed_played":"3107955180484879711","potions_obtained":[{"floor":3,"key":"FocusPotion"},{"floor":5,"key":"AttackPotion"},{"floor":14,"key":"FearPotion"},{"floor":18,"key":"Energy Potion"},{"floor":23,"key":"Explosive Potion"},{"floor":28,"key":"SteroidPotion"},{"floor":31,"key":"FearPotion"},{"floor":35,"key":"SkillPotion"},{"floor":39,"key":"SkillPotion"},{"floor":48,"key":"FocusPotion"}],"is_trial":false,"path_per_floor":["M","M","M","?","M","R","M","R","T","M","E","$","E","M","R","B",null,"M","M","$","?","M","E","R","E","T","M","M","E","M","M","R","B",null,"M","$","M","T","?","E","R","E","T","R","T","E","M","E","R","B","B",null,"R","$","E","B",null],"character_chosen":"DEFECT","items_purchased":["Defragment","Defragment","Apotheosis","Glacier","Happy Flower","Heatsinks+1","Weak Potion"],"campfire_rested":5,"item_purchase_floors":[12,20,36,36,54,54,54],"current_hp_per_floor":[64,64,64,64,61,61,58,58,58,58,54,54,54,54,54,33,62,54,54,54,54,38,22,43,38,38,47,44,46,49,54,71,37,63,71,71,70,77,50,55,55,44,44,78,92,92,78,92,92,92,76,88,92,92,38,54],"gold":60,"neow_bonus":"TRANSFORM_TWO_CARDS","is_prod":false,"is_daily":false,"chose_seed":false,"campfire_upgraded":3,"win_rate":0,"timestamp":1566352772,"path_taken":["M","?","M","?","M","R","M","R","T","?","E","$","E","M","R","BOSS","M","M","$","?","M","E","R","E","T","M","M","E","M","?","R","BOSS","M","$","M","?","?","E","R","E","T","R","?","E","?","E","R","BOSS","BOSS","R","$","E","BOSS"],"build_version":"2019-07-17","purchased_purges":2,"victory":true,"max_hp_per_floor":[71,71,71,71,71,71,71,71,71,71,71,71,71,71,71,71,71,71,71,71,71,71,71,71,71,71,71,71,71,71,71,71,71,71,71,71,71,78,78,78,78,78,78,78,92,92,92,92,92,92,92,92,92,92,92,92],"card_choices":[{"not_picked":["Turbo","Conserve Battery"],"picked":"Gash","floor":1},{"not_picked":["Cold Snap","Go for the Eyes"],"picked":"BootSequence","floor":2},{"not_picked":["Double Energy","Sweeping Beam"],"picked":"Consume","floor":3},{"not_picked":["Beam Cell","Streamline"],"picked":"Leap","floor":5},{"not_picked":["Hello World","Steam"],"picked":"Electrodynamics","floor":7},{"not_picked":["Steam","Go for the Eyes"],"picked":"Static Discharge","floor":10},{"not_picked":["Barrage","Hologram"],"picked":"Machine Learning","floor":11},{"not_picked":["Streamline","Compile Driver"],"picked":"Go for the Eyes","floor":13},{"not_picked":["Beam Cell","Compile Driver"],"picked":"Stack","floor":14},{"not_picked":["Rainbow","Reboot"],"picked":"Echo Form","floor":16},{"not_picked":["Streamline","Compile Driver"],"picked":"Heatsinks","floor":18},{"not_picked":["Compile Driver","Beam Cell+1"],"picked":"Leap","floor":19},{"not_picked":["Blizzard","Fission"],"picked":"FTL","floor":22},{"not_picked":["Turbo","Go for the Eyes"],"picked":"White Noise","floor":23},{"not_picked":["Scrape","Static Discharge"],"picked":"Cold Snap","floor":25},{"not_picked":["Fusion","Streamline+1","Redo"],"picked":"SKIP","floor":27},{"not_picked":["Gash","Fission"],"picked":"Self Repair","floor":28},{"not_picked":["Steam","Buffer"],"picked":"Force Field","floor":29},{"not_picked":["Sweeping Beam+1","Scrape+1"],"picked":"Gash+1","floor":30},{"not_picked":["Leap","Beam Cell+1","Rebound+1"],"picked":"SKIP","floor":31},{"not_picked":["Electrodynamics","Echo Form"],"picked":"Thunder Strike+1","floor":33},{"not_picked":["Self Repair+1","Rebound+1","Reprogram"],"picked":"SKIP","floor":35},{"not_picked":["Loop","Redo"],"picked":"Storm","floor":37},{"not_picked":["Gash+1","Tempest"],"picked":"Reinforced Body+1","floor":39},{"not_picked":["Cold Snap+1","Conserve Battery","Gash+1"],"picked":"SKIP","floor":40},{"not_picked":["Barrage+1","Steam","Consume+1"],"picked":"SKIP","floor":42},{"not_picked":["Electrodynamics","Barrage+1"],"picked":"Leap+1","floor":44},{"not_picked":["Conserve Battery","Genetic Algorithm"],"picked":"Stack","floor":46},{"not_picked":["Turbo","Darkness+1"],"picked":"Ball Lightning+1","floor":47},{"not_picked":["Doom and Gloom+1","Sweeping Beam+1"],"picked":"Hologram","floor":48},{"not_picked":["Chaos+1","Conserve Battery"],"picked":"Glacier","floor":49},{"not_picked":["Lockon+1","Fission"],"picked":"Reinforced Body","floor":53},{"not_picked":["Redo+1","Lockon+1"],"picked":"Capacitor+1","floor":55}],"player_experience":424787,"relics_obtained":[{"floor":9,"key":"Pantograph"},{"floor":11,"key":"Gambling Chip"},{"floor":13,"key":"Omamori"},{"floor":23,"key":"Meat on the Bone"},{"floor":25,"key":"Matryoshka"},{"floor":26,"key":"Tiny Chest"},{"floor":26,"key":"Ancient Tea Set"},{"floor":29,"key":"Molten Egg 2"},{"floor":34,"key":"Bronze Scales"},{"floor":34,"key":"Ornamental Fan"},{"floor":34,"key":"Bird Faced Urn"},{"floor":38,"key":"Strawberry"},{"floor":39,"key":"Du-Vu Doll"},{"floor":40,"key":"Regal Pillow"},{"floor":42,"key":"Dream Catcher"},{"floor":43,"key":"Bag of Preparation"},{"floor":45,"key":"Mango"},{"floor":46,"key":"Turnip"},{"floor":48,"key":"Frozen Egg 2"},{"floor":55,"key":"Gremlin Horn"}],"event_choices":[{"damage_healed":0,"gold_gain":0,"player_choice":"Upgraded","damage_taken":0,"max_hp_gain":0,"max_hp_loss":0,"event_name":"Upgrade Shrine","floor":4,"gold_loss":0,"cards_upgraded":["Consume"]},{"damage_healed":0,"gold_gain":0,"player_choice":"Copied","damage_taken":0,"max_hp_gain":0,"max_hp_loss":0,"event_name":"Duplicator","floor":21,"gold_loss":0,"cards_obtained":["Echo Form"]},{"damage_healed":0,"gold_gain":0,"player_choice":"Fight","damage_taken":0,"max_hp_gain":0,"max_hp_loss":0,"event_name":"Mysterious Sphere","floor":39,"gold_loss":0}],"is_beta":false,"boss_relics":[{"not_picked":["Black Star","Runic Pyramid"],"picked":"Fusion Hammer"},{"not_picked":["Eternal Feather","Runic Dome"],"picked":"Calling Bell"}],"items_purged_floors":[12,20],"is_endless":false,"potions_floor_spawned":[3,5,7,14,18,23,28,31,35,39,48,55],"ascension_level":20}