{"gold_per_floor":[113,113,63,40,57,84,84,103,127,52,52,77,101,121,121,219,219,238,59,75,89,89,89,89],"floor_reached":24,"playtime":1421,"items_purged":["Strike_R","Strike_R"],"score":204,"play_id":"405b7740-2b46-455f-ae2b-5e6fdfb33084","local_time":"20181227180933","is_ascension_mode":false,"campfire_choices":[{"data":"Body Slam","floor":7,"key":"SMITH"},{"data":"True Grit","floor":11,"key":"SMITH"},{"floor":15,"key":"REST"},{"floor":23,"key":"REST"}],"neow_cost":"NONE","seed_source_timestamp":253051643725421,"circlet_count":0,"master_deck":["Strike_R","Strike_R","Defend_R","Defend_R","Defend_R+1","Defend_R","Bash","Shrug It Off+1","True Grit+1","Clothesline","Body Slam+1","Anger","Body Slam","Barricade","Flame Barrier+1","Offering","Shrug It Off"],"relics":["Black Blood","Potion Belt","Boot","War Paint","Lantern","Oddly Smooth Stone"],"potions_floor_usage":[21,21,24],"damage_taken":[{"damage":5,"enemies":"2 Louse","floor":1,"turns":4},{"damage":6,"enemies":"Jaw Worm","floor":5,"turns":4},{"damage":24,"enemies":"Gremlin Nob","floor":6,"turns":5},{"damage":1,"enemies":"Cultist","floor":8,"turns":4},{"damage":22,"enemies":"3 Sentries","floor":12,"turns":9},{"damage":5,"enemies":"Exordium Wildlife","floor":14,"turns":3},{"damage":34,"enemies":"Hexaghost","floor":16,"turns":10},{"damage":42,"enemies":"Spheric Guardian","floor":18,"turns":9},{"damage":0,"enemies":"Chosen","floor":20,"turns":6},{"damage":50,"enemies":"3 Cultists","floor":21,"turns":7},{"damage":45,"enemies":"Cultist and Chosen","floor":24,"turns":9}],"seed_played":"407407252039876599","potions_obtained":[{"floor":1,"key":"Strength Potion"},{"floor":12,"key":"AttackPotion"},{"floor":20,"key":"Explosive Potion"},{"floor":21,"key":"Block Potion"}],"is_trial":false,"path_per_floor":["M","?","?","$","M","E","R","M","T","$","R","E","T","M","R","B",null,"M","$","M","M","$","R","M"],"character_chosen":"IRONCLAD","items_purchased":["True Grit","Offering"],"campfire_rested":2,"item_purchase_floors":[4,19],"current_hp_per_floor":[80,80,80,80,80,62,62,67,67,67,67,51,51,52,76,48,80,48,48,58,18,18,42,0],"gold":89,"neow_bonus":"RANDOM_COMMON_RELIC","is_prod":false,"is_daily":false,"chose_seed":false,"campfire_upgraded":2,"win_rate":0,"timestamp":1545901773,"path_taken":["M","?","?","$","?","E","R","M","T","?","R","E","?","?","R","BOSS","M","$","M","M","$","R","M"],"build_version":"2018-12-20","purchased_purges":2,"victory":false,"max_hp_per_floor":[80,80,80,80,80,80,80,80,80,80,80,80,80,80,80,80,80,80,80,80,80,80,80,80],"card_choices":[{"not_picked":["Burning Pact","Evolve"],"picked":"Shrug It Off","floor":1},{"not_picked":["Flex","Cleave"],"picked":"Clothesline","floor":5},{"not_picked":["Infernal Blade","Anger"],"picked":"Body Slam","floor":6},{"not_picked":["Shrug It Off","Corruption"],"picked":"Anger","floor":8},{"not_picked":["Headbutt","Inflame"],"picked":"Body Slam","floor":12},{"not_picked":["Bloodletting","Flex","Thunderclap"],"picked":"SKIP","floor":14},{"not_picked":["Reaper","Immolate"],"picked":"Barricade","floor":16},{"not_picked":["Shrug It Off","Iron Wave"],"picked":"Flame Barrier+1","floor":18},{"not_picked":["True Grit","Rage"],"picked":"Shrug It Off","floor":20},{"not_picked":["Clothesline","Twin Strike+1","Warcry"],"picked":"SKIP","floor":21}],"player_experience":15465,"relics_obtained":[{"floor":6,"key":"Boot"},{"floor":9,"key":"War Paint"},{"floor":12,"key":"Lantern"},{"floor":13,"key":"Oddly Smooth Stone"}],"event_choices":[{"damage_healed":0,"gold_gain":0,"player_choice":"Ignored","damage_taken":0,"max_hp_gain":0,"max_hp_loss":0,"event_name":"Liars Game","floor":2,"gold_loss":0},{"cards_removed":["Strike_R"],"damage_healed":0,"gold_gain":0,"player_choice":"Card Removal","damage_taken":0,"max_hp_gain":0,"max_hp_loss":0,"event_name":"The Cleric","floor":3,"gold_loss":50}],"is_beta":false,"boss_relics":[{"not_picked":["Snecko Eye","Lizard Tail"],"picked":"Black Blood"}],"items_purged_floors":[10,19],"is_endless":false,"potions_floor_spawned":[1,12,20,21],"killed_by":"Cultist and Chosen","ascension_level":0}