{"gold_per_floor":[110,110,120,53,69,69,96,96,141,158,113,127,159,159,159,261,261,280,290,240,250,250,250,265,323,323,342,397,417,417],"floor_reached":30,"playtime":1185,"items_purged":[],"score":339,"play_id":"b9a55ee5-81cf-405a-b07d-24117983ac6b","local_time":"20181125113347","is_ascension_mode":true,"campfire_choices":[{"data":"Spot Weakness","floor":6,"key":"SMITH"},{"data":"Anger","floor":8,"key":"SMITH"},{"data":"Metallicize","floor":15,"key":"SMITH"},{"data":"Limit Break","floor":23,"key":"SMITH"}],"neow_cost":"NONE","seed_source_timestamp":645140983772062,"circlet_count":0,"master_deck":["Strike_R","Strike_R","Strike_R","Strike_R","Defend_R","Defend_R+1","Defend_R","Bash","Second Wind+1","Clash","Anger+1","Metallicize+1","Spot Weakness+1","Clash","Clash","Reckless Charge","Limit Break+1","Perfected Strike+1","Clash","Corruption+1","Evolve","Flex+1","Seeing Red+1"],"relics":["Burning Blood","Bag of Marbles","Oddly Smooth Stone","Self Forming Clay","Velvet Choker","Tiny Chest","Sundial","War Paint"],"potions_floor_usage":[13,25,25,30],"damage_taken":[{"damage":0,"enemies":"2 Louse","floor":1,"turns":3},{"damage":6,"enemies":"Cultist","floor":3,"turns":3},{"damage":7,"enemies":"Small Slimes","floor":5,"turns":2},{"damage":10,"enemies":"Gremlin Nob","floor":7,"turns":3},{"damage":2,"enemies":"Gremlin Gang","floor":10,"turns":4},{"damage":3,"enemies":"Large Slime","floor":12,"turns":5},{"damage":9,"enemies":"3 Sentries","floor":13,"turns":7},{"damage":44,"enemies":"The Guardian","floor":16,"turns":7},{"damage":20,"enemies":"3 Byrds","floor":18,"turns":5},{"damage":12,"enemies":"Shell Parasite","floor":19,"turns":2},{"damage":15,"enemies":"Centurion and Healer","floor":21,"turns":4},{"damage":13,"enemies":"3 Cultists","floor":24,"turns":4},{"damage":14,"enemies":"Book of Stabbing","floor":25,"turns":4},{"damage":20,"enemies":"Snake Plant","floor":27,"turns":3},{"damage":19,"enemies":"Cultist and Chosen","floor":29,"turns":5},{"damage":12,"enemies":"Shelled Parasite and Fungi","floor":30,"turns":2}],"seed_played":"1557123358239532830","potions_obtained":[{"floor":5,"key":"BloodPotion"},{"floor":7,"key":"Ancient Potion"},{"floor":16,"key":"Weak Potion"},{"floor":21,"key":"LiquidBronze"},{"floor":29,"key":"Weak Potion"}],"is_trial":false,"path_per_floor":["M","?","M","$","M","R","E","R","T","M","$","M","E","?","R","B",null,"M","M","?","M","$","R","M","E","T","M","T","M","M"],"character_chosen":"IRONCLAD","items_purchased":["Metallicize","Clash"],"campfire_rested":0,"item_purchase_floors":[4,11],"current_hp_per_floor":[80,72,72,72,71,71,67,67,67,71,71,74,79,79,79,41,80,66,60,60,51,51,51,44,36,36,22,22,9,0],"gold":417,"neow_bonus":"TRANSFORM_CARD","is_prod":false,"is_daily":false,"chose_seed":false,"campfire_upgraded":4,"win_rate":0,"timestamp":1543142027,"path_taken":["M","?","M","?","M","R","E","R","T","M","$","?","E","?","R","BOSS","M","?","?","M","$","R","M","E","T","?","?","M","M"],"build_version":"2018-11-15","purchased_purges":0,"victory":false,"max_hp_per_floor":[80,80,80,80,80,80,80,80,80,80,80,80,80,80,80,80,80,80,80,80,80,80,80,80,80,80,80,80,80,80],"card_choices":[{"not_picked":["Sword Boomerang","Cleave"],"picked":"Clash","floor":1},{"not_picked":["Entrench","Wild Strike"],"picked":"Anger","floor":3},{"not_picked":["Whirlwind","Iron Wave"],"picked":"Spot Weakness","floor":5},{"not_picked":["Offering","Sword Boomerang","True Grit"],"picked":"SKIP","floor":7},{"not_picked":["Combust","Perfected Strike"],"picked":"Clash","floor":10},{"not_picked":["Whirlwind","True Grit","Power Through"],"picked":"SKIP","floor":12},{"not_picked":["Wild Strike","Shockwave","Whirlwind"],"picked":"SKIP","floor":13},{"not_picked":["Bludgeon","Dark Embrace"],"picked":"Limit Break","floor":16},{"not_picked":["Seeing Red","Power Through+1"],"picked":"Perfected Strike+1","floor":18},{"not_picked":["Sword Boomerang+1","Bloodletting"],"picked":"Clash","floor":19},{"not_picked":["Reckless Charge","Twin Strike"],"picked":"Corruption+1","floor":21},{"not_picked":["Twin Strike","Perfected Strike"],"picked":"Evolve","floor":24},{"not_picked":["Fire Breathing","Thunderclap","Intimidate"],"picked":"SKIP","floor":25},{"not_picked":["Headbutt","Heavy Blade+1"],"picked":"Flex+1","floor":27},{"not_picked":["Disarm","Cleave"],"picked":"Seeing Red+1","floor":29}],"player_experience":311168,"relics_obtained":[{"floor":7,"key":"Bag of Marbles"},{"floor":9,"key":"Oddly Smooth Stone"},{"floor":13,"key":"Self Forming Clay"},{"floor":25,"key":"Tiny Chest"},{"floor":26,"key":"Sundial"},{"floor":28,"key":"War Paint"}],"event_choices":[{"damage_healed":0,"gold_gain":0,"player_choice":"Damaged","damage_taken":8,"max_hp_gain":0,"max_hp_loss":0,"event_name":"Wheel of Change","floor":2,"gold_loss":0},{"damage_healed":0,"gold_gain":0,"cards_transformed":["Defend_R"],"player_choice":"Transformed","damage_taken":0,"max_hp_gain":0,"max_hp_loss":0,"event_name":"Transmorgrifier","floor":14,"gold_loss":0,"cards_obtained":["Reckless Charge"]},{"damage_healed":0,"gold_gain":0,"player_choice":"Bet on Owner","damage_taken":0,"max_hp_gain":0,"max_hp_loss":0,"event_name":"The Joust","floor":20,"gold_loss":50}],"is_beta":false,"boss_relics":[{"not_picked":["Black Blood","Runic Dome"],"picked":"Velvet Choker"}],"items_purged_floors":[],"is_endless":false,"potions_floor_spawned":[5,7,16,21,24,29],"killed_by":"Shelled Parasite and Fungi","ascension_level":4}