{"gold_per_floor":[117,127,2,2,20,20,50,50,50,82,82,97,147,147,147,224,224,234,102,118,78,96,96,128,143,143,143],"floor_reached":27,"playtime":2050,"items_purged":["Strike_R"],"score":437,"play_id":"a4276465-1f72-47ad-85f1-90c6a23fedb0","local_time":"20190829112550","is_ascension_mode":true,"campfire_choices":[{"data":"Corruption","floor":6,"key":"SMITH"},{"data":"Armaments","floor":8,"key":"SMITH"},{"floor":11,"key":"REST"},{"data":"True Grit","floor":15,"key":"SMITH"},{"floor":23,"key":"REST"}],"neow_cost":"NONE","seed_source_timestamp":825620913788700,"circlet_count":0,"master_deck":["AscendersBane","Strike_R","Strike_R","Strike_R","Strike_R","Defend_R","Defend_R","Defend_R","Defend_R","Bash","Corruption+1","Warcry","Burning Pact","Shockwave","Metallicize","Burning Pact","Armaments+1","Immolate","True Grit+1","Barricade","Ghostly Armor","Warcry","Body Slam","Intimidate","Uppercut","Body Slam","Flame Barrier+1","Ghostly Armor","Headbutt","Pommel Strike+1"],"relics":["Burning Blood","GremlinMask","StoneCalendar","Pocketwatch","Kunai","Orrery","Dream Catcher","Ginger"],"potions_floor_usage":[7,14,16,24,27],"damage_taken":[{"damage":12,"enemies":"Small Slimes","floor":1,"turns":4},{"damage":15,"enemies":"Cultist","floor":2,"turns":5},{"damage":0,"enemies":"2 Louse","floor":5,"turns":4},{"damage":21,"enemies":"Lagavulin","floor":7,"turns":7},{"damage":37,"enemies":"3 Sentries","floor":10,"turns":7},{"damage":0,"enemies":"Looter","floor":12,"turns":3},{"damage":0,"enemies":"Lots of Slimes","floor":14,"turns":1},{"damage":12,"enemies":"Slime Boss","floor":16,"turns":7},{"damage":16,"enemies":"Spheric Guardian","floor":18,"turns":5},{"damage":10,"enemies":"Chosen","floor":20,"turns":6},{"damage":22,"enemies":"3 Cultists","floor":22,"turns":7},{"damage":22,"enemies":"Gremlin Leader","floor":24,"turns":7},{"damage":23,"enemies":"Shelled Parasite and Fungi","floor":25,"turns":7},{"damage":46,"enemies":"Slavers","floor":27,"turns":6}],"seed_played":"6797237775061367431","potions_obtained":[{"floor":1,"key":"Poison Potion"},{"floor":10,"key":"Poison Potion"},{"floor":12,"key":"SmokeBomb"},{"floor":20,"key":"Regen Potion"},{"floor":25,"key":"Dexterity Potion"}],"is_trial":false,"path_per_floor":["M","M","$","?","M","R","E","R","T","E","R","M","?","M","R","B",null,"M","$","M","$","M","R","E","M","T","E"],"character_chosen":"IRONCLAD","items_purchased":["Shockwave","Metallicize","Body Slam","Ghostly Armor"],"campfire_rested":2,"item_purchase_floors":[3,3,19,21],"current_hp_per_floor":[62,53,53,53,59,59,44,44,44,13,35,41,41,47,47,41,67,57,57,53,53,37,59,58,41,41,0],"gold":143,"neow_bonus":"THREE_CARDS","is_prod":false,"is_daily":false,"chose_seed":false,"campfire_upgraded":3,"win_rate":0,"timestamp":1567103150,"path_taken":["M","M","$","?","?","R","E","R","T","E","R","M","?","M","R","BOSS","M","?","M","$","?","R","E","?","T","E"],"build_version":"2019-07-17","purchased_purges":1,"victory":false,"max_hp_per_floor":[75,75,75,75,75,75,75,75,75,75,75,75,75,75,75,75,75,75,75,75,75,75,75,75,75,75,75],"card_choices":[{"not_picked":["Wild Strike","Carnage"],"picked":"Corruption","floor":0},{"not_picked":["Burning Pact","Clothesline"],"picked":"Warcry","floor":1},{"not_picked":["Carnage","Cleave"],"picked":"Burning Pact","floor":2},{"not_picked":["Twin Strike","Thunderclap"],"picked":"Burning Pact","floor":5},{"not_picked":["Shockwave","Warcry"],"picked":"Armaments","floor":7},{"not_picked":["Spot Weakness","Shrug It Off"],"picked":"Immolate","floor":10},{"not_picked":["Wild Strike","Clash"],"picked":"True Grit","floor":12},{"not_picked":["Feed","Double Tap"],"picked":"Barricade","floor":16},{"not_picked":["Twin Strike","Thunderclap"],"picked":"Ghostly Armor","floor":17},{"not_picked":["Sever Soul","Twin Strike"],"picked":"Warcry","floor":17},{"not_picked":["Wild Strike","Twin Strike"],"picked":"Body Slam","floor":17},{"not_picked":["Twin Strike","Clothesline"],"picked":"Intimidate","floor":17},{"not_picked":["Wild Strike","Sword Boomerang"],"picked":"Uppercut","floor":17},{"not_picked":["Corruption","Whirlwind","Clash"],"picked":"SKIP","floor":18},{"not_picked":["Iron Wave","Reckless Charge"],"picked":"Flame Barrier+1","floor":20},{"not_picked":["Clash+1","Double Tap"],"picked":"Headbutt","floor":22},{"not_picked":["Iron Wave","Body Slam"],"picked":"Pommel Strike+1","floor":24},{"not_picked":["Searing Blow","Havoc","Second Wind"],"picked":"SKIP","floor":25}],"player_experience":285639,"relics_obtained":[{"floor":7,"key":"StoneCalendar"},{"floor":9,"key":"Pocketwatch"},{"floor":10,"key":"Kunai"},{"floor":24,"key":"Dream Catcher"},{"floor":26,"key":"Ginger"}],"event_choices":[{"damage_healed":0,"gold_gain":0,"player_choice":"Trade","damage_taken":0,"relics_obtained":["GremlinMask"],"max_hp_gain":0,"max_hp_loss":0,"event_name":"FaceTrader","floor":4,"gold_loss":0},{"damage_healed":0,"gold_gain":50,"player_choice":"Pray","damage_taken":0,"max_hp_gain":0,"max_hp_loss":0,"event_name":"Golden Shrine","floor":13,"gold_loss":0}],"is_beta":false,"boss_relics":[{"not_picked":["Lizard Tail","Astrolabe"],"picked":"Orrery"}],"items_purged_floors":[19],"is_endless":false,"potions_floor_spawned":[1,10,12,20,25],"killed_by":"Slavers","ascension_level":16}