{"gold_per_floor":[114,129,129,204,222,222,252,252,252,177,2,2,2,64,64,137,137,137,137,137,137,137,137,137,137,137,137,37,37,37,37,37,37,37,37,37,37,37,37,37,0,0,0,0,0,0,0,0,0,0],"floor_reached":51,"playtime":4157,"items_purged":["Defend_R","Defend_R"],"score":1240,"play_id":"7ba1feb7-bbdf-4699-88ca-ebe8f4c59b9d","local_time":"20190829215421","is_ascension_mode":true,"campfire_choices":[{"data":"Flame Barrier","floor":6.0,"key":"SMITH"},{"floor":8.0,"key":"REST"},{"data":"Metallicize","floor":12.0,"key":"SMITH"},{"data":"Metallicize","floor":15.0,"key":"SMITH"},{"data":"Barricade","floor":23,"key":"SMITH"},{"data":"Power Through","floor":27,"key":"SMITH"},{"data":"Evolve","floor":32,"key":"SMITH"},{"floor":40,"key":"REST"},{"data":"Flame Barrier","floor":42,"key":"SMITH"},{"data":"Body Slam","floor":44,"key":"SMITH"},{"data":"Body Slam","floor":46,"key":"SMITH"},{"data":"Shrug It Off","floor":49,"key":"SMITH"}],"neow_cost":"CURSE","seed_source_timestamp":0,"circlet_count":0,"master_deck":["AscendersBane","Bash","Wild Strike","Flame Barrier+1","Shrug It Off+1","Metallicize+1","Power Through+1","Metallicize+1","Barricade+1","Evolve+1","Bite","Bite","Bite","Bite","Shrug It Off","Fiend Fire","Inflame+1","Sentinel+1","Swift Strike+1","Headbutt+1","Body Slam+1","Body Slam+1","Flame Barrier+1","Shrug It Off+1"],"special_seed":0,"relics":["Burning Blood","Mercury Hourglass","Pantograph","Tiny Chest","Ectoplasm","Bag of Preparation","Dream Catcher","Astrolabe","Dead Branch","Bronze Scales","Red Mask","Centennial Puzzle"],"potions_floor_usage":[30,33,33,50,50,50,50],"damage_taken":[{"damage":15.0,"enemies":"Small Slimes","floor":1.0,"turns":5.0},{"damage":7.0,"enemies":"2 Louse","floor":2.0,"turns":3.0},{"damage":2.0,"enemies":"Jaw Worm","floor":5.0,"turns":4.0},{"damage":34.0,"enemies":"Lagavulin","floor":7.0,"turns":9.0},{"damage":8.0,"enemies":"3 Sentries","floor":14.0,"turns":6.0},{"damage":14.0,"enemies":"The Guardian","floor":16.0,"turns":14.0},{"damage":9,"enemies":"3 Byrds","floor":18,"turns":6},{"damage":0,"enemies":"Chosen","floor":20,"turns":6},{"damage":17,"enemies":"3 Cultists","floor":21,"turns":7},{"damage":24,"enemies":"Snake Plant","floor":22,"turns":5},{"damage":12,"enemies":"Centurion and Healer","floor":24,"turns":9},{"damage":24,"enemies":"Cultist and Chosen","floor":25,"turns":9},{"damage":0,"enemies":"Snecko","floor":29,"turns":6},{"damage":0,"enemies":"Gremlin Leader","floor":30,"turns":8},{"damage":4,"enemies":"Chosen and Byrds","floor":31,"turns":8},{"damage":28,"enemies":"Collector","floor":33,"turns":17},{"damage":15,"enemies":"3 Darklings","floor":35,"turns":8},{"damage":60,"enemies":"2 Orb Walkers","floor":36,"turns":8},{"damage":9,"enemies":"Orb Walker","floor":37,"turns":5},{"damage":6,"enemies":"3 Darklings","floor":39,"turns":12},{"damage":0,"enemies":"4 Shapes","floor":45,"turns":8},{"damage":37,"enemies":"Time Eater","floor":50,"turns":15}],"seed_played":"7581931541615586333","potions_obtained":[{"floor":2.0,"key":"Ancient Potion"},{"floor":14.0,"key":"Energy Potion"},{"floor":16.0,"key":"Dexterity Potion"},{"floor":24,"key":"Strength Potion"},{"floor":31,"key":"Fire Potion"},{"floor":33,"key":"Strength Potion"},{"floor":36,"key":"EntropicBrew"}],"is_trial":false,"path_per_floor":["M","M","?","?","M","R","E","R","T","?","$","R","$","E","R","B",null,"M","?","M","M","M","R","M","M","T","R","$","M","E","M","R","B",null,"M","?","M","T","M","R","?","R","T","R","M","R","?","$","R","B",null],"character_chosen":"IRONCLAD","items_purchased":["Power Through","Anger"],"campfire_rested":2,"item_purchase_floors":[11,11],"current_hp_per_floor":[73,72,65,54,58,58,30,56,56,56,56,56,56,54,54,71,85,82,62,62,59,51,51,62,54,54,54,54,62,62,62,62,55,60,62,16,21,21,37,55,55,55,55,55,62,62,62,62,62,31],"gold":0,"neow_bonus":"TWENTY_PERCENT_HP_BONUS","is_prod":false,"is_daily":false,"chose_seed":false,"campfire_upgraded":10,"win_rate":0,"timestamp":1567140861,"path_taken":["M","M","?","?","M","R","E","R","T","?","?","R","$","E","R","BOSS","M","?","M","M","M","R","M","M","T","R","$","M","E","M","R","BOSS","M","?","M","?","M","R","?","R","T","R","M","R","?","$","R","BOSS"],"build_version":"2019-07-17","purchased_purges":2,"victory":true,"max_hp_per_floor":[89,89,89,89,89,89,89,89,89,89,89,89,89,89,89,89,89,89,62,62,62,62,62,62,62,62,62,62,62,62,62,62,62,62,62,62,62,62,62,62,62,62,62,62,62,62,62,62,62,62],"card_choices":[{"not_picked":["Carnage","Twin Strike"],"picked":"Wild Strike","floor":1.0},{"not_picked":["Armaments","Hemokinesis"],"picked":"Flame Barrier","floor":2.0},{"not_picked":["Infernal Blade","Flex"],"picked":"Shrug It Off","floor":5.0},{"not_picked":["Corruption","Blood for Blood"],"picked":"Metallicize","floor":7.0},{"not_picked":["Intimidate","Whirlwind"],"picked":"Metallicize","floor":14.0},{"not_picked":["Berserk","Offering"],"picked":"Barricade","floor":16.0},{"not_picked":["Cleave","Thunderclap"],"picked":"Evolve","floor":18},{"not_picked":["True Grit","Flex+1","Uppercut"],"picked":"SKIP","floor":20},{"not_picked":["Reckless Charge","Fiend Fire","Anger"],"picked":"SKIP","floor":21},{"not_picked":["Flex+1","Shockwave","Infernal Blade"],"picked":"SKIP","floor":22},{"not_picked":["Spot Weakness","Corruption"],"picked":"Shrug It Off","floor":24},{"not_picked":["Sever Soul","Intimidate","Dropkick"],"picked":"SKIP","floor":25},{"not_picked":["Twin Strike","True Grit","Anger"],"picked":"SKIP","floor":29},{"not_picked":["Twin Strike","True Grit","Anger"],"picked":"SKIP","floor":29},{"not_picked":["Reaper","Clothesline","Blood for Blood"],"picked":"SKIP","floor":30},{"not_picked":["Twin Strike","Warcry","Sword Boomerang"],"picked":"SKIP","floor":31},{"not_picked":["Limit Break","Exhume"],"picked":"Fiend Fire","floor":33},{"not_picked":["Thunderclap","Bloodletting+1","Anger"],"picked":"SKIP","floor":35},{"not_picked":["Perfected Strike","Cleave"],"picked":"Headbutt+1","floor":36},{"not_picked":["Pommel Strike","Anger"],"picked":"Body Slam","floor":37},{"not_picked":["Perfected Strike+1","Reckless Charge"],"picked":"Body Slam","floor":39},{"not_picked":["Flex","Iron Wave"],"picked":"Flame Barrier","floor":40},{"not_picked":["Power Through","Seeing Red"],"picked":"Shrug It Off+1","floor":45}],"player_experience":310140,"relics_obtained":[{"floor":7.0,"key":"Mercury Hourglass"},{"floor":9.0,"key":"Pantograph"},{"floor":14.0,"key":"Tiny Chest"},{"floor":26,"key":"Bag of Preparation"},{"floor":30,"key":"Dream Catcher"},{"floor":36,"key":"Dead Branch"},{"floor":38,"key":"Bronze Scales"},{"floor":43,"key":"Centennial Puzzle"}],"event_choices":[{"cards_removed":["Defend_R"],"damage_healed":0.0,"max_hp_gain":0.0,"max_hp_loss":0.0,"gold_gain":0.0,"event_name":"Golden Wing","player_choice":"Card Removal","floor":3.0,"gold_loss":0.0,"damage_taken":7.0},{"damage_healed":0.0,"max_hp_gain":0.0,"max_hp_loss":0.0,"gold_gain":75.0,"event_name":"World of Goop","player_choice":"Gather Gold","floor":4.0,"gold_loss":0.0,"damage_taken":11.0},{"cards_removed":["Shame"],"damage_healed":0.0,"max_hp_gain":0.0,"max_hp_loss":0.0,"gold_gain":0.0,"event_name":"The Cleric","player_choice":"Card Removal","floor":10.0,"gold_loss":75.0,"damage_taken":0.0},{"damage_healed":0,"gold_gain":0,"player_choice":"Became a vampire","damage_taken":0,"max_hp_gain":0,"max_hp_loss":27,"event_name":"Vampires","floor":19,"gold_loss":0,"cards_obtained":["Bite","Bite","Bite","Bite","Bite"]},{"damage_healed":0,"gold_gain":0,"player_choice":"Fight","damage_taken":0,"max_hp_gain":0,"max_hp_loss":0,"event_name":"Mysterious Sphere","floor":36,"gold_loss":0},{"damage_healed":0,"gold_gain":0,"player_choice":"Paid","damage_taken":0,"relics_obtained":["Red Mask"],"max_hp_gain":0,"max_hp_loss":0,"event_name":"Tomb of Lord Red Mask","floor":41,"gold_loss":37},{"damage_healed":0,"gold_gain":0,"player_choice":"0 cards matched","damage_taken":0,"max_hp_gain":0,"max_hp_loss":0,"event_name":"Match and Keep!","floor":47,"gold_loss":0,"cards_obtained":[]}],"is_beta":false,"boss_relics":[{"not_picked":["White Beast Statue","Pandora\u0027s Box"],"picked":"Ectoplasm"},{"not_picked":["Orrery","Eternal Feather"],"picked":"Astrolabe"}],"items_purged_floors":[11,28],"is_endless":false,"potions_floor_spawned":[2,14,16,24,29,31,33,36,45],"ascension_level":16}