{"gold_per_floor":[115,40,51,66,79,79,113,113,140,171,181,256,5,35,35,109,109,126,51,51,81,112,124],"floor_reached":23,"playtime":1211,"items_purged":["Pain"],"score":390,"play_id":"ad93271f-3b55-4789-9e2b-4d0f00254e77","local_time":"20190830104710","is_ascension_mode":true,"campfire_choices":[{"data":"Metallicize","floor":6.0,"key":"SMITH"},{"data":"Disarm","floor":8.0,"key":"SMITH"},{"floor":15.0,"key":"REST"}],"neow_cost":"CURSE","seed_source_timestamp":0,"circlet_count":0,"master_deck":["AscendersBane","Strike_R","Strike_R","Strike_R","Strike_R","Defend_R","Defend_R","Defend_R","Defend_R","Bash","Dramatic Entrance","Swift Strike","Perfected Strike","Clothesline","Metallicize+1","Disarm+1","Shrug It Off","Anger","Battle Trance","Perfected Strike","Feed","Writhe","Armaments"],"special_seed":0,"relics":["Burning Blood","Red Skull","Lantern","Blood Vial","Vajra","Strawberry","Sozu","MawBank"],"potions_floor_usage":[],"damage_taken":[{"damage":5.0,"enemies":"2 Louse","floor":1.0,"turns":6.0},{"damage":0.0,"enemies":"Small Slimes","floor":3.0,"turns":2.0},{"damage":2.0,"enemies":"Jaw Worm","floor":4.0,"turns":2.0},{"damage":0.0,"enemies":"2 Fungi Beasts","floor":5.0,"turns":2.0},{"damage":26.0,"enemies":"3 Sentries","floor":7.0,"turns":8.0},{"damage":21.0,"enemies":"Lagavulin","floor":10.0,"turns":6.0},{"damage":5.0,"enemies":"3 Louse","floor":11.0,"turns":3.0},{"damage":7.0,"enemies":"3 Sentries","floor":14.0,"turns":6.0},{"damage":34.0,"enemies":"Slime Boss","floor":16.0,"turns":6.0},{"damage":20,"enemies":"Shell Parasite","floor":18,"turns":5},{"damage":33,"enemies":"Spheric Guardian","floor":21,"turns":4},{"damage":7,"enemies":"Snecko","floor":22,"turns":4},{"damage":48,"enemies":"Gremlin Leader","floor":23,"turns":4}],"seed_played":"-4349759431489761580","potions_obtained":[{"floor":4.0,"key":"Fruit Juice"},{"floor":5.0,"key":"AttackPotion"},{"floor":7.0,"key":"SteroidPotion"}],"is_trial":false,"path_per_floor":["M","$","M","M","M","R","E","R","T","E","M","?","$","E","R","B",null,"M","?","?","M","M","E"],"character_chosen":"IRONCLAD","items_purchased":["Vajra","Battle Trance"],"campfire_rested":1,"item_purchase_floors":[13,13],"current_hp_per_floor":[69,69,75,75,80,80,60,60,60,45,48,37,37,45,71,45,77,65,65,65,40,41,0],"gold":124,"neow_bonus":"RANDOM_COLORLESS_2","is_prod":false,"is_daily":false,"chose_seed":false,"campfire_upgraded":2,"win_rate":0,"timestamp":1567187230,"path_taken":["M","$","M","M","M","R","E","R","T","E","M","?","$","E","R","BOSS","M","?","?","M","M","E"],"build_version":"2019-07-17","purchased_purges":1,"victory":false,"max_hp_per_floor":[75,75,75,75,80,80,80,80,80,80,80,80,80,87,87,87,87,87,87,87,87,87,87],"card_choices":[{"not_picked":["Searing Blow","Havoc"],"picked":"Perfected Strike","floor":1.0},{"not_picked":["Flex","Twin Strike"],"picked":"Clothesline","floor":3.0},{"not_picked":["Body Slam","Thunderclap","Fiend Fire"],"picked":"SKIP","floor":4.0},{"not_picked":["Flex","Warcry"],"picked":"Metallicize","floor":5.0},{"not_picked":["Wild Strike","Clothesline"],"picked":"Disarm","floor":7.0},{"not_picked":["Second Wind","Clash"],"picked":"Shrug It Off","floor":10.0},{"not_picked":["Entrench","Searing Blow"],"picked":"Anger","floor":11.0},{"not_picked":["Power Through","Headbutt"],"picked":"Perfected Strike","floor":14.0},{"not_picked":["Berserk","Brutality"],"picked":"Feed","floor":16.0},{"not_picked":["Clothesline","Feel No Pain","Flex"],"picked":"SKIP","floor":18},{"not_picked":["Havoc","Inflame"],"picked":"Armaments","floor":21},{"not_picked":["True Grit","Iron Wave","Wild Strike"],"picked":"SKIP","floor":22}],"player_experience":315027,"relics_obtained":[{"floor":7.0,"key":"Red Skull"},{"floor":9.0,"key":"Lantern"},{"floor":10.0,"key":"Blood Vial"},{"floor":14.0,"key":"Strawberry"}],"event_choices":[{"damage_healed":0.0,"max_hp_gain":0.0,"max_hp_loss":0.0,"gold_gain":75.0,"event_name":"World of Goop","player_choice":"Gather Gold","floor":12.0,"gold_loss":0.0,"damage_taken":11.0},{"cards_removed":["Strike_R"],"damage_healed":0,"gold_gain":0,"player_choice":"Gave Gold","damage_taken":0,"max_hp_gain":0,"max_hp_loss":0,"event_name":"Beggar","floor":19,"gold_loss":75},{"damage_healed":0,"gold_gain":0,"player_choice":"Opened","damage_taken":0,"relics_obtained":["MawBank"],"max_hp_gain":0,"max_hp_loss":0,"event_name":"The Mausoleum","floor":20,"gold_loss":0,"cards_obtained":["Writhe"]}],"is_beta":false,"boss_relics":[{"not_picked":["Pandora\u0027s Box","Lizard Tail"],"picked":"Sozu"}],"items_purged_floors":[2],"is_endless":false,"potions_floor_spawned":[4,5,7,21],"killed_by":"Gremlin Leader","ascension_level":17}