{"gold_per_floor":[119,131,151,163,10,10,30,48,126,185,214,214,248,248,248,344,344,361,377,395,395,409,419,419,451,499,598,598],"floor_reached":28,"playtime":2063,"items_purged":["Defend_B"],"score":252,"play_id":"9b7371d7-bb44-4da1-a33a-33aeccca5759","local_time":"20190815074341","is_ascension_mode":false,"campfire_choices":[{"data":"Defragment","floor":6,"key":"SMITH"},{"floor":12,"key":"REST"},{"floor":15,"key":"DIG"},{"floor":24,"key":"DIG"}],"neow_cost":"NONE","seed_source_timestamp":1997106634829440,"circlet_count":0,"master_deck":["Strike_B+1","Strike_B+1","Strike_B","Strike_B","Defend_B","Defend_B","Defend_B","Zap","Dualcast","Cold Snap","Beam Cell","Coolheaded","Defragment+1","Seek","Defragment"],"relics":["Cracked Core","Whetstone","The Courier","Regal Pillow","Shovel","Lantern","Blood Vial","White Beast Statue","Oddly Smooth Stone","Turnip","Art of War"],"potions_floor_usage":[8,11,16,19,20,20,22,25,25,28,28],"damage_taken":[{"damage":0,"enemies":"Cultist","floor":1,"turns":2},{"damage":2,"enemies":"2 Louse","floor":2,"turns":2},{"damage":0,"enemies":"Small Slimes","floor":3,"turns":1},{"damage":7,"enemies":"Exordium Thugs","floor":4,"turns":6},{"damage":7,"enemies":"3 Louse","floor":7,"turns":3},{"damage":7,"enemies":"Gremlin Gang","floor":8,"turns":3},{"damage":25,"enemies":"Gremlin Nob","floor":10,"turns":4},{"damage":14,"enemies":"Gremlin Nob","floor":11,"turns":4},{"damage":5,"enemies":"Lagavulin","floor":13,"turns":7},{"damage":12,"enemies":"Slime Boss","floor":16,"turns":11},{"damage":15,"enemies":"3 Byrds","floor":18,"turns":5},{"damage":6,"enemies":"Shell Parasite","floor":19,"turns":4},{"damage":9,"enemies":"Snake Plant","floor":20,"turns":6},{"damage":8,"enemies":"Shelled Parasite and Fungi","floor":22,"turns":9},{"damage":15,"enemies":"Sentry and Sphere","floor":23,"turns":9},{"damage":36,"enemies":"Slavers","floor":25,"turns":6},{"damage":10,"enemies":"Chosen and Byrds","floor":28,"turns":6}],"seed_played":"-8239639181514730552","potions_obtained":[{"floor":4,"key":"FocusPotion"},{"floor":7,"key":"SpeedPotion"},{"floor":8,"key":"SpeedPotion"},{"floor":10,"key":"Regen Potion"},{"floor":13,"key":"Fruit Juice"},{"floor":18,"key":"Strength Potion"},{"floor":19,"key":"Weak Potion"},{"floor":20,"key":"FearPotion"},{"floor":22,"key":"PowerPotion"},{"floor":23,"key":"Explosive Potion"},{"floor":25,"key":"Weak Potion"}],"is_trial":false,"path_per_floor":["M","M","M","M","$","R","M","M","T","?","E","R","E","?","R","B",null,"M","M","M","?","M","M","R","E","T","?","M"],"character_chosen":"DEFECT","items_purchased":["Defragment"],"campfire_rested":1,"item_purchase_floors":[5],"current_hp_per_floor":[75,73,73,66,66,66,59,52,52,27,25,62,57,62,62,57,85,70,66,59,59,53,40,40,6,6,6,0],"gold":598,"neow_bonus":"RANDOM_COMMON_RELIC","is_prod":false,"is_daily":false,"chose_seed":false,"campfire_upgraded":1,"win_rate":0,"timestamp":1565822621,"path_taken":["M","M","M","M","?","R","M","M","T","?","E","R","E","?","R","BOSS","M","M","M","?","M","M","R","E","T","?","?"],"build_version":"2019-07-05","purchased_purges":1,"victory":false,"max_hp_per_floor":[75,75,75,75,75,75,75,75,75,75,75,75,75,80,80,85,85,85,85,85,85,85,85,85,85,85,85,85],"card_choices":[{"not_picked":["Redo","Coolheaded"],"picked":"Cold Snap","floor":1},{"not_picked":["Compile Driver","Streamline"],"picked":"Beam Cell","floor":2},{"not_picked":["Go for the Eyes","Streamline","Recycle"],"picked":"SKIP","floor":3},{"not_picked":["Redo","Rainbow"],"picked":"Coolheaded","floor":4},{"not_picked":["Glacier","Self Repair","Coolheaded"],"picked":"SKIP","floor":7},{"not_picked":["Go for the Eyes","Tempest","Fusion"],"picked":"SKIP","floor":8},{"not_picked":["Lockon","Sweeping Beam","Fusion"],"picked":"SKIP","floor":11},{"not_picked":["Hologram","Auto Shields","Sunder"],"picked":"SKIP","floor":13},{"not_picked":["Machine Learning","Buffer"],"picked":"Seek","floor":16},{"not_picked":["Redo","Doom and Gloom","Self Repair+1"],"picked":"SKIP","floor":18},{"not_picked":["Sweeping Beam","Heatsinks","Skim+1"],"picked":"SKIP","floor":19},{"not_picked":["Ball Lightning","Barrage","Stack+1"],"picked":"SKIP","floor":20},{"not_picked":["Rebound+1","Redo","Darkness"],"picked":"SKIP","floor":22},{"not_picked":["Leap+1","Redo","Tempest"],"picked":"SKIP","floor":23},{"not_picked":["Compile Driver","FTL","Storm+1"],"picked":"SKIP","floor":25}],"player_experience":497727,"relics_obtained":[{"floor":9,"key":"The Courier"},{"floor":10,"key":"Regal Pillow"},{"floor":11,"key":"Shovel"},{"floor":13,"key":"Lantern"},{"floor":15,"key":"Blood Vial"},{"floor":24,"key":"Oddly Smooth Stone"},{"floor":25,"key":"Turnip"},{"floor":26,"key":"Art of War"}],"event_choices":[{"damage_healed":0,"gold_gain":0,"player_choice":"Searched \u00272\u0027 times","damage_taken":0,"max_hp_gain":0,"max_hp_loss":0,"event_name":"Dead Adventurer","floor":10,"gold_loss":0},{"damage_healed":0,"gold_gain":0,"player_choice":"Donut","damage_taken":0,"max_hp_gain":5,"max_hp_loss":0,"event_name":"Big Fish","floor":14,"gold_loss":0},{"damage_healed":0,"gold_gain":0,"player_choice":"Read","damage_taken":0,"max_hp_gain":0,"max_hp_loss":0,"event_name":"The Library","floor":21,"gold_loss":0,"cards_obtained":["Defragment"]},{"damage_healed":0,"gold_gain":99,"player_choice":"Stole From Cult","damage_taken":0,"max_hp_gain":0,"max_hp_loss":0,"event_name":"Nest","floor":27,"gold_loss":0}],"is_beta":false,"boss_relics":[{"not_picked":["Black Star","Philosopher\u0027s Stone"],"picked":"White Beast Statue"}],"items_purged_floors":[5],"is_endless":false,"potions_floor_spawned":[4,7,8,10,13,18,19,20,22,23,25],"killed_by":"Chosen and Byrds","ascension_level":0}