{"gold_per_floor":[118,218,233,244,256,256,276,302,325,325,339,14,25,40,40,40],"floor_reached":16,"playtime":1297,"items_purged":[],"score":106,"play_id":"3dc2370f-50a6-4fcf-ab49-fea56c1ee841","local_time":"20190821152719","is_ascension_mode":false,"campfire_choices":[{"data":"Infernal Blade","floor":6,"key":"SMITH"},{"floor":10,"key":"REST"},{"floor":15,"key":"REST"}],"neow_cost":"NONE","seed_source_timestamp":253084177451875,"circlet_count":0,"master_deck":["Strike_R","Strike_R","Strike_R","Strike_R","Strike_R","Defend_R","Defend_R","Defend_R","Defend_R","Bash","Impatience","Infernal Blade+1","Anger","Rage","Flex","Armaments","Rupture","Spot Weakness","Transmutation","Anger","Seeing Red"],"relics":["Burning Blood","Ancient Tea Set","Bag of Preparation","Juzu Bracelet"],"potions_floor_usage":[5,8,8,16],"damage_taken":[{"damage":0,"enemies":"Small Slimes","floor":1,"turns":3},{"damage":6,"enemies":"Cultist","floor":3,"turns":3},{"damage":11,"enemies":"Jaw Worm","floor":4,"turns":3},{"damage":18,"enemies":"Exordium Thugs","floor":5,"turns":4},{"damage":6,"enemies":"3 Louse","floor":7,"turns":2},{"damage":25,"enemies":"3 Sentries","floor":8,"turns":8},{"damage":5,"enemies":"Exordium Wildlife","floor":11,"turns":5},{"damage":26,"enemies":"Gremlin Gang","floor":13,"turns":5},{"damage":1,"enemies":"Looter","floor":14,"turns":2},{"damage":81,"enemies":"The Guardian","floor":16,"turns":7}],"seed_played":"4943649691827476021","potions_obtained":[{"floor":3,"key":"Weak Potion"},{"floor":4,"key":"AttackPotion"},{"floor":7,"key":"Ancient Potion"},{"floor":13,"key":"Energy Potion"}],"is_trial":false,"path_per_floor":["M","?","M","M","M","R","M","E","T","R","M","$","M","M","R","B"],"character_chosen":"IRONCLAD","items_purchased":["Transmutation","Juzu Bracelet"],"campfire_rested":2,"item_purchase_floors":[12,12],"current_hp_per_floor":[80,80,80,75,63,63,63,44,44,68,69,69,49,54,78,0],"gold":40,"neow_bonus":"RANDOM_COLORLESS","is_prod":false,"is_daily":false,"chose_seed":false,"campfire_upgraded":1,"win_rate":0.0,"timestamp":1566372439,"path_taken":["M","?","M","M","?","R","M","E","T","R","M","$","M","M","R","BOSS"],"build_version":"2019-07-17","purchased_purges":0,"victory":false,"max_hp_per_floor":[80,80,80,80,80,80,80,80,80,80,80,80,80,80,80,80],"card_choices":[{"not_picked":["Bloodletting","Fire Breathing"],"picked":"Infernal Blade","floor":1},{"not_picked":["Body Slam","Thunderclap"],"picked":"Anger","floor":3},{"not_picked":["Pummel","Sword Boomerang"],"picked":"Rage","floor":4},{"not_picked":["Rampage","Corruption"],"picked":"Flex","floor":5},{"not_picked":["Perfected Strike","Clothesline"],"picked":"Armaments","floor":7},{"not_picked":["Perfected Strike","Thunderclap"],"picked":"Rupture","floor":8},{"not_picked":["Clash","Rage"],"picked":"Spot Weakness","floor":11},{"not_picked":["Clash","Headbutt"],"picked":"Anger","floor":13},{"not_picked":["Reckless Charge","Iron Wave"],"picked":"Seeing Red","floor":14}],"player_experience":46527,"relics_obtained":[{"floor":8,"key":"Ancient Tea Set"},{"floor":9,"key":"Bag of Preparation"}],"event_choices":[{"damage_healed":0,"gold_gain":100,"player_choice":"Pray","damage_taken":0,"max_hp_gain":0,"max_hp_loss":0,"event_name":"Golden Shrine","floor":2,"gold_loss":0}],"is_beta":false,"boss_relics":[],"items_purged_floors":[],"is_endless":false,"potions_floor_spawned":[3,4,7,13],"killed_by":"The Guardian","ascension_level":0}