{"gold_per_floor":[114,114,114,134,209,209,252,271,324,359,359,359,36,49,49,168,168,154,177,202,228,228],"floor_reached":22,"playtime":796,"items_purged":["Injury"],"score":263,"play_id":"650f01bc-7d7c-40d0-9fbf-f2e65742ffce","local_time":"20181125233434","is_ascension_mode":true,"campfire_choices":[{"data":"Infernal Blade","floor":6,"key":"SMITH"},{"data":"Demon Form","floor":11,"key":"SMITH"},{"floor":15,"key":"REST"}],"neow_cost":"NONE","seed_source_timestamp":688776156433654,"circlet_count":0,"master_deck":["Strike_R","Strike_R","Strike_R","Strike_R","Strike_R","Defend_R","Defend_R","Defend_R","Defend_R","Bash","Infernal Blade+1","Flex","Rage","Demon Form+1","Dark Shackles","Flex","Double Tap","Rampage+1"],"relics":["Black Blood","NeowsBlessing","Golden Idol","Blood Vial","Tiny Chest","Pear","Regal Pillow","PreservedInsect","Art of War"],"potions_floor_usage":[10,10,20,22,22],"damage_taken":[{"damage":0,"enemies":"Jaw Worm","floor":1,"turns":1},{"damage":0,"enemies":"2 Louse","floor":4,"turns":1},{"damage":0,"enemies":"Lagavulin","floor":7,"turns":1},{"damage":6,"enemies":"Cultist","floor":8,"turns":3},{"damage":17,"enemies":"3 Sentries","floor":10,"turns":6},{"damage":18,"enemies":"Exordium Thugs","floor":14,"turns":6},{"damage":18,"enemies":"Hexaghost","floor":16,"turns":7},{"damage":33,"enemies":"2 Thieves","floor":18,"turns":4},{"damage":46,"enemies":"Spheric Guardian","floor":19,"turns":6},{"damage":21,"enemies":"Snake Plant","floor":20,"turns":4},{"damage":32,"enemies":"Shelled Parasite and Fungi","floor":22,"turns":3}],"seed_played":"8955848080496742452","potions_obtained":[{"floor":4,"key":"Fire Potion"},{"floor":7,"key":"Block Potion"},{"floor":14,"key":"Energy Potion"},{"floor":19,"key":"Fire Potion"},{"floor":20,"key":"AttackPotion"}],"is_trial":false,"path_per_floor":["M","$","?","M","?","R","E","M","T","E","R","?","$","M","R","B",null,"M","M","M","T","M"],"character_chosen":"IRONCLAD","items_purchased":["PreservedInsect","Dark Shackles"],"campfire_rested":1,"item_purchase_floors":[13,13],"current_hp_per_floor":[80,80,80,80,69,69,75,77,77,78,78,66,66,56,90,78,90,67,33,24,24,0],"gold":228,"neow_bonus":"THREE_ENEMY_KILL","is_prod":false,"is_daily":false,"chose_seed":false,"campfire_upgraded":2,"win_rate":0,"timestamp":1543185274,"path_taken":["M","$","?","M","?","R","E","M","T","E","R","?","?","M","R","BOSS","M","?","M","?","M"],"build_version":"2018-11-15","purchased_purges":1,"victory":false,"max_hp_per_floor":[80,80,80,80,80,80,80,80,80,90,90,90,90,90,90,90,90,90,90,90,90,90],"card_choices":[{"not_picked":["Armaments","Burning Pact"],"picked":"Infernal Blade","floor":1},{"not_picked":["Intimidate","Disarm"],"picked":"Flex","floor":4},{"not_picked":["Reckless Charge","Battle Trance","Heavy Blade"],"picked":"SKIP","floor":7},{"not_picked":["Seeing Red","Perfected Strike"],"picked":"Rage","floor":8},{"not_picked":["Warcry","Pommel Strike"],"picked":"Demon Form","floor":10},{"not_picked":["Whirlwind","Havoc"],"picked":"Flex","floor":14},{"not_picked":["Bludgeon","Berserk"],"picked":"Double Tap","floor":16},{"not_picked":["Wild Strike","Sword Boomerang+1","Rupture"],"picked":"SKIP","floor":18},{"not_picked":["True Grit","Wild Strike","Searing Blow"],"picked":"SKIP","floor":19},{"not_picked":["Spot Weakness","Headbutt"],"picked":"Rampage+1","floor":20}],"player_experience":312920,"relics_obtained":[{"floor":7,"key":"Blood Vial"},{"floor":9,"key":"Tiny Chest"},{"floor":10,"key":"Pear"},{"floor":21,"key":"Art of War"}],"event_choices":[{"damage_healed":0,"gold_gain":0,"player_choice":"Take Wound","damage_taken":0,"relics_obtained":["Golden Idol"],"max_hp_gain":0,"max_hp_loss":0,"event_name":"Golden Idol","floor":3,"gold_loss":0,"cards_obtained":["Injury"]},{"damage_healed":0,"gold_gain":75,"player_choice":"Gather Gold","damage_taken":11,"max_hp_gain":0,"max_hp_loss":0,"event_name":"World of Goop","floor":5,"gold_loss":0},{"damage_healed":0,"gold_gain":0,"player_choice":"Success","damage_taken":12,"relics_obtained":["Regal Pillow"],"max_hp_gain":0,"max_hp_loss":0,"event_name":"Scrap Ooze","floor":12,"gold_loss":0}],"is_beta":false,"boss_relics":[{"not_picked":["Cursed Key","Empty Cage"],"picked":"Black Blood"}],"items_purged_floors":[13],"is_endless":false,"potions_floor_spawned":[4,7,14,19,20],"killed_by":"Shelled Parasite and Fungi","ascension_level":4}