{"path_per_floor":["M","?","M","M","?","E","M","M","T","M","R","M","M","?","R","B",null,"M","M"],"character_chosen":"THE_SILENT","items_purchased":[],"gold_per_floor":[118,190,200,217,317,344,360,370,395,410,410,425,444,444,444,546,546,559,573],"floor_reached":20,"campfire_rested":2,"playtime":1575,"current_hp_per_floor":[70,70,68,68,68,27,27,27,27,27,48,48,35,28,49,4,70,47,25],"items_purged":[],"gold":573,"play_id":"c223ec43-b246-48d3-8a92-2906485dafe0","is_prod":false,"is_daily":false,"is_ascension_mode":false,"campfire_upgraded":0,"path_taken":["M","?","M","M","?","E","M","M","T","M","R","?","M","?","R","BOSS","M","?","M"],"build_version":"2018-02-01-PROD3","purchased_purges":0,"victory":false,"master_deck":["Defend_G","Defend_G","Defend_G","Defend_G","Defend_G","Strike_G","Strike_G","Strike_G","Strike_G","Strike_G","Survivor","Neutralize","Masterful Stab","All Out Attack","Masterful Stab","Leg Sweep","Bane","Poisoned Stab","Deflect","Deflect","Bullet Time","Masterful Stab","Noxious Fumes","Infinite Blades","Crippling Poison","PiercingWail","Die Die Die","Slice","Heel Hook"],"max_hp_per_floor":[70,70,70,70,70,70,70,70,70,70,70,70,70,70,70,70,70,70,70],"relics":["Orrery","Ancient Tea Set","Lantern","Letter Opener","The Specimen"],"card_choices":[{"not_picked":["Prepared","Outmaneuver"],"picked":"Masterful Stab"},{"not_picked":["Deflect","Prepared"],"picked":"All Out Attack"},{"not_picked":["Flechettes","PiercingWail"],"picked":"Masterful Stab"},{"not_picked":["Dodge and Roll","Heel Hook"],"picked":"Leg Sweep"},{"not_picked":["Reflex","Eviscerate"],"picked":"Bane"},{"not_picked":["PiercingWail","Burst"],"picked":"Poisoned Stab"},{"not_picked":["Prepared","Blur"],"picked":"Deflect"},{"not_picked":["Underhanded Strike","Prepared"],"picked":"Deflect"},{"not_picked":["Prepared","Distraction"],"picked":"Bullet Time"},{"not_picked":["Reflex","Eviscerate"],"picked":"Masterful Stab"},{"not_picked":["Deflect","Riddle With Holes"],"picked":"Noxious Fumes"},{"not_picked":["Flechettes","Dodge and Roll"],"picked":"Infinite Blades"},{"not_picked":["Blur","Acrobatics"],"picked":"Crippling Poison"},{"not_picked":["Backflip","Underhanded Strike"],"picked":"PiercingWail"},{"not_picked":["Phantasmal Killer","Night Terror"],"picked":"Die Die Die"},{"not_picked":["Dagger Spray","Poisoned Stab"],"picked":"Slice"},{"not_picked":["Distraction","Dagger Spray"],"picked":"Heel Hook"}],"player_experience":63295,"potions_floor_usage":[12,12,16,16],"damage_taken":[{"damage":0,"enemies":"2 Louse","floor":1,"turns":2},{"damage":2,"enemies":"Jaw Worm","floor":3,"turns":4},{"damage":0,"enemies":"Cultist","floor":4,"turns":4},{"damage":41,"enemies":"Gremlin Nob","floor":6,"turns":6},{"damage":0,"enemies":"Exordium Wildlife","floor":7,"turns":2},{"damage":0,"enemies":"Lots of Slimes","floor":8,"turns":1},{"damage":0,"enemies":"Large Slime","floor":10,"turns":5},{"damage":12,"enemies":"Exordium Thugs","floor":12,"turns":5},{"damage":13,"enemies":"3 Louse","floor":13,"turns":4},{"damage":45,"enemies":"Slime Boss","floor":16,"turns":10},{"damage":23,"enemies":"Shell Parasite","floor":18,"turns":6},{"damage":22,"enemies":"Spheric Guardian","floor":19,"turns":8},{"damage":26,"enemies":"Slaver and Parasite","floor":20,"turns":3}],"event_choices":[{"event_name":"Golden Wing","player_choice":"Gained Gold","floor":2,"damage_taken":0},{"event_name":"Golden Shrine","player_choice":"Pray","floor":5,"damage_taken":0},{"event_name":"Scrap Ooze","player_choice":"success","floor":14,"damage_taken":7}],"boss_relics":[{"not_picked":["Sozu","Runic Dome"],"picked":"The Specimen"}],"potions_floor_spawned":[1,6,10,13],"seed_played":"6489411565870069561","killed_by":"Slaver and Parasite","ascension_level":0,"is_trial":false}