{"gold_per_floor":[115,40,51,63,77,110,128,128,128,189,200,200,276,309,309,309],"floor_reached":16,"playtime":842,"items_purged":["Writhe"],"score":227,"play_id":"0dc4a4bc-d47a-48ff-b5fd-8686298e2e9d","local_time":"20190829121638","is_ascension_mode":true,"campfire_choices":[{"data":"Armaments","floor":8,"key":"SMITH"},{"data":"Corruption","floor":12,"key":"SMITH"},{"data":"True Grit","floor":15,"key":"SMITH"}],"neow_cost":"CURSE","seed_source_timestamp":829876530067400,"circlet_count":0,"master_deck":["AscendersBane","Strike_R","Strike_R","Strike_R","Strike_R","Strike_R","Defend_R","Defend_R","Defend_R","Defend_R","Bash","Shrug It Off","Corruption+1","Armaments+1","Shrug It Off","Carnage","Spot Weakness","True Grit","Warcry","True Grit+1"],"relics":["Burning Blood","Bottled Lightning","Pear","Bag of Preparation","Paper Frog"],"potions_floor_usage":[6,7,10,14],"damage_taken":[{"damage":2,"enemies":"Jaw Worm","floor":1,"turns":3},{"damage":7,"enemies":"Small Slimes","floor":3,"turns":4},{"damage":3,"enemies":"2 Louse","floor":4,"turns":4},{"damage":15,"enemies":"Looter","floor":5,"turns":4},{"damage":33,"enemies":"Gremlin Nob","floor":6,"turns":5},{"damage":3,"enemies":"Blue Slaver","floor":7,"turns":3},{"damage":36,"enemies":"Gremlin Nob","floor":10,"turns":4},{"damage":0,"enemies":"Large Slime","floor":11,"turns":7},{"damage":15,"enemies":"3 Sentries","floor":14,"turns":6},{"damage":43,"enemies":"The Guardian","floor":16,"turns":10}],"seed_played":"-2307699324047384638","potions_obtained":[{"floor":4,"key":"Energy Potion"},{"floor":5,"key":"Regen Potion"},{"floor":6,"key":"Strength Potion"},{"floor":11,"key":"AttackPotion"}],"is_trial":false,"path_per_floor":["M","$","M","M","M","E","M","R","T","?","M","R","?","E","R","B"],"character_chosen":"IRONCLAD","items_purchased":[],"campfire_rested":0,"item_purchase_floors":[],"current_hp_per_floor":[86,86,85,88,79,66,69,69,79,49,55,55,55,46,46,3],"gold":309,"neow_bonus":"TWENTY_PERCENT_HP_BONUS","is_prod":false,"is_daily":false,"chose_seed":false,"campfire_upgraded":3,"win_rate":0,"timestamp":1567106198,"path_taken":["M","$","M","M","M","E","M","R","T","?","M","R","?","E","R","BOSS"],"build_version":"2019-07-17","purchased_purges":1,"victory":false,"max_hp_per_floor":[89,89,89,89,89,89,89,89,99,99,99,99,99,99,99,99],"card_choices":[{"not_picked":["Havoc","Whirlwind"],"picked":"Shrug It Off","floor":1},{"not_picked":["Twin Strike","Hemokinesis"],"picked":"Corruption","floor":3},{"not_picked":["Searing Blow","Body Slam"],"picked":"Armaments","floor":4},{"not_picked":["Warcry","Dropkick"],"picked":"Shrug It Off","floor":5},{"not_picked":["Clash","Twin Strike"],"picked":"Carnage","floor":6},{"not_picked":["Iron Wave","Clothesline"],"picked":"Spot Weakness","floor":7},{"not_picked":["Cleave","Dual Wield"],"picked":"True Grit","floor":10},{"not_picked":["Thunderclap","Perfected Strike"],"picked":"Warcry","floor":11},{"not_picked":["Fiend Fire","Combust"],"picked":"True Grit","floor":14}],"player_experience":289865,"relics_obtained":[{"floor":6,"key":"Bottled Lightning"},{"floor":9,"key":"Pear"},{"floor":14,"key":"Paper Frog"}],"event_choices":[{"damage_healed":0,"gold_gain":0,"player_choice":"Searched \u00273\u0027 times","damage_taken":0,"relics_obtained":["Bag of Preparation"],"max_hp_gain":0,"max_hp_loss":0,"event_name":"Dead Adventurer","floor":10,"gold_loss":0},{"damage_healed":0,"gold_gain":76,"player_choice":"Gained Gold","damage_taken":0,"max_hp_gain":0,"max_hp_loss":0,"event_name":"Golden Wing","floor":13,"gold_loss":0}],"is_beta":false,"boss_relics":[],"items_purged_floors":[2],"is_endless":false,"potions_floor_spawned":[4,5,6,11],"killed_by":"The Guardian","ascension_level":16}