{"gold_per_floor":[209,222,232,232,120,154,154,183,183,183,194,194,222,236,236,236],"floor_reached":16,"playtime":717,"items_purged":["Pain"],"score":234,"play_id":"112c62a2-d522-4b82-a706-f2948068f0a0","local_time":"20190830164254","is_ascension_mode":true,"campfire_choices":[{"floor":7,"key":"REST"},{"data":"Uppercut","floor":10,"key":"SMITH"},{"floor":12,"key":"REST"},{"floor":15,"key":"REST"}],"neow_cost":"NONE","seed_source_timestamp":932373426364000,"circlet_count":0,"master_deck":["AscendersBane","Strike_R","Strike_R","Strike_R","Strike_R","Strike_R","Defend_R","Defend_R","Defend_R","Defend_R","Bash","Uppercut","Headbutt","Uppercut+1","Juggernaut","Seeing Red","Anger"],"relics":["Burning Blood","WarpedTongs","Happy Flower","Nunchaku","Kunai","Matryoshka"],"potions_floor_usage":[8,8,14],"damage_taken":[{"damage":9,"enemies":"Jaw Worm","floor":1,"turns":4},{"damage":1,"enemies":"Cultist","floor":2,"turns":4},{"damage":10,"enemies":"Small Slimes","floor":3,"turns":3},{"damage":30,"enemies":"Gremlin Nob","floor":6,"turns":4},{"damage":35,"enemies":"Lagavulin","floor":8,"turns":5},{"damage":8,"enemies":"Looter","floor":11,"turns":2},{"damage":44,"enemies":"3 Sentries","floor":13,"turns":7},{"damage":5,"enemies":"3 Louse","floor":14,"turns":3},{"damage":36,"enemies":"The Guardian","floor":16,"turns":8}],"seed_played":"3837036268016675783","potions_obtained":[{"floor":3,"key":"Energy Potion"},{"floor":6,"key":"FearPotion"},{"floor":13,"key":"SteroidPotion"}],"is_trial":false,"path_per_floor":["M","M","M","?","$","E","R","E","T","R","M","R","E","M","R","B"],"character_chosen":"IRONCLAD","items_purchased":["Uppercut"],"campfire_rested":3,"item_purchase_floors":[5],"current_hp_per_floor":[65,70,66,66,66,42,64,35,35,35,33,55,17,18,40,4],"gold":236,"neow_bonus":"HUNDRED_GOLD","is_prod":false,"is_daily":false,"chose_seed":false,"campfire_upgraded":1,"win_rate":0,"timestamp":1567208574,"path_taken":["M","M","M","?","$","E","R","E","T","R","M","R","E","M","R","BOSS"],"build_version":"2019-07-17","purchased_purges":1,"victory":false,"max_hp_per_floor":[75,75,75,75,75,75,75,75,75,75,75,75,75,75,75,75],"card_choices":[{"not_picked":["Havoc","Rupture"],"picked":"Uppercut","floor":1},{"not_picked":["Cleave","Fire Breathing"],"picked":"Headbutt","floor":2},{"not_picked":["Entrench","Havoc","Body Slam"],"picked":"SKIP","floor":3},{"not_picked":["Entrench","Sever Soul"],"picked":"Juggernaut","floor":6},{"not_picked":["Havoc","Fire Breathing"],"picked":"Seeing Red","floor":8},{"not_picked":["Twin Strike","Perfected Strike","Wild Strike"],"picked":"SKIP","floor":11},{"not_picked":["Flame Barrier","Seeing Red"],"picked":"Anger","floor":13},{"not_picked":["Havoc","Heavy Blade","Seeing Red"],"picked":"SKIP","floor":14}],"player_experience":331118,"relics_obtained":[{"floor":6,"key":"Happy Flower"},{"floor":8,"key":"Nunchaku"},{"floor":9,"key":"Kunai"},{"floor":13,"key":"Matryoshka"}],"event_choices":[{"damage_healed":0,"gold_gain":0,"player_choice":"Rummage","damage_taken":0,"relics_obtained":["WarpedTongs"],"max_hp_gain":0,"max_hp_loss":0,"event_name":"Accursed Blacksmith","floor":4,"gold_loss":0,"cards_obtained":["Pain"]}],"is_beta":false,"boss_relics":[],"items_purged_floors":[5],"is_endless":false,"potions_floor_spawned":[3,6,13],"killed_by":"The Guardian","ascension_level":19}