{"gold_per_floor":[119,129,140,140,152,181,38,67,116,128,128,128],"floor_reached":12,"playtime":1119,"items_purged":[],"score":135,"play_id":"6fd00d32-2500-4245-ae29-09ff3d8c5f7f","local_time":"20190812202228","is_ascension_mode":true,"campfire_choices":[{"data":"True Grit","floor":11,"key":"SMITH"}],"neow_cost":"NONE","seed_source_timestamp":80070097730737,"circlet_count":0,"master_deck":["AscendersBane","Strike_R","Strike_R","Strike_R","Strike_R","Defend_R","Defend_R","Defend_R","Defend_R","Bash","Reaper","Burning Pact","Uppercut","Dropkick","Spot Weakness","Sentinel","True Grit+1","Corruption","Battle Trance","Armaments","Disarm"],"relics":["Burning Blood","Champion Belt","Molten Egg 2","Potion Belt"],"potions_floor_usage":[6,8],"damage_taken":[{"damage":15,"enemies":"Jaw Worm","floor":1,"turns":6},{"damage":15,"enemies":"Cultist","floor":2,"turns":5},{"damage":6,"enemies":"2 Louse","floor":3,"turns":4},{"damage":47,"enemies":"Gremlin Gang","floor":5,"turns":6},{"damage":20,"enemies":"Gremlin Nob","floor":6,"turns":4},{"damage":40,"enemies":"3 Sentries","floor":8,"turns":8},{"damage":0,"enemies":"Blue Slaver","floor":10,"turns":3},{"damage":71,"enemies":"Gremlin Nob","floor":12,"turns":7}],"seed_played":"-3547841860765330319","potions_obtained":[{"floor":1,"key":"Regen Potion"},{"floor":6,"key":"FearPotion"}],"is_trial":false,"path_per_floor":["M","M","M","?","M","E","$","E","T","M","R","E"],"character_chosen":"IRONCLAD","items_purchased":["Corruption","Battle Trance"],"campfire_rested":0,"item_purchase_floors":[7,7],"current_hp_per_floor":[64,59,63,63,38,42,42,32,32,45,45,0],"gold":128,"neow_bonus":"ONE_RANDOM_RARE_CARD","is_prod":false,"is_daily":false,"chose_seed":false,"campfire_upgraded":1,"win_rate":0,"timestamp":1565655748,"path_taken":["M","M","M","?","M","E","$","E","T","M","R","E"],"build_version":"2019-07-17","purchased_purges":0,"victory":false,"max_hp_per_floor":[80,80,80,80,80,80,80,80,80,80,80,80],"card_choices":[{"not_picked":["Warcry","Twin Strike"],"picked":"Burning Pact","floor":1},{"not_picked":["Headbutt","Warcry"],"picked":"Uppercut","floor":2},{"not_picked":["Body Slam","Anger"],"picked":"Dropkick","floor":3},{"not_picked":["Heavy Blade","Sever Soul"],"picked":"Sentinel","floor":5},{"not_picked":["Flex","Havoc"],"picked":"True Grit","floor":6},{"not_picked":["Headbutt","Searing Blow"],"picked":"Armaments","floor":8},{"not_picked":["Rupture","Twin Strike+1"],"picked":"Disarm","floor":10}],"player_experience":389453,"relics_obtained":[{"floor":6,"key":"Champion Belt"},{"floor":8,"key":"Molten Egg 2"},{"floor":9,"key":"Potion Belt"}],"event_choices":[{"damage_healed":0,"gold_gain":0,"cards_transformed":["Strike_R"],"player_choice":"Transformed","damage_taken":0,"max_hp_gain":0,"max_hp_loss":0,"event_name":"Transmorgrifier","floor":4,"gold_loss":0,"cards_obtained":["Spot Weakness"]}],"is_beta":false,"boss_relics":[],"items_purged_floors":[],"is_endless":false,"potions_floor_spawned":[1,6],"killed_by":"Gremlin Nob","ascension_level":10}