{"gold_per_floor":[217,217,23,36,36,68,68,98,98,108,108,127,127,142,142,238,238,252,252,269,32,48,48,61,71,71,105,121,140,159,159,159,261,261,274,285,285,8,28,28,43,43,43,69,101,113,135,166,178,190],"floor_reached":50,"playtime":3217,"items_purged":["Normality"],"score":545,"play_id":"1689f6c8-31c2-4893-931e-12ccbf294b2b","local_time":"20180820193539","is_ascension_mode":true,"campfire_choices":[{"floor":7,"key":"REST"},{"data":"Sucker Punch","floor":11,"key":"SMITH"},{"data":"Neutralize","floor":13,"key":"SMITH"},{"data":"Calculated Gamble","floor":15,"key":"SMITH"},{"floor":23,"key":"REST"},{"floor":32,"key":"REST"},{"floor":40,"key":"REST"},{"data":"Noxious Fumes","floor":46,"key":"SMITH"},{"floor":49,"key":"REST"}],"neow_cost":"NONE","seed_source_timestamp":319160446181220,"circlet_count":0,"master_deck":["Defend_G","Defend_G","Defend_G+1","Defend_G","Strike_G","Strike_G","Strike_G+1","Strike_G","Strike_G+1","Survivor","Neutralize+1","Calculated Gamble+1","Sucker Punch+1","Phantasmal Killer+1","Heel Hook","Bane","Bane","Corpse Explosion","Shame","Parasite","Terror","Terror","Noxious Fumes+1","Poisoned Stab","Slice+1","Caltrops+1","Prepared","Footwork","PiercingWail+1","Riddle With Holes","Die Die Die","Deadly Poison+1","Prepared+1","Well Laid Plans+1","Dagger Spray+1","Dagger Throw+1","Leg Sweep+1","Prepared+1","Leg Sweep+1"],"relics":["Ring of the Serpent","Bag of Marbles","TwistedFunnel","Thread and Needle","War Paint","Calling Bell","Matryoshka","Happy Flower","Dead Branch","Regal Pillow","Whetstone","Orichalcum","Red Mask","Strange Spoon","Ninja Scroll","MawBank"],"potions_floor_usage":[6,16,18,28,29,30,33,33,39,41,47,50,50],"damage_taken":[{"damage":1,"enemies":"Cultist","floor":1,"turns":4},{"damage":0,"enemies":"2 Louse","floor":4,"turns":2},{"damage":15,"enemies":"Gremlin Nob","floor":6,"turns":4},{"damage":0,"enemies":"Jaw Worm","floor":10,"turns":2},{"damage":0,"enemies":"Large Slime","floor":12,"turns":2},{"damage":0,"enemies":"Blue Slaver","floor":14,"turns":3},{"damage":15,"enemies":"Hexaghost","floor":16,"turns":9},{"damage":7,"enemies":"2 Thieves","floor":18,"turns":2},{"damage":28,"enemies":"3 Byrds","floor":20,"turns":3},{"damage":0,"enemies":"3 Cultists","floor":22,"turns":2},{"damage":18,"enemies":"Snake Plant","floor":24,"turns":4},{"damage":0,"enemies":"Cultist and Chosen","floor":25,"turns":3},{"damage":2,"floor":27,"turns":2},{"damage":0,"enemies":"Chosen and Byrds","floor":28,"turns":3},{"damage":0,"enemies":"Snake Plant","floor":29,"turns":3},{"damage":14,"enemies":"Shelled Parasite and Fungi","floor":30,"turns":4},{"damage":38,"enemies":"Automaton","floor":33,"turns":8},{"damage":0,"enemies":"Orb Walker","floor":35,"turns":3},{"damage":0,"enemies":"3 Shapes","floor":36,"turns":4},{"damage":36,"enemies":"Spire Growth","floor":39,"turns":4},{"damage":32,"enemies":"3 Darklings","floor":41,"turns":3},{"damage":13,"enemies":"Sphere and 2 Shapes","floor":44,"turns":3},{"damage":2,"enemies":"Maw","floor":45,"turns":6},{"damage":22,"enemies":"Spire Growth","floor":47,"turns":5},{"damage":5,"enemies":"3 Darklings","floor":48,"turns":3},{"damage":80,"enemies":"Time Eater","floor":50,"turns":10}],"seed_played":"3162933025684884092","potions_obtained":[{"floor":1,"key":"SteroidPotion"},{"floor":4,"key":"FearPotion"},{"floor":10,"key":"PowerPotion"},{"floor":12,"key":"Fire Potion"},{"floor":25,"key":"Strength Potion"},{"floor":27,"key":"LiquidBronze"},{"floor":28,"key":"GhostInAJar"},{"floor":29,"key":"PowerPotion"},{"floor":30,"key":"SkillPotion"},{"floor":35,"key":"FearPotion"},{"floor":36,"key":"AttackPotion"},{"floor":41,"key":"Explosive Potion"}],"is_trial":false,"path_per_floor":["M","?","$","M","$","E","R","?","T","M","R","M","R","M","R","B",null,"M","?","M","$","M","R","M","M","T","?","M","M","M","?","R","B",null,"M","M","?","$","M","R","M","?","T","M","M","R","M","M","R"],"character_chosen":"THE_SILENT","items_purchased":["TwistedFunnel","Noxious Fumes","Regal Pillow","Poisoned Stab","Strange Spoon"],"campfire_rested":5,"item_purchase_floors":[3,21,21,21,38],"current_hp_per_floor":[69,51,51,51,51,36,57,57,57,57,57,57,57,57,57,42,70,63,63,35,35,35,70,52,52,52,50,50,50,36,36,70,32,70,70,70,70,70,34,70,38,80,80,67,65,65,57,52,80,0],"gold":190,"neow_bonus":"HUNDRED_GOLD","is_prod":false,"is_daily":false,"chose_seed":false,"campfire_upgraded":4,"win_rate":0,"timestamp":1534786539,"path_taken":["M","?","$","M","$","E","R","?","T","M","R","M","R","M","R","BOSS","M","?","?","$","M","R","M","M","T","?","M","M","M","?","R","BOSS","M","M","?","?","M","R","?","?","T","?","M","R","M","?","R","BOSS"],"build_version":"2018-08-16","purchased_purges":1,"victory":false,"max_hp_per_floor":[70,70,70,70,70,70,70,70,70,70,70,70,70,70,70,70,70,70,70,70,70,70,70,70,70,70,70,70,70,70,70,70,70,70,70,70,70,70,70,70,70,80,80,80,80,80,80,80,80,80],"card_choices":[{"not_picked":["Finisher","Dagger Spray"],"picked":"Calculated Gamble","floor":1},{"not_picked":["Deflect","Backflip"],"picked":"Sucker Punch","floor":4},{"not_picked":["Choke","Acrobatics"],"picked":"Phantasmal Killer","floor":6},{"not_picked":["Dagger Throw","Predator"],"picked":"Heel Hook","floor":10},{"not_picked":["Sucker Punch","Masterful Stab"],"picked":"Bane","floor":12},{"not_picked":["Accuracy","Outmaneuver"],"picked":"Bane","floor":14},{"not_picked":["Night Terror","Venomology"],"picked":"Corpse Explosion","floor":16},{"not_picked":["Finisher+1","Blade Dance"],"picked":"Terror","floor":18},{"not_picked":["Eviscerate","Quick Slash"],"picked":"Terror","floor":20},{"not_picked":["Poisoned Stab","Dodge and Roll"],"picked":"Slice+1","floor":22},{"not_picked":["Backflip","Cloak And Dagger"],"picked":"Caltrops+1","floor":24},{"not_picked":["Finisher","Venomology"],"picked":"Prepared","floor":25},{"not_picked":["Quick Slash","Tactician"],"picked":"Footwork","floor":27},{"not_picked":["Masterful Stab","Blade Dance+1","Acrobatics"],"picked":"SKIP","floor":28},{"not_picked":["Deadly Poison","Endless Agony"],"picked":"PiercingWail+1","floor":29},{"not_picked":["All Out Attack","Sucker Punch"],"picked":"Tools of the Trade","floor":30},{"not_picked":["Doppelganger","Storm of Steel"],"picked":"Die Die Die","floor":33},{"not_picked":["All Out Attack","Backflip"],"picked":"Deadly Poison+1","floor":35},{"not_picked":["Endless Agony+1","Expertise+1"],"picked":"Prepared+1","floor":36},{"not_picked":["Outmaneuver+1","Skewer"],"picked":"Well Laid Plans+1","floor":39},{"not_picked":["Sucker Punch","Dash"],"picked":"Dagger Spray+1","floor":41},{"not_picked":["Blade Dance+1","Acrobatics+1"],"picked":"Dagger Throw+1","floor":44},{"not_picked":["Blade Dance","Poisoned Stab"],"picked":"Leg Sweep+1","floor":45},{"not_picked":["Dodge and Roll","Deflect+1"],"picked":"Prepared+1","floor":47},{"not_picked":["Blade Dance+1","Phantasmal Killer"],"picked":"Leg Sweep+1","floor":48}],"player_experience":221269,"relics_obtained":[{"floor":6,"key":"Thread and Needle"},{"floor":9,"key":"War Paint"},{"floor":17,"key":"Matryoshka"},{"floor":17,"key":"Happy Flower"},{"floor":17,"key":"Dead Branch"},{"floor":26,"key":"Whetstone"},{"floor":26,"key":"Orichalcum"},{"floor":27,"key":"Red Mask"},{"floor":43,"key":"Ninja Scroll"},{"floor":43,"key":"MawBank"}],"event_choices":[{"event_name":"Scrap Ooze","player_choice":"success","floor":2,"damage_taken":18},{"event_name":"Dead Adventurer","player_choice":"Searched \u00272\u0027 times","floor":8,"damage_taken":0},{"event_name":"Drug Dealer","player_choice":"Ignored","floor":19,"damage_taken":0},{"event_name":"Masked Bandits","player_choice":"Fought Bandits","floor":27,"damage_taken":0},{"event_name":"The Library","player_choice":"Read","floor":31,"damage_taken":0},{"event_name":"Falling","player_choice":"Removed Skill","floor":37,"damage_taken":0},{"event_name":"Bonfire Elementals","player_choice":"RARE","floor":42,"damage_taken":0}],"is_beta":false,"boss_relics":[{"not_picked":["Black Star","Astrolabe"],"picked":"Calling Bell"},{"not_picked":["Pandora\u0027s Box","Orrery"],"picked":"Ring of the Serpent"}],"items_purged_floors":[38],"is_endless":false,"potions_floor_spawned":[1,4,10,12,25,27,28,29,30,35,36,41],"killed_by":"Time Eater","ascension_level":3}