{"gold_per_floor":[114,114,114,139,159,159,193,193,193,208,23,23,35,91,103,209,221,224,254,49,83,101,101,142,165,165,165,165,178,178,178,178,272,272,295,320,69,1068,66,110,110,125,198,0,0,15,15],"floor_reached":47,"playtime":3083,"items_purged":["Normality"],"score":939,"play_id":"7362c6a6-6960-4a90-bab2-c107e42b23cd","local_time":"20190828132449","is_ascension_mode":true,"campfire_choices":[{"data":"Disarm","floor":6,"key":"SMITH"},{"floor":8,"key":"REST"},{"data":"Juggernaut","floor":13,"key":"SMITH"},{"floor":15,"key":"REST"},{"floor":23,"key":"REST"},{"data":"Corruption","floor":27,"key":"SMITH"},{"data":"Feel No Pain","floor":30,"key":"SMITH"},{"data":"Magnetism","floor":32,"key":"SMITH"},{"data":"Juggernaut","floor":41,"key":"SMITH"}],"neow_cost":"NONE","seed_source_timestamp":745324723404000,"circlet_count":0,"master_deck":["AscendersBane","Defend_R+1","Defend_R","Defend_R","Defend_R","Bash","Juggernaut+1","Disarm+1","Disarm","Entrench","Power Through","Corruption+1","Shockwave","Impervious","Flame Barrier+1","Rage","Feel No Pain+1","Magnetism+1","Battle Trance+1","Sentinel","Bite","Bite","Bite","Bite","Bite","Juggernaut+1","Dual Wield+1","Sentinel+1","Warcry+1","Havoc+1","Normality","The Bomb+1","Trip+1","Entrench+1","Seeing Red+1","Havoc+1","Armaments+1","Flame Barrier+1"],"relics":["Burning Blood","Golden Idol","Calipers","Du-Vu Doll","Red Skull","MawBank","Strawberry","Empty Cage","Smiling Mask","Toxic Egg 2","Philosopher\u0027s Stone","War Paint","TheAbacus","PreservedInsect","Vajra","Centennial Puzzle","The Courier","Red Mask","Mercury Hourglass"],"potions_floor_usage":[24,33,33,47,47],"damage_taken":[{"damage":8,"enemies":"2 Louse","floor":1,"turns":3},{"damage":9,"enemies":"Jaw Worm","floor":4,"turns":4},{"damage":2,"enemies":"Cultist","floor":5,"turns":4},{"damage":23,"enemies":"Lagavulin","floor":7,"turns":8},{"damage":13,"enemies":"Looter","floor":10,"turns":4},{"damage":33,"enemies":"3 Sentries","floor":14,"turns":6},{"damage":32,"enemies":"Hexaghost","floor":16,"turns":12},{"damage":14,"enemies":"2 Thieves","floor":18,"turns":5},{"damage":14,"enemies":"Chosen","floor":19,"turns":8},{"damage":10,"enemies":"Snecko","floor":21,"turns":7},{"damage":13,"enemies":"Snake Plant","floor":22,"turns":6},{"damage":19,"enemies":"Book of Stabbing","floor":24,"turns":5},{"damage":17,"enemies":"Cultist and Chosen","floor":25,"turns":7},{"damage":19,"enemies":"3 Cultists","floor":29,"turns":7},{"damage":50,"enemies":"Collector","floor":33,"turns":12},{"damage":0,"enemies":"Orb Walker","floor":35,"turns":4},{"damage":17,"enemies":"3 Darklings","floor":36,"turns":4},{"damage":0,"enemies":"Nemesis","floor":40,"turns":7},{"damage":4,"enemies":"Transient","floor":42,"turns":5},{"damage":20,"enemies":"Jaw Worm Horde","floor":46,"turns":3},{"damage":53,"enemies":"Reptomancer","floor":47,"turns":2}],"seed_played":"6197996017176509409","potions_obtained":[{"floor":1,"key":"Explosive Potion"},{"floor":10,"key":"FearPotion"},{"floor":16,"key":"LiquidBronze"},{"floor":24,"key":"Block Potion"},{"floor":25,"key":"Dexterity Potion"},{"floor":36,"key":"Weak Potion"},{"floor":40,"key":"FearPotion"}],"is_trial":false,"path_per_floor":["M","?","?","M","M","R","E","R","T","M","$","?","R","E","R","B",null,"M","M","$","M","M","R","E","M","T","R","?","M","R","?","R","B",null,"M","M","$","?","$","E","R","M","T","?","T","M","E"],"character_chosen":"IRONCLAD","items_purchased":["Corruption","Red Skull","Feel No Pain","Magnetism","Warcry+1","War Paint","Havoc+1","The Bomb+1","Trip+1","Entrench+1","Seeing Red+1","TheAbacus","PreservedInsect","Vajra"],"campfire_rested":3,"item_purchase_floors":[11,11,20,20,37,37,37,39,39,39,39,39,39,39],"current_hp_per_floor":[66,71,51,48,52,52,35,59,59,52,52,52,52,32,58,32,73,65,57,57,53,46,72,59,48,48,48,48,47,47,47,47,29,52,60,55,55,55,55,60,60,60,60,60,60,50,0],"gold":15,"neow_bonus":"ONE_RANDOM_RARE_CARD","is_prod":false,"is_daily":false,"chose_seed":false,"campfire_upgraded":6,"win_rate":0,"timestamp":1567023889,"path_taken":["M","?","?","M","M","R","E","R","T","M","$","?","R","E","R","BOSS","M","?","$","M","M","R","E","M","T","R","?","M","R","?","R","BOSS","M","M","$","?","$","E","R","M","T","?","?","?","E"],"build_version":"2019-07-17","purchased_purges":1,"victory":false,"max_hp_per_floor":[75,80,80,80,80,80,80,80,80,80,80,80,80,87,87,87,87,87,87,87,87,87,87,87,87,87,87,60,60,60,60,60,60,60,60,60,60,60,60,60,60,60,60,60,60,60,60],"card_choices":[{"not_picked":["Thunderclap","Heavy Blade"],"picked":"Combust","floor":1},{"not_picked":["Armaments","Pommel Strike"],"picked":"Disarm","floor":4},{"not_picked":["Wild Strike","Armaments"],"picked":"Disarm","floor":5},{"not_picked":["Blood for Blood","Evolve"],"picked":"Entrench","floor":7},{"not_picked":["Wild Strike","Inflame"],"picked":"Power Through","floor":10},{"not_picked":["Hemokinesis","Clash"],"picked":"Shockwave","floor":14},{"not_picked":["Feed","Limit Break"],"picked":"Impervious","floor":16},{"not_picked":["Sword Boomerang","Iron Wave"],"picked":"Flame Barrier+1","floor":18},{"not_picked":["Headbutt+1","Corruption"],"picked":"Rage","floor":19},{"not_picked":["Bloodletting","Pommel Strike","Rupture"],"picked":"SKIP","floor":21},{"not_picked":["Wild Strike","Cleave","Thunderclap"],"picked":"SKIP","floor":22},{"not_picked":["Demon Form","Wild Strike"],"picked":"Battle Trance","floor":24},{"not_picked":["Blood for Blood","Wild Strike"],"picked":"Sentinel","floor":25},{"not_picked":["Sword Boomerang+1","Heavy Blade","Sever Soul"],"picked":"SKIP","floor":29},{"not_picked":["Limit Break+1","Fiend Fire"],"picked":"Juggernaut","floor":33},{"not_picked":["Dropkick+1","True Grit+1"],"picked":"Dual Wield+1","floor":35},{"not_picked":["Headbutt","Shrug It Off+1"],"picked":"Sentinel+1","floor":36},{"not_picked":["Thunderclap","Dual Wield+1"],"picked":"Havoc+1","floor":40},{"not_picked":["Iron Wave","Fiend Fire"],"picked":"Armaments+1","floor":42},{"not_picked":["Sword Boomerang","Flex+1"],"picked":"Flame Barrier+1","floor":46}],"player_experience":257917,"relics_obtained":[{"floor":7,"key":"Calipers"},{"floor":9,"key":"Du-Vu Doll"},{"floor":14,"key":"Strawberry"},{"floor":24,"key":"Smiling Mask"},{"floor":26,"key":"Toxic Egg 2"},{"floor":40,"key":"Centennial Puzzle"},{"floor":43,"key":"The Courier"},{"floor":45,"key":"Mercury Hourglass"}],"event_choices":[{"damage_healed":0,"gold_gain":0,"player_choice":"Donut","damage_taken":0,"max_hp_gain":5,"max_hp_loss":0,"event_name":"Big Fish","floor":2,"gold_loss":0},{"damage_healed":0,"gold_gain":0,"player_choice":"Take Damage","damage_taken":20,"relics_obtained":["Golden Idol"],"max_hp_gain":0,"max_hp_loss":0,"event_name":"Golden Idol","floor":3,"gold_loss":0},{"damage_healed":0,"gold_gain":0,"player_choice":"Gave Potion","damage_taken":0,"relics_obtained":["MawBank"],"max_hp_gain":0,"max_hp_loss":0,"event_name":"WeMeetAgain","floor":12,"gold_loss":0},{"damage_healed":0,"gold_gain":0,"player_choice":"Became a vampire","damage_taken":0,"max_hp_gain":0,"max_hp_loss":27,"event_name":"Vampires","floor":28,"gold_loss":0,"cards_obtained":["Bite","Bite","Bite","Bite","Bite"]},{"damage_healed":0,"gold_gain":0,"player_choice":"Ignored","damage_taken":0,"max_hp_gain":0,"max_hp_loss":0,"event_name":"The Mausoleum","floor":31,"gold_loss":0},{"damage_healed":0,"gold_gain":999,"player_choice":"Gold","damage_taken":0,"max_hp_gain":0,"max_hp_loss":0,"event_name":"MindBloom","floor":38,"gold_loss":0,"cards_obtained":["Normality","Normality"]},{"damage_healed":0,"gold_gain":0,"player_choice":"Paid","damage_taken":0,"relics_obtained":["Red Mask"],"max_hp_gain":0,"max_hp_loss":0,"event_name":"Tomb of Lord Red Mask","floor":44,"gold_loss":198}],"is_beta":false,"boss_relics":[{"not_picked":["White Beast Statue","Velvet Choker"],"picked":"Empty Cage"},{"not_picked":["Eternal Feather","Runic Cube"],"picked":"Philosopher\u0027s Stone"}],"items_purged_floors":[39],"is_endless":false,"potions_floor_spawned":[1,10,16,21,24,25,36,40],"killed_by":"Reptomancer","ascension_level":14}