{"gold_per_floor":[113,113,113,78,78,78,93,109,109,284,302,81,81,101,101,205,205,225,225,242,341,357,357,357],"floor_reached":24,"playtime":764,"items_purged":["Doubt"],"score":248,"play_id":"5e9ee02e-eab6-4c0e-9b41-add08993004f","local_time":"20181119184730","is_ascension_mode":true,"campfire_choices":[{"data":"Flex","floor":6,"key":"SMITH"},{"data":"Bash","floor":13,"key":"SMITH"},{"data":"Shockwave","floor":15,"key":"SMITH"},{"data":"Infernal Blade","floor":23,"key":"SMITH"}],"neow_cost":"NONE","seed_source_timestamp":153171711425018,"circlet_count":0,"master_deck":["Strike_R","Strike_R","Strike_R","Strike_R+1","Strike_R","Defend_R","Defend_R+1","Defend_R","Defend_R","Bash+1","Flex+1","Headbutt","Shockwave+1","Warcry","Feed+1","Juggernaut","Rage","Thunderclap","Infernal Blade+1"],"relics":["Burning Blood","Meat on the Bone","Shuriken","Bronze Scales","White Beast Statue"],"potions_floor_usage":[1,7,11,18,18,18,20,22,24],"damage_taken":[{"damage":12,"enemies":"Jaw Worm","floor":1,"turns":3},{"damage":0,"enemies":"2 Louse","floor":7,"turns":3},{"damage":12,"enemies":"Small Slimes","floor":8,"turns":2},{"damage":6,"enemies":"Looter","floor":11,"turns":2},{"damage":6,"enemies":"Lots of Slimes","floor":14,"turns":3},{"damage":50,"enemies":"Hexaghost","floor":16,"turns":8},{"damage":23,"enemies":"2 Thieves","floor":18,"turns":3},{"damage":12,"enemies":"3 Byrds","floor":20,"turns":3},{"damage":60,"enemies":"Shelled Parasite and Fungi","floor":22,"turns":5},{"damage":38,"enemies":"Snake Plant","floor":24,"turns":2}],"seed_played":"4568303520429567996","potions_obtained":[{"floor":0,"key":"Weak Potion"},{"floor":0,"key":"Swift Potion"},{"floor":0,"key":"EssenceOfSteel"},{"floor":7,"key":"SteroidPotion"},{"floor":8,"key":"Fire Potion"},{"floor":16,"key":"PowerPotion"},{"floor":18,"key":"Explosive Potion"},{"floor":20,"key":"Swift Potion"},{"floor":22,"key":"SpeedPotion"}],"is_trial":false,"path_per_floor":["M","?","?","?","T","R","M","M","T","?","M","$","R","M","R","B",null,"M","?","M","?","M","R","M"],"character_chosen":"IRONCLAD","items_purchased":["Bronze Scales"],"campfire_rested":0,"item_purchase_floors":[12],"current_hp_per_floor":[74,58,63,84,84,84,85,79,79,79,79,79,79,79,79,47,85,71,71,69,69,31,31,0],"gold":357,"neow_bonus":"THREE_SMALL_POTIONS","is_prod":false,"is_daily":false,"chose_seed":false,"campfire_upgraded":4,"win_rate":0,"timestamp":1542649650,"path_taken":["M","?","?","?","?","R","M","?","T","?","M","$","R","M","R","BOSS","M","?","?","?","M","R","M"],"build_version":"2018-11-15","purchased_purges":1,"victory":false,"max_hp_per_floor":[80,80,85,85,85,85,85,85,85,85,85,85,85,85,85,85,85,88,88,92,92,96,96,96],"card_choices":[{"not_picked":["Dual Wield","Sword Boomerang"],"picked":"Flex","floor":1},{"not_picked":["Intimidate","Clothesline"],"picked":"Headbutt","floor":7},{"not_picked":["Cleave","Searing Blow"],"picked":"Shockwave","floor":8},{"not_picked":["Pommel Strike","Shrug It Off"],"picked":"Warcry","floor":11},{"not_picked":["Havoc","Clash"],"picked":"Feed","floor":14},{"not_picked":["Impervious","Barricade"],"picked":"Juggernaut","floor":16},{"not_picked":["Anger+1","Havoc"],"picked":"Rage","floor":18},{"not_picked":["Twin Strike","Body Slam"],"picked":"Thunderclap","floor":20},{"not_picked":["Disarm","Blood for Blood"],"picked":"Infernal Blade","floor":22}],"player_experience":286620,"relics_obtained":[{"floor":5,"key":"Meat on the Bone"},{"floor":9,"key":"Shuriken"}],"event_choices":[{"damage_healed":0,"gold_gain":0,"player_choice":"Entered Light","damage_taken":16,"max_hp_gain":0,"max_hp_loss":0,"event_name":"Shining Light","floor":2,"gold_loss":0,"cards_upgraded":["Defend_R","Strike_R"]},{"damage_healed":0,"gold_gain":0,"player_choice":"Donut","damage_taken":0,"max_hp_gain":5,"max_hp_loss":0,"event_name":"Big Fish","floor":3,"gold_loss":0},{"damage_healed":21,"gold_gain":0,"player_choice":"Healed","damage_taken":0,"max_hp_gain":0,"max_hp_loss":0,"event_name":"The Cleric","floor":4,"gold_loss":35},{"damage_healed":0,"gold_gain":175,"player_choice":"AGREE","damage_taken":0,"max_hp_gain":0,"max_hp_loss":0,"event_name":"Liars Game","floor":10,"gold_loss":0,"cards_obtained":["Doubt"]},{"damage_healed":0,"gold_gain":0,"player_choice":"Upgraded","damage_taken":0,"max_hp_gain":0,"max_hp_loss":0,"event_name":"Upgrade Shrine","floor":19,"gold_loss":0,"cards_upgraded":["Feed"]},{"damage_healed":0,"gold_gain":99,"player_choice":"Stole From Cult","damage_taken":0,"max_hp_gain":0,"max_hp_loss":0,"event_name":"Nest","floor":21,"gold_loss":0}],"is_beta":false,"boss_relics":[{"not_picked":["Runic Pyramid","Snecko Eye"],"picked":"White Beast Statue"}],"items_purged_floors":[12],"is_endless":false,"potions_floor_spawned":[7,8,16,18,20,22],"killed_by":"Snake Plant","ascension_level":4}