{"gold_per_floor":[119,119,136,147,72,72,89,123,146,146,161,161,189,199,199,199],"floor_reached":16,"playtime":1083,"items_purged":["Regret"],"score":224,"play_id":"3b08d340-45df-48d1-8828-635a4244b4d0","local_time":"20190826222631","is_ascension_mode":true,"campfire_choices":[{"data":"Rip and Tear","floor":6,"key":"SMITH"},{"floor":10,"key":"REST"},{"data":"Zap","floor":12,"key":"SMITH"},{"data":"Consume","floor":15,"key":"SMITH"}],"neow_cost":"CURSE","seed_source_timestamp":530057042045100,"circlet_count":0,"master_deck":["AscendersBane","Strike_B","Strike_B","Strike_B","Strike_B","Defend_B","Defend_B","Defend_B","Defend_B","Zap+1","Dualcast","Conserve Battery","Rip and Tear+1","Glacier","Chill","Echo Form","FTL","Consume+1","Steam"],"relics":["Cracked Core","Lantern","Juzu Bracelet","Orichalcum"],"potions_floor_usage":[13,16],"damage_taken":[{"damage":17,"enemies":"Small Slimes","floor":1,"turns":4},{"damage":4,"enemies":"Cultist","floor":3,"turns":4},{"damage":10,"enemies":"2 Louse","floor":4,"turns":2},{"damage":31,"enemies":"Gremlin Gang","floor":7,"turns":6},{"damage":26,"enemies":"3 Sentries","floor":8,"turns":12},{"damage":7,"enemies":"Lots of Slimes","floor":11,"turns":5},{"damage":6,"enemies":"Gremlin Nob","floor":13,"turns":3},{"damage":1,"enemies":"Blue Slaver","floor":14,"turns":4},{"damage":26,"enemies":"Hexaghost","floor":16,"turns":11}],"seed_played":"-2374891629914569415","potions_obtained":[{"floor":8,"key":"Poison Potion"},{"floor":11,"key":"GamblersBrew"},{"floor":13,"key":"SpeedPotion"}],"is_trial":false,"path_per_floor":["M","?","M","M","$","R","M","E","T","R","M","R","E","M","R","B"],"character_chosen":"DEFECT","items_purchased":[],"campfire_rested":1,"item_purchase_floors":[],"current_hp_per_floor":[47,81,77,67,67,67,36,10,10,34,27,27,21,20,20,0],"gold":199,"neow_bonus":"THREE_RARE_CARDS","is_prod":false,"is_daily":false,"chose_seed":false,"campfire_upgraded":3,"win_rate":0,"timestamp":1566872791,"path_taken":["M","?","M","M","$","R","M","E","T","R","M","R","E","M","R","BOSS"],"build_version":"2019-07-17","purchased_purges":1,"victory":false,"max_hp_per_floor":[71,81,81,81,81,81,81,81,81,81,81,81,81,81,81,81],"card_choices":[{"not_picked":["Creative AI","Amplify"],"picked":"Thunder Strike","floor":0},{"not_picked":["Beam Cell","Scrape"],"picked":"Conserve Battery","floor":1},{"not_picked":["Steam","Self Repair"],"picked":"Rip and Tear","floor":3},{"not_picked":["Gash","Cold Snap"],"picked":"Glacier","floor":4},{"not_picked":["Force Field","Streamline"],"picked":"Chill","floor":7},{"not_picked":["Cold Snap","Rebound"],"picked":"Echo Form","floor":8},{"not_picked":["Stack","Conserve Battery"],"picked":"FTL","floor":11},{"not_picked":["Sweeping Beam","Streamline"],"picked":"Consume","floor":13},{"not_picked":["Loop","Streamline"],"picked":"Steam","floor":14}],"player_experience":442337,"relics_obtained":[{"floor":8,"key":"Lantern"},{"floor":9,"key":"Juzu Bracelet"},{"floor":13,"key":"Orichalcum"}],"event_choices":[{"cards_removed":["Thunder Strike"],"damage_healed":24,"gold_gain":0,"player_choice":"Offered Rare","damage_taken":0,"max_hp_gain":10,"max_hp_loss":0,"event_name":"Bonfire Elementals","floor":2,"gold_loss":0}],"is_beta":false,"boss_relics":[],"items_purged_floors":[5],"is_endless":false,"potions_floor_spawned":[8,11,13],"killed_by":"Hexaghost","ascension_level":20}