{"gold_per_floor":[119,129,146,158,4,4,37,37,63,63,63,79,93,93,93,190,190,205,219,235,247,247,277,310,310,333,333,361,380,380,391,391,391],"floor_reached":33,"playtime":2288,"items_purged":[],"score":289,"play_id":"87abfffd-8bc9-4589-b409-7d226d7790c9","local_time":"20190815012719","is_ascension_mode":false,"campfire_choices":[{"data":"Zap","floor":6,"key":"SMITH"},{"data":"Beam Cell","floor":8,"key":"SMITH"},{"data":"Dualcast","floor":10,"key":"SMITH"},{"data":"Coolheaded","floor":15,"key":"SMITH"},{"data":"Redo","floor":25,"key":"SMITH"},{"floor":27,"key":"REST"},{"floor":30,"key":"REST"},{"floor":32,"key":"REST"}],"neow_cost":"NONE","seed_source_timestamp":1974299216264227,"circlet_count":0,"master_deck":["Strike_B","Strike_B","Strike_B","Strike_B","Defend_B","Defend_B","Defend_B","Zap+1","Dualcast+1","Rebound","Coolheaded+1","Beam Cell+1","Streamline","Redo+1","Cold Snap+1","Gash+1","Writhe","Reboot","Cold Snap"],"relics":["FrozenCore","Bag of Preparation","Orichalcum","Oddly Smooth Stone","Dream Catcher","PreservedInsect","Lantern","Red Mask","Happy Flower","Matryoshka"],"potions_floor_usage":[7,23,23,24,33],"damage_taken":[{"damage":3,"enemies":"Small Slimes","floor":1,"turns":4},{"damage":6,"enemies":"Jaw Worm","floor":2,"turns":2},{"damage":2,"enemies":"2 Louse","floor":3,"turns":2},{"damage":10,"enemies":"Looter","floor":4,"turns":2},{"damage":15,"enemies":"Lagavulin","floor":7,"turns":7},{"damage":0,"enemies":"Blue Slaver","floor":12,"turns":2},{"damage":0,"enemies":"Large Slime","floor":13,"turns":3},{"damage":28,"enemies":"The Guardian","floor":16,"turns":10},{"damage":12,"enemies":"2 Thieves","floor":18,"turns":3},{"damage":2,"enemies":"Chosen","floor":19,"turns":4},{"damage":9,"enemies":"Centurion and Healer","floor":20,"turns":7},{"damage":11,"enemies":"Shelled Parasite and Fungi","floor":21,"turns":7},{"damage":26,"enemies":"Slavers","floor":23,"turns":5},{"damage":0,"enemies":"Masked Bandits","floor":24,"turns":3},{"damage":18,"enemies":"Book of Stabbing","floor":28,"turns":4},{"damage":12,"enemies":"Snecko","floor":29,"turns":4},{"damage":9,"enemies":"Centurion and Healer","floor":31,"turns":7},{"damage":62,"enemies":"Champ","floor":33,"turns":11}],"seed_played":"1150162341253590082","potions_obtained":[{"floor":3,"key":"LiquidBronze"},{"floor":4,"key":"Poison Potion"},{"floor":13,"key":"Block Potion"},{"floor":18,"key":"PowerPotion"},{"floor":29,"key":"SteroidPotion"},{"floor":31,"key":"GamblersBrew"}],"is_trial":false,"path_per_floor":["M","M","M","M","$","R","E","R","T","R","?","M","M","?","R","B",null,"M","M","M","M","?","E","?","R","T","R","E","M","R","M","R","B"],"character_chosen":"DEFECT","items_purchased":["Bag of Preparation"],"campfire_rested":3,"item_purchase_floors":[5],"current_hp_per_floor":[79,73,71,61,61,61,46,46,46,46,46,46,46,34,34,6,82,70,68,59,48,48,22,22,22,22,46,28,16,40,31,55,0],"gold":391,"neow_bonus":"TEN_PERCENT_HP_BONUS","is_prod":false,"is_daily":false,"chose_seed":false,"campfire_upgraded":5,"win_rate":0,"timestamp":1565800039,"path_taken":["M","M","M","M","$","R","E","R","T","R","?","M","M","?","R","BOSS","M","M","M","M","?","E","?","R","T","R","E","M","R","M","R","BOSS"],"build_version":"2019-07-05","purchased_purges":0,"victory":false,"max_hp_per_floor":[82,82,82,82,82,82,82,82,82,82,82,82,82,82,82,82,82,82,82,82,82,82,82,82,82,82,82,82,82,82,82,82,82],"card_choices":[{"not_picked":["Barrage","Conserve Battery"],"picked":"Rebound","floor":1},{"not_picked":["Doom and Gloom","Turbo"],"picked":"Coolheaded","floor":2},{"not_picked":["Ball Lightning","Skim"],"picked":"Beam Cell","floor":3},{"not_picked":["Coolheaded","Rebound"],"picked":"Streamline","floor":4},{"not_picked":["Hologram","Conserve Battery","Sweeping Beam"],"picked":"SKIP","floor":7},{"not_picked":["Recycle","Beam Cell","Heatsinks"],"picked":"SKIP","floor":12},{"not_picked":["Darkness","Recycle","Blizzard"],"picked":"SKIP","floor":13},{"not_picked":["Conserve Battery","Go for the Eyes"],"picked":"Redo","floor":18},{"not_picked":["Sunder","Go for the Eyes","Streamline"],"picked":"SKIP","floor":19},{"not_picked":["Storm+1","Turbo+1"],"picked":"Cold Snap+1","floor":20},{"not_picked":["Recycle","Buffer"],"picked":"Gash+1","floor":21},{"not_picked":["Fusion","Electrodynamics","Barrage"],"picked":"SKIP","floor":23},{"not_picked":["Aggregate","Hello World"],"picked":"Reboot","floor":28},{"not_picked":["Stack+1","Static Discharge+1","Beam Cell"],"picked":"SKIP","floor":29},{"not_picked":["Reinforced Body","Streamline","Turbo"],"picked":"SKIP","floor":31},{"not_picked":["Go for the Eyes","Compile Driver+1"],"picked":"Cold Snap","floor":32}],"player_experience":489297,"relics_obtained":[{"floor":7,"key":"Orichalcum"},{"floor":9,"key":"Oddly Smooth Stone"},{"floor":23,"key":"Lantern"},{"floor":24,"key":"Red Mask"},{"floor":26,"key":"Happy Flower"},{"floor":28,"key":"Matryoshka"}],"event_choices":[{"cards_removed":["Defend_B"],"damage_healed":0,"gold_gain":0,"player_choice":"Forget","damage_taken":0,"max_hp_gain":0,"max_hp_loss":0,"event_name":"Living Wall","floor":11,"gold_loss":0},{"damage_healed":0,"gold_gain":0,"player_choice":"Success","damage_taken":12,"relics_obtained":["Dream Catcher"],"max_hp_gain":0,"max_hp_loss":0,"event_name":"Scrap Ooze","floor":14,"gold_loss":0},{"damage_healed":0,"gold_gain":0,"player_choice":"Opened","damage_taken":0,"relics_obtained":["PreservedInsect"],"max_hp_gain":0,"max_hp_loss":0,"event_name":"The Mausoleum","floor":22,"gold_loss":0,"cards_obtained":["Writhe"]},{"damage_healed":0,"gold_gain":0,"player_choice":"Fought Bandits","damage_taken":0,"max_hp_gain":0,"max_hp_loss":0,"event_name":"Masked Bandits","floor":24,"gold_loss":0}],"is_beta":false,"boss_relics":[{"not_picked":["Cursed Key","Eternal Feather"],"picked":"FrozenCore"}],"items_purged_floors":[],"is_endless":false,"potions_floor_spawned":[3,4,13,18,29,31],"killed_by":"Champ","ascension_level":0}