{"gold_per_floor":[113,133,146,146,158,158,158,158,182,201,211,221,221,221,221,316,316,336,336,30,44,54,54,68,68,68,81,98,98,112,128,128,232,232,242,258,15,0,10,10,110,110,191,208,41,41,41,76,76,76],"floor_reached":50,"playtime":2521,"items_purged":[],"score":518,"play_id":"1333f841-8cc8-4483-ac35-dfe3b9b3d1d8","local_time":"20190827194058","is_ascension_mode":false,"campfire_choices":[{"data":"Bludgeon","floor":6,"key":"SMITH"},{"data":"Perfected Strike","floor":8,"key":"SMITH"},{"data":"Pommel Strike","floor":15,"key":"SMITH"},{"data":"Double Tap","floor":23,"key":"SMITH"},{"floor":29,"key":"REST"},{"floor":32,"key":"REST"},{"data":"Perfected Strike","floor":40,"key":"SMITH"},{"data":"Demon Form","floor":42,"key":"SMITH"},{"data":"Apotheosis","floor":46,"key":"SMITH"},{"data":"Perfected Strike","floor":49,"key":"SMITH"}],"neow_cost":"NONE","seed_source_timestamp":1083398097802399,"circlet_count":0,"master_deck":["Strike_R","Strike_R","Strike_R","Strike_R","Strike_R","Defend_R","Defend_R","Defend_R","Defend_R","Bash","Bludgeon+1","Battle Trance","Perfected Strike+1","Clash","Decay","Pommel Strike+1","Pommel Strike","Intimidate+1","Double Tap+1","Pommel Strike","Wild Strike","Wild Strike+1","Metallicize","Perfected Strike+1","Perfected Strike+1","Immolate","Demon Form+1","Shockwave+1","Wild Strike+1","Perfected Strike+1","Apotheosis+1"],"relics":["Burning Blood","Ancient Tea Set","Velvet Choker","Boot","Bronze Scales","Matryoshka","Eternal Feather","Kunai","Red Mask","Ice Cream","Anchor","Mummified Hand","Question Card"],"potions_floor_usage":[27,33,33,33,50,50,50],"damage_taken":[{"damage":1,"enemies":"Cultist","floor":1,"turns":3},{"damage":0,"enemies":"Small Slimes","floor":2,"turns":3},{"damage":11,"enemies":"Jaw Worm","floor":3,"turns":2},{"damage":11,"enemies":"3 Louse","floor":5,"turns":4},{"damage":18,"enemies":"Exordium Thugs","floor":10,"turns":3},{"damage":7,"enemies":"Looter","floor":11,"turns":3},{"damage":8,"enemies":"Exordium Wildlife","floor":12,"turns":3},{"damage":9,"enemies":"Slime Boss","floor":16,"turns":7},{"damage":2,"enemies":"3 Byrds","floor":18,"turns":4},{"damage":10,"enemies":"Spheric Guardian","floor":21,"turns":3},{"damage":23,"enemies":"Snake Plant","floor":22,"turns":3},{"damage":24,"enemies":"Sentry and Sphere","floor":24,"turns":4},{"damage":28,"enemies":"Centurion and Healer","floor":27,"turns":5},{"damage":10,"enemies":"Cultist and Chosen","floor":28,"turns":2},{"damage":10,"enemies":"Sentry and Sphere","floor":30,"turns":3},{"damage":2,"enemies":"Centurion and Healer","floor":31,"turns":4},{"damage":62,"enemies":"Champ","floor":33,"turns":9},{"damage":15,"enemies":"3 Darklings","floor":35,"turns":3},{"damage":11,"enemies":"3 Shapes","floor":36,"turns":2},{"damage":21,"enemies":"Spire Growth","floor":39,"turns":3},{"damage":0,"enemies":"Mind Bloom Boss Battle","floor":41,"turns":2},{"damage":0,"enemies":"Sphere and 2 Shapes","floor":44,"turns":4},{"damage":34,"enemies":"Giant Head","floor":48,"turns":6},{"damage":80,"enemies":"Donu and Deca","floor":50,"turns":4}],"seed_played":"188671339169034198","potions_obtained":[{"floor":3,"key":"LiquidBronze"},{"floor":10,"key":"EssenceOfSteel"},{"floor":11,"key":"Explosive Potion"},{"floor":19,"key":"BloodPotion"},{"floor":28,"key":"EntropicBrew"},{"floor":33,"key":"SteroidPotion"}],"is_trial":false,"path_per_floor":["M","M","M","?","M","R","$","R","T","M","M","M","?","?","R","B",null,"M","?","$","M","M","R","M","$","T","M","M","R","M","M","R","B",null,"M","M","$","?","M","R","?","R","T","M","$","R","$","E","R","B"],"character_chosen":"IRONCLAD","items_purchased":["Boot","Bronze Scales","Kunai","Apotheosis"],"campfire_rested":2,"item_purchase_floors":[20,20,37,45],"current_hp_per_floor":[80,80,75,75,70,70,70,70,70,58,57,55,55,55,55,52,80,80,80,80,76,59,59,41,41,41,39,35,59,55,59,80,24,80,71,66,66,66,51,66,72,80,80,80,80,80,80,52,70,0],"gold":76,"neow_bonus":"ONE_RANDOM_RARE_CARD","is_prod":false,"is_daily":false,"chose_seed":false,"campfire_upgraded":8,"win_rate":0,"timestamp":1566960058,"path_taken":["M","?","M","?","?","R","$","R","T","M","M","M","?","?","R","BOSS","M","?","$","M","M","R","M","?","T","M","M","R","?","M","R","BOSS","M","M","$","?","M","R","?","R","T","M","$","R","?","E","R","BOSS"],"build_version":"2019-07-17","purchased_purges":0,"victory":false,"max_hp_per_floor":[80,80,80,80,80,80,80,80,80,80,80,80,80,80,80,80,80,80,80,80,80,80,80,80,80,80,80,80,80,80,80,80,80,80,80,80,80,80,80,80,80,80,80,80,80,80,80,80,80,80],"card_choices":[{"not_picked":["Headbutt","Clash"],"picked":"Battle Trance","floor":1},{"not_picked":["Pummel","Inflame"],"picked":"Perfected Strike","floor":2},{"not_picked":["Blood for Blood","Infernal Blade"],"picked":"Clash","floor":3},{"not_picked":["Clothesline","Thunderclap","Shrug It Off"],"picked":"SKIP","floor":5},{"not_picked":["Shockwave","Fiend Fire"],"picked":"Pommel Strike","floor":10},{"not_picked":["Sword Boomerang","Clothesline"],"picked":"Pommel Strike","floor":11},{"not_picked":["Corruption","Burning Pact"],"picked":"Intimidate","floor":12},{"not_picked":["Barricade","Juggernaut"],"picked":"Double Tap","floor":16},{"not_picked":["Flex","Shrug It Off+1"],"picked":"Pommel Strike","floor":18},{"not_picked":["Headbutt+1","True Grit+1"],"picked":"Wild Strike","floor":21},{"not_picked":["Iron Wave","Intimidate"],"picked":"Wild Strike+1","floor":22},{"not_picked":["Armaments+1","Bloodletting+1"],"picked":"Metallicize","floor":24},{"not_picked":["Clothesline","Pommel Strike+1"],"picked":"Perfected Strike","floor":27},{"not_picked":["True Grit","Twin Strike+1"],"picked":"Perfected Strike+1","floor":28},{"not_picked":["Anger","Intimidate"],"picked":"Immolate","floor":30},{"not_picked":["Hemokinesis","Thunderclap","Shrug It Off"],"picked":"SKIP","floor":31},{"not_picked":["Limit Break","Fiend Fire"],"picked":"Demon Form","floor":33},{"not_picked":["Spot Weakness","Evolve+1"],"picked":"Shockwave+1","floor":35},{"not_picked":["Burning Pact","Anger+1","Cleave"],"picked":"SKIP","floor":36},{"not_picked":["Pommel Strike","Sever Soul+1"],"picked":"Wild Strike+1","floor":39},{"not_picked":["Battle Trance","Flex+1"],"picked":"Perfected Strike","floor":44},{"not_picked":["Seeing Red","Ghostly Armor","Entrench"],"picked":"SKIP","floor":48}],"player_experience":89108,"relics_obtained":[{"floor":9,"key":"Ancient Tea Set"},{"floor":26,"key":"Matryoshka"},{"floor":41,"key":"Ice Cream"},{"floor":43,"key":"Anchor"},{"floor":43,"key":"Mummified Hand"},{"floor":48,"key":"Question Card"}],"event_choices":[{"damage_healed":0,"gold_gain":0,"player_choice":"Cursed","damage_taken":0,"max_hp_gain":0,"max_hp_loss":0,"event_name":"Wheel of Change","floor":4,"gold_loss":0,"cards_obtained":["Decay"]},{"damage_healed":0,"gold_gain":0,"player_choice":"Ignored","damage_taken":0,"max_hp_gain":0,"max_hp_loss":0,"event_name":"Liars Game","floor":13,"gold_loss":0},{"damage_healed":0,"gold_gain":0,"player_choice":"Forge","damage_taken":0,"max_hp_gain":0,"max_hp_loss":0,"event_name":"Accursed Blacksmith","floor":14,"gold_loss":0,"cards_upgraded":["Intimidate"]},{"damage_healed":0,"gold_gain":0,"player_choice":"Got Potions","damage_taken":0,"max_hp_gain":0,"max_hp_loss":0,"event_name":"Lab","floor":19,"gold_loss":0},{"damage_healed":0,"gold_gain":0,"player_choice":"Paid","damage_taken":0,"relics_obtained":["Red Mask"],"max_hp_gain":0,"max_hp_loss":0,"event_name":"Tomb of Lord Red Mask","floor":38,"gold_loss":15},{"damage_healed":0,"gold_gain":0,"player_choice":"Fight","damage_taken":0,"max_hp_gain":0,"max_hp_loss":0,"event_name":"MindBloom","floor":41,"gold_loss":0}],"is_beta":false,"boss_relics":[{"not_picked":["Pandora\u0027s Box","Runic Pyramid"],"picked":"Velvet Choker"},{"not_picked":["Mark of Pain","Orrery"],"picked":"Eternal Feather"}],"items_purged_floors":[],"is_endless":false,"potions_floor_spawned":[3,10,11,16,24,28,30,33,35,44,48],"killed_by":"Donu and Deca","ascension_level":0}