{"gold_per_floor":[117,127,138,152,169,169,181,27,53,65,65,84,84,95,95,194,194,177,177,194,213,213],"floor_reached":22,"playtime":1431,"items_purged":[],"score":184,"play_id":"580d1f40-0537-4272-92a4-4b0db166ed44","local_time":"20190814161810","is_ascension_mode":false,"campfire_choices":[{"data":"Auto Shields","floor":6,"key":"SMITH"},{"data":"Blizzard","floor":11,"key":"SMITH"},{"data":"Cold Snap","floor":13,"key":"SMITH"},{"floor":15,"key":"REST"}],"neow_cost":"NONE","seed_source_timestamp":1942208324767171,"circlet_count":0,"master_deck":["Strike_B","Strike_B+1","Strike_B","Strike_B+1","Defend_B","Defend_B","Defend_B","Defend_B","Zap","Dualcast","Auto Shields+1","Blizzard+1","Capacitor","Cold Snap+1","Seek"],"relics":["FrozenCore","Whetstone","Bag of Preparation","Art of War"],"potions_floor_usage":[5,16,16],"damage_taken":[{"damage":6,"enemies":"Jaw Worm","floor":1,"turns":2},{"damage":0,"enemies":"2 Louse","floor":2,"turns":1},{"damage":0,"enemies":"Cultist","floor":3,"turns":3},{"damage":12,"enemies":"2 Fungi Beasts","floor":4,"turns":3},{"damage":4,"enemies":"Lots of Slimes","floor":5,"turns":4},{"damage":1,"enemies":"3 Louse","floor":7,"turns":4},{"damage":19,"enemies":"Large Slime","floor":10,"turns":6},{"damage":5,"enemies":"Blue Slaver","floor":12,"turns":4},{"damage":0,"enemies":"Red Slaver","floor":14,"turns":2},{"damage":29,"enemies":"Slime Boss","floor":16,"turns":7},{"damage":19,"enemies":"2 Thieves","floor":18,"turns":4},{"damage":1,"enemies":"Shell Parasite","floor":20,"turns":7},{"damage":32,"enemies":"Chosen and Byrds","floor":21,"turns":11},{"damage":13,"enemies":"Centurion and Healer","floor":22,"turns":2}],"seed_played":"13310594485681530","potions_obtained":[{"floor":1,"key":"Fire Potion"},{"floor":2,"key":"SkillPotion"},{"floor":4,"key":"Swift Potion"},{"floor":12,"key":"FocusPotion"},{"floor":21,"key":"Swift Potion"}],"is_trial":false,"path_per_floor":["M","M","M","M","M","R","M","$","T","M","R","M","R","M","R","B",null,"M","?","M","M","M"],"character_chosen":"DEFECT","items_purchased":["Bag of Preparation"],"campfire_rested":1,"item_purchase_floors":[8],"current_hp_per_floor":[69,69,69,57,53,53,52,52,52,33,33,28,28,28,50,21,75,56,42,41,9,0],"gold":213,"neow_bonus":"RANDOM_COMMON_RELIC","is_prod":false,"is_daily":false,"chose_seed":false,"campfire_upgraded":3,"win_rate":0,"timestamp":1565767090,"path_taken":["M","M","M","M","M","R","M","$","T","M","R","M","R","M","R","BOSS","M","?","M","M","M"],"build_version":"2019-07-05","purchased_purges":0,"victory":false,"max_hp_per_floor":[75,75,75,75,75,75,75,75,75,75,75,75,75,75,75,75,75,75,80,80,80,80],"card_choices":[{"not_picked":["Melter","Glacier"],"picked":"Auto Shields","floor":1},{"not_picked":["Fusion","Rebound"],"picked":"Blizzard","floor":2},{"not_picked":["Rebound","Go for the Eyes","Streamline"],"picked":"SKIP","floor":3},{"not_picked":["Recycle","Barrage","Rebound"],"picked":"SKIP","floor":4},{"not_picked":["Tempest","Stack"],"picked":"Capacitor","floor":5},{"not_picked":["Steam","Go for the Eyes","Ball Lightning"],"picked":"SKIP","floor":7},{"not_picked":["Turbo","Leap"],"picked":"Cold Snap","floor":10},{"not_picked":["Force Field","Hyperbeam","Steam"],"picked":"SKIP","floor":12},{"not_picked":["Capacitor","Compile Driver","Redo"],"picked":"SKIP","floor":14},{"not_picked":["Rainbow","Creative AI"],"picked":"Seek","floor":16},{"not_picked":["Rebound","Streamline","Redo"],"picked":"SKIP","floor":18},{"not_picked":["Conserve Battery","Sunder","BootSequence"],"picked":"SKIP","floor":20},{"not_picked":["Streamline","Leap","Sweeping Beam+1"],"picked":"SKIP","floor":21}],"player_experience":485442,"relics_obtained":[{"floor":9,"key":"Art of War"}],"event_choices":[{"damage_healed":0,"gold_gain":0,"player_choice":"Shed Blood","damage_taken":19,"max_hp_gain":5,"max_hp_loss":0,"event_name":"Forgotten Altar","floor":19,"gold_loss":0}],"is_beta":false,"boss_relics":[{"not_picked":["Sozu","Eternal Feather"],"picked":"FrozenCore"}],"items_purged_floors":[],"is_endless":false,"potions_floor_spawned":[1,2,4,12,21],"killed_by":"Centurion and Healer","ascension_level":0}