{"gold_per_floor":[115,133,133,148,168,168,168,193,193,193,6,6,24,44,44,139,139,162,187,187,230,53,53],"floor_reached":23,"playtime":2227,"items_purged":[],"score":344,"play_id":"b6cc299e-ea77-4aed-bacb-97c3e6597568","local_time":"20190726213422","is_ascension_mode":true,"campfire_choices":[{"floor":6,"key":"REST"},{"data":"Zap","floor":12,"key":"SMITH"},{"data":"Hologram","floor":15,"key":"SMITH"}],"neow_cost":"PERCENT_DAMAGE","seed_source_timestamp":259041262962892,"circlet_count":0,"master_deck":["AscendersBane","Strike_B","Strike_B+1","Strike_B","Defend_B","Defend_B","Defend_B","Defend_B+1","Zap+1","Dualcast","Go for the Eyes","Hologram+1","Cold Snap","Echo Form","Aggregate","All For One","Streamline","Stack","Genetic Algorithm","Machine Learning","Turbo","Leap","Steam Power","Impatience"],"relics":["Cracked Core","Dodecahedron","Symbiotic Virus","Golden Idol","Anchor","Eternal Feather","Red Mask"],"potions_floor_usage":[5,16,18,19,23],"damage_taken":[{"damage":7,"enemies":"Jaw Worm","floor":1,"turns":3},{"damage":1,"enemies":"Cultist","floor":2,"turns":3},{"damage":0,"enemies":"2 Louse","floor":4,"turns":2},{"damage":0,"enemies":"Large Slime","floor":5,"turns":6},{"damage":6,"enemies":"Lagavulin","floor":8,"turns":8},{"damage":1,"enemies":"3 Louse","floor":13,"turns":2},{"damage":0,"enemies":"Exordium Thugs","floor":14,"turns":4},{"damage":19,"enemies":"The Guardian","floor":16,"turns":9},{"damage":2,"enemies":"Chosen","floor":18,"turns":5},{"damage":0,"enemies":"Spheric Guardian","floor":19,"turns":4},{"damage":53,"enemies":"Masked Bandits","floor":21,"turns":6},{"damage":37,"enemies":"Book of Stabbing","floor":23,"turns":6}],"seed_played":"-8047480877866514347","potions_obtained":[{"floor":1,"key":"SpeedPotion"},{"floor":14,"key":"SpeedPotion"},{"floor":16,"key":"EntropicBrew"},{"floor":18,"key":"Ancient Potion"}],"is_trial":false,"path_per_floor":["M","M","?","M","M","R","?","E","T","?","$","R","M","M","R","B",null,"M","M","?","?","$","E"],"character_chosen":"DEFECT","items_purchased":["Anchor","Streamline","Impatience","Regen Potion"],"campfire_rested":1,"item_purchase_floors":[11,11,22,22],"current_hp_per_floor":[53,52,26,26,26,51,51,45,45,45,45,45,44,44,44,25,64,62,62,62,9,9,0],"gold":53,"neow_bonus":"TWENTY_PERCENT_HP_BONUS","is_prod":false,"is_daily":false,"chose_seed":false,"campfire_upgraded":2,"win_rate":0,"timestamp":1564191262,"path_taken":["M","M","?","M","M","R","?","E","T","?","?","R","?","M","R","BOSS","M","M","?","?","$","E"],"build_version":"2019-07-17","purchased_purges":0,"victory":false,"max_hp_per_floor":[85,85,85,85,85,85,85,85,85,77,77,77,77,77,77,77,77,77,77,77,77,77,77],"card_choices":[{"not_picked":["Storm","Heatsinks"],"picked":"Go for the Eyes","floor":1},{"not_picked":["Steam Power","Barrage"],"picked":"Hologram","floor":2},{"not_picked":["Aggregate","Sweeping Beam"],"picked":"Cold Snap","floor":4},{"not_picked":["Go for the Eyes","Blizzard"],"picked":"Echo Form","floor":5},{"not_picked":["Redo","Sweeping Beam"],"picked":"All For One","floor":8},{"not_picked":["Sweeping Beam","Barrage"],"picked":"Stack","floor":13},{"not_picked":["Static Discharge","Streamline"],"picked":"Genetic Algorithm","floor":14},{"not_picked":["Core Surge","Rainbow"],"picked":"Machine Learning","floor":16},{"not_picked":["Chaos","Streamline+1"],"picked":"Turbo","floor":18},{"not_picked":["Barrage","Streamline"],"picked":"Leap","floor":19},{"not_picked":["Turbo","Steam"],"picked":"Steam Power","floor":21}],"player_experience":299134,"relics_obtained":[{"floor":8,"key":"Dodecahedron"},{"floor":9,"key":"Symbiotic Virus"},{"floor":21,"key":"Red Mask"}],"event_choices":[{"damage_healed":0,"gold_gain":0,"player_choice":"Entered Light","damage_taken":26,"max_hp_gain":0,"max_hp_loss":0,"event_name":"Shining Light","floor":3,"gold_loss":0,"cards_upgraded":["Strike_B","Defend_B"]},{"damage_healed":0,"gold_gain":0,"cards_transformed":["Strike_B"],"player_choice":"Change","damage_taken":0,"max_hp_gain":0,"max_hp_loss":0,"event_name":"Living Wall","floor":7,"gold_loss":0,"cards_obtained":["Aggregate"]},{"damage_healed":0,"gold_gain":0,"player_choice":"Lose Max HP","damage_taken":0,"relics_obtained":["Golden Idol"],"max_hp_gain":0,"max_hp_loss":8,"event_name":"Golden Idol","floor":10,"gold_loss":0},{"damage_healed":0,"gold_gain":0,"player_choice":"Ignored","damage_taken":0,"max_hp_gain":0,"max_hp_loss":0,"event_name":"Ghosts","floor":20,"gold_loss":0},{"damage_healed":0,"gold_gain":0,"player_choice":"Fought Bandits","damage_taken":0,"max_hp_gain":0,"max_hp_loss":0,"event_name":"Masked Bandits","floor":21,"gold_loss":0}],"is_beta":false,"boss_relics":[{"not_picked":["Ectoplasm","Pandora\u0027s Box"],"picked":"Eternal Feather"}],"items_purged_floors":[],"is_endless":false,"potions_floor_spawned":[1,14,16,18],"killed_by":"Book of Stabbing","ascension_level":16}