{"gold_per_floor":[110,110,121,121,296,326,346,346,346,346,245,245,264,274,274,373,373,384,100,100,33,46,46,66,66,134,134,134,151,151,178,178,278,278,289,289,164,164,14,14,14,14,38,50,23,23,43,61,61,61],"floor_reached":51,"playtime":2761,"items_purged":["Regret","Pain","Pain","Doubt"],"score":820,"play_id":"e0ba3769-49df-49e7-9287-0f619bfd9069","local_time":"20190104123018","is_ascension_mode":true,"campfire_choices":[{"data":"Footwork","floor":8,"key":"SMITH"},{"data":"Die Die Die","floor":12,"key":"SMITH"},{"data":"Dodge and Roll","floor":15,"key":"SMITH"},{"data":"Apotheosis","floor":23,"key":"SMITH"},{"floor":28,"key":"REST"},{"floor":30,"key":"REST"},{"floor":32,"key":"REST"},{"data":"After Image","floor":40,"key":"SMITH"},{"floor":42,"key":"REST"},{"data":"Leg Sweep","floor":46,"key":"SMITH"},{"floor":49,"key":"REST"}],"neow_cost":"NONE","seed_source_timestamp":440758455929994,"circlet_count":0,"master_deck":["Defend_G","Defend_G","Defend_G","Defend_G","Strike_G","Strike_G","Survivor","Neutralize","Riddle With Holes","Skewer","Dodge and Roll+1","Choke","Footwork+1","Die Die Die+1","PiercingWail","Blade Dance","Dagger Throw","After Image+1","Decay","Blade Dance+1","Apotheosis+1","Accuracy","Leg Sweep+1","Cloak And Dagger","Well Laid Plans+1","Backflip+1","Die Die Die","Blur+1","PiercingWail","Terror+1","Blade Dance"],"relics":["Ring of the Snake","NeowsBlessing","Ornamental Fan","Art of War","Ninja Scroll","Calling Bell","Bronze Scales","Mercury Hourglass","Mango","Dodecahedron","Pocketwatch","WristBlade","Pen Nib"],"potions_floor_usage":[33,48,48,50,50],"damage_taken":[{"damage":0,"enemies":"Small Slimes","floor":1,"turns":1},{"damage":0,"enemies":"Jaw Worm","floor":3,"turns":1},{"damage":0,"enemies":"3 Sentries","floor":6,"turns":1},{"damage":0,"enemies":"2 Louse","floor":7,"turns":2},{"damage":8,"enemies":"Exordium Thugs","floor":13,"turns":6},{"damage":0,"enemies":"Large Slime","floor":14,"turns":4},{"damage":55,"enemies":"Hexaghost","floor":16,"turns":15},{"damage":3,"enemies":"3 Byrds","floor":18,"turns":3},{"damage":0,"enemies":"Chosen","floor":22,"turns":4},{"damage":21,"enemies":"Sentry and Sphere","floor":24,"turns":5},{"damage":27,"enemies":"Chosen and Byrds","floor":29,"turns":5},{"damage":14,"enemies":"Book of Stabbing","floor":31,"turns":6},{"damage":44,"enemies":"Champ","floor":33,"turns":15},{"damage":4,"enemies":"Orb Walker","floor":35,"turns":5},{"damage":2,"enemies":"3 Darklings","floor":44,"turns":4},{"damage":9,"enemies":"Maw","floor":47,"turns":8},{"damage":18,"enemies":"Writhing Mass","floor":48,"turns":5},{"damage":33,"enemies":"Awakened One","floor":50,"turns":14}],"seed_played":"4894047015570693050","potions_obtained":[{"floor":3,"key":"Dexterity Potion"},{"floor":13,"key":"GhostInAJar"},{"floor":16,"key":"Energy Potion"},{"floor":44,"key":"Fire Potion"},{"floor":48,"key":"AttackPotion"}],"is_trial":false,"path_per_floor":["M","?","M","?","?","E","M","R","T","?","$","R","M","M","R","B",null,"M","$","?","$","M","R","M","?","T","?","R","M","R","E","R","B",null,"M","?","$","?","$","R","?","R","T","M","$","R","M","M","R","B",null],"character_chosen":"THE_SILENT","items_purchased":["PiercingWail","Apotheosis","Accuracy","PiercingWail"],"campfire_rested":5,"item_purchase_floors":[11,19,21,45],"current_hp_per_floor":[70,70,70,70,70,70,70,70,70,70,70,70,62,62,62,7,68,65,65,65,65,65,65,44,44,44,44,69,42,67,53,78,34,72,68,68,68,68,68,68,68,84,84,82,82,82,73,55,80,47],"gold":61,"neow_bonus":"THREE_ENEMY_KILL","is_prod":false,"is_daily":false,"chose_seed":false,"campfire_upgraded":6,"win_rate":0,"timestamp":1546572618,"path_taken":["M","?","M","?","?","E","M","R","T","?","$","R","?","M","R","BOSS","M","$","?","?","?","R","M","?","T","?","R","M","R","E","R","BOSS","M","?","$","?","$","R","?","R","T","?","$","R","M","M","R","BOSS"],"build_version":"2019-01-03","purchased_purges":4,"victory":true,"max_hp_per_floor":[70,70,70,70,70,70,70,70,70,70,70,70,70,70,70,70,84,84,84,84,84,84,84,84,84,84,84,84,84,84,84,84,84,84,84,84,84,84,84,84,84,84,84,84,84,84,84,84,84,84],"card_choices":[{"not_picked":["Slice","Outmaneuver"],"picked":"Riddle With Holes","floor":1},{"not_picked":["Slice","Poisoned Stab"],"picked":"Dodge and Roll","floor":3},{"not_picked":["Accuracy","Predator"],"picked":"Choke","floor":6},{"not_picked":["Bane","Dagger Spray"],"picked":"Footwork","floor":7},{"not_picked":["Setup","Choke"],"picked":"Blade Dance","floor":13},{"not_picked":["Caltrops","Reflex"],"picked":"Dagger Throw","floor":14},{"not_picked":["Bullet Time","Unload"],"picked":"After Image","floor":16},{"not_picked":["Dagger Spray","Poisoned Stab"],"picked":"Blade Dance+1","floor":18},{"not_picked":["Poisoned Stab","Escape Plan+1"],"picked":"Leg Sweep","floor":22},{"not_picked":["Deadly Poison","Bane"],"picked":"Cloak And Dagger","floor":24},{"not_picked":["Crippling Poison","Deadly Poison"],"picked":"Well Laid Plans+1","floor":29},{"not_picked":["Outmaneuver","Flying Knee","Slice"],"picked":"SKIP","floor":31},{"not_picked":["Calculated Gamble+1","Bane+1"],"picked":"Backflip+1","floor":35},{"not_picked":["Masterful Stab+1","Cloak And Dagger"],"picked":"Blur+1","floor":44},{"not_picked":["Heel Hook","Deadly Poison"],"picked":"Terror+1","floor":47},{"not_picked":["Deadly Poison","Quick Slash"],"picked":"Blade Dance","floor":48}],"player_experience":141029,"relics_obtained":[{"floor":6,"key":"Art of War"},{"floor":9,"key":"Ninja Scroll"},{"floor":17,"key":"Bronze Scales"},{"floor":17,"key":"Mercury Hourglass"},{"floor":17,"key":"Mango"},{"floor":26,"key":"Dodecahedron"},{"floor":31,"key":"Pocketwatch"},{"floor":43,"key":"Pen Nib"}],"event_choices":[{"damage_healed":0,"gold_gain":0,"cards_transformed":["Strike_G"],"player_choice":"Change","damage_taken":0,"max_hp_gain":0,"max_hp_loss":0,"event_name":"Living Wall","floor":2,"gold_loss":0,"cards_obtained":["Skewer"]},{"damage_healed":0,"gold_gain":0,"player_choice":"Box","damage_taken":0,"relics_obtained":["Ornamental Fan"],"max_hp_gain":0,"max_hp_loss":0,"event_name":"Big Fish","floor":4,"gold_loss":0,"cards_obtained":["Regret"]},{"damage_healed":0,"gold_gain":175,"player_choice":"AGREE","damage_taken":0,"max_hp_gain":0,"max_hp_loss":0,"event_name":"Liars Game","floor":5,"gold_loss":0,"cards_obtained":["Doubt"]},{"damage_healed":0,"gold_gain":0,"cards_transformed":["Strike_G"],"player_choice":"Transformed","damage_taken":0,"max_hp_gain":0,"max_hp_loss":0,"event_name":"Transmorgrifier","floor":10,"gold_loss":0,"cards_obtained":["Die Die Die"]},{"damage_healed":0,"gold_gain":0,"player_choice":"Leave","damage_taken":0,"max_hp_gain":0,"max_hp_loss":0,"event_name":"FaceTrader","floor":20,"gold_loss":0},{"damage_healed":0,"gold_gain":0,"player_choice":"Ignored","damage_taken":0,"max_hp_gain":0,"max_hp_loss":0,"event_name":"Ghosts","floor":25,"gold_loss":0},{"damage_healed":0,"gold_gain":0,"player_choice":"Ignored","damage_taken":0,"max_hp_gain":0,"max_hp_loss":0,"event_name":"Vampires","floor":27,"gold_loss":0},{"cards_removed":["Defend_G"],"damage_healed":0,"gold_gain":0,"player_choice":"Removed Skill","damage_taken":0,"max_hp_gain":0,"max_hp_loss":0,"event_name":"Falling","floor":36,"gold_loss":0},{"damage_healed":0,"gold_gain":0,"player_choice":"Ignored","damage_taken":0,"max_hp_gain":0,"max_hp_loss":0,"event_name":"Mysterious Sphere","floor":38,"gold_loss":0},{"damage_healed":0,"gold_gain":0,"cards_transformed":["Strike_G"],"player_choice":"Transformed","damage_taken":0,"max_hp_gain":0,"max_hp_loss":0,"event_name":"Transmorgrifier","floor":41,"gold_loss":0,"cards_obtained":["Die Die Die"]}],"is_beta":false,"boss_relics":[{"not_picked":["Ring of the Serpent","Pandora\u0027s Box"],"picked":"Calling Bell"},{"not_picked":["Astrolabe","Orrery"],"picked":"WristBlade"}],"items_purged_floors":[11,19,37,39],"is_endless":false,"potions_floor_spawned":[3,13,16,18,24,29,31,44,48],"ascension_level":5}