{"gold_per_floor":[116,66,66,86,106,106,139,159,210,210,62,91,91,101,101,200,200,173,173,88,88,98,98,127,127,127,147,167,180,180,194,194,299,299,319,139,139,157,177,177,177,189,214,214],"floor_reached":44,"playtime":5906,"items_purged":["Regret","Defend_B"],"score":460,"play_id":"c3f65a64-36ed-4384-a72f-9d489c9eed2c","local_time":"20190627123042","is_ascension_mode":false,"campfire_choices":[{"data":"Cold Snap","floor":6,"key":"SMITH"},{"data":"Reprogram","floor":10,"key":"SMITH"},{"data":"Consume","floor":13,"key":"SMITH"},{"data":"Cold Snap","floor":15,"key":"SMITH"},{"data":"1","floor":23,"key":"LIFT"},{"data":"2","floor":25,"key":"LIFT"},{"data":"3","floor":30,"key":"LIFT"},{"floor":32,"key":"REST"},{"data":"Coolheaded","floor":40,"key":"SMITH"}],"neow_cost":"NONE","seed_source_timestamp":712182762405284,"circlet_count":0,"master_deck":["Strike_B","Strike_B+1","Strike_B+1","Defend_B","Zap","Dualcast","BootSequence","Cold Snap","Cold Snap+1","Reprogram","Reprogram+1","Consume+1","Glacier","Cold Snap+1","Echo Form","Conserve Battery+1","Coolheaded+1","Redo+1","Echo Form+1","Streamline+1","Electrodynamics+1","Defragment+1","Capacitor+1","Storm+1","Conserve Battery","Parasite"],"relics":["Cracked Core","Ornamental Fan","Lantern","Orichalcum","Odd Mushroom","Nuclear Battery","Girya","Whetstone","Frozen Egg 2","Black Star","Pen Nib"],"potions_floor_usage":[7,16,27,31,33,41,41,41],"damage_taken":[{"damage":0,"enemies":"Cultist","floor":1,"turns":4},{"damage":0,"enemies":"2 Louse","floor":4,"turns":2},{"damage":3,"enemies":"Jaw Worm","floor":5,"turns":5},{"damage":18,"enemies":"3 Sentries","floor":7,"turns":5},{"damage":0,"enemies":"2 Fungi Beasts","floor":8,"turns":3},{"damage":4,"enemies":"The Mushroom Lair","floor":12,"turns":6},{"damage":0,"enemies":"Blue Slaver","floor":14,"turns":5},{"damage":14,"enemies":"Slime Boss","floor":16,"turns":14},{"damage":25,"enemies":"2 Thieves","floor":18,"turns":5},{"damage":13,"enemies":"Spheric Guardian","floor":22,"turns":7},{"damage":3,"enemies":"Book of Stabbing","floor":24,"turns":9},{"damage":3,"enemies":"Snecko","floor":27,"turns":6},{"damage":7,"enemies":"Shelled Parasite and Fungi","floor":28,"turns":6},{"damage":0,"enemies":"Centurion and Healer","floor":29,"turns":8},{"damage":0,"enemies":"Snecko","floor":31,"turns":5},{"damage":14,"enemies":"Champ","floor":33,"turns":10},{"damage":12,"enemies":"3 Shapes","floor":35,"turns":4},{"damage":26,"enemies":"3 Darklings","floor":38,"turns":9},{"damage":0,"enemies":"4 Shapes","floor":39,"turns":5},{"damage":31,"enemies":"Reptomancer","floor":41,"turns":3},{"damage":9,"enemies":"Maw","floor":42,"turns":7},{"damage":4,"enemies":"Writhing Mass","floor":44,"turns":4}],"seed_played":"-7229957021011981974","potions_obtained":[{"floor":1,"key":"AttackPotion"},{"floor":5,"key":"SneckoOil"},{"floor":7,"key":"EssenceOfSteel"},{"floor":14,"key":"Strength Potion"},{"floor":22,"key":"Dexterity Potion"},{"floor":24,"key":"PowerPotion"},{"floor":28,"key":"FearPotion"},{"floor":29,"key":"Dexterity Potion"},{"floor":38,"key":"SmokeBomb"},{"floor":39,"key":"LiquidBronze"}],"is_trial":false,"path_per_floor":["M","?","?","M","M","R","E","M","T","R","$","?","R","M","R","B",null,"M","?","?","?","M","R","E","R","T","M","M","M","R","M","R","B",null,"M","$","?","M","M","R","E","M","T","M"],"character_chosen":"DEFECT","items_purchased":["Consume","Defragment+1"],"campfire_rested":1,"item_purchase_floors":[11,36],"current_hp_per_floor":[82,82,82,82,79,79,61,61,61,61,61,57,57,57,57,43,82,57,41,41,41,28,28,25,25,25,22,15,15,15,15,39,25,82,70,70,70,44,44,44,13,4,4,0],"gold":214,"neow_bonus":"TEN_PERCENT_HP_BONUS","is_prod":false,"is_daily":false,"chose_seed":false,"campfire_upgraded":5,"win_rate":0.0,"timestamp":1561606242,"path_taken":["M","?","?","M","M","R","E","M","T","R","?","?","R","M","R","BOSS","M","?","?","?","M","R","E","R","T","M","M","M","R","M","R","BOSS","M","$","?","M","M","R","E","M","T","?"],"build_version":"2019-01-23","purchased_purges":2,"victory":false,"max_hp_per_floor":[82,82,82,82,82,82,82,82,82,82,82,82,82,82,82,82,82,82,82,82,82,82,82,82,82,82,82,82,82,82,82,82,82,82,82,82,82,82,82,82,82,82,82,82],"card_choices":[{"not_picked":["Hologram","Undo"],"picked":"BootSequence","floor":1},{"not_picked":["Sweeping Beam","Barrage"],"picked":"Cold Snap","floor":4},{"not_picked":["Compile Driver","Rebound"],"picked":"Cold Snap","floor":5},{"not_picked":["Stack","Rebound"],"picked":"Reprogram","floor":7},{"not_picked":["FTL","Rebound"],"picked":"Reprogram","floor":8},{"not_picked":["Reprogram","Leap"],"picked":"Glacier","floor":12},{"not_picked":["Hologram","Darkness"],"picked":"Cold Snap","floor":14},{"not_picked":["All For One","Reboot"],"picked":"Echo Form","floor":16},{"not_picked":["Barrage+1","Go for the Eyes+1"],"picked":"Conserve Battery+1","floor":18},{"not_picked":["Compile Driver+1","Gash+1"],"picked":"Coolheaded","floor":22},{"not_picked":["Streamline+1","Rebound+1"],"picked":"Redo+1","floor":24},{"not_picked":["Steam Power+1","Gash+1","Steam"],"picked":"SKIP","floor":27},{"not_picked":["Hologram","Leap"],"picked":"Echo Form+1","floor":28},{"not_picked":["Rip and Tear","Streamline","Compile Driver"],"picked":"SKIP","floor":29},{"not_picked":["Melter","Leap"],"picked":"Streamline+1","floor":31},{"not_picked":["Amplify","Multi-Cast"],"picked":"Electrodynamics+1","floor":33},{"not_picked":["Hello World+1","Leap","Redo"],"picked":"SKIP","floor":35},{"not_picked":["Lockon","Ball Lightning"],"picked":"Capacitor+1","floor":38},{"not_picked":["Amplify","Chill"],"picked":"Storm+1","floor":39},{"not_picked":["Beam Cell","Coolheaded+1"],"picked":"Conserve Battery","floor":42}],"player_experience":47741,"relics_obtained":[{"floor":7,"key":"Lantern"},{"floor":9,"key":"Orichalcum"},{"floor":12,"key":"Odd Mushroom"},{"floor":24,"key":"Whetstone"},{"floor":26,"key":"Frozen Egg 2"},{"floor":43,"key":"Pen Nib"}],"event_choices":[{"cards_removed":["Strike_B"],"damage_healed":0,"gold_gain":0,"player_choice":"Card Removal","damage_taken":0,"max_hp_gain":0,"max_hp_loss":0,"event_name":"The Cleric","floor":2,"gold_loss":50},{"damage_healed":0,"gold_gain":0,"player_choice":"Box","damage_taken":0,"relics_obtained":["Ornamental Fan"],"max_hp_gain":0,"max_hp_loss":0,"event_name":"Big Fish","floor":3,"gold_loss":0,"cards_obtained":["Regret"]},{"damage_healed":0,"gold_gain":0,"player_choice":"Fought Mushrooms","damage_taken":0,"max_hp_gain":0,"max_hp_loss":0,"event_name":"Mushrooms","floor":12,"gold_loss":0},{"damage_healed":0,"gold_gain":0,"player_choice":"Obtained Book","damage_taken":16,"max_hp_gain":0,"max_hp_loss":0,"event_name":"Cursed Tome","floor":19,"gold_loss":0},{"damage_healed":0,"gold_gain":0,"player_choice":"Obtained Relic","damage_taken":0,"relics_obtained":["Girya"],"max_hp_gain":0,"max_hp_loss":0,"event_name":"Addict","floor":20,"gold_loss":85},{"cards_removed":["Defend_B"],"damage_healed":0,"gold_gain":0,"player_choice":"Elegance","damage_taken":0,"max_hp_gain":0,"max_hp_loss":0,"event_name":"Back to Basics","floor":21,"gold_loss":0},{"cards_removed":["Defend_B"],"damage_healed":0,"gold_gain":0,"player_choice":"Purged","damage_taken":0,"max_hp_gain":0,"max_hp_loss":0,"event_name":"Purifier","floor":37,"gold_loss":0}],"is_beta":false,"boss_relics":[{"not_picked":["White Beast Statue","Runic Pyramid"],"picked":"Nuclear Battery"},{"not_picked":["FrozenCore","Eternal Feather"],"picked":"Black Star"}],"items_purged_floors":[11,36],"is_endless":false,"potions_floor_spawned":[1,5,7,14,22,24,28,29,38,39,41],"killed_by":"Writhing Mass","ascension_level":0}