{"path_per_floor":["M","M","M","M","M","E","R","E","T","E","?","R","?","M","R","B",null,"M","?","M","M","M","$","R","M","T","M","?","R","M","E","R"],"character_chosen":"IRONCLAD","items_purchased":["Apotheosis","Shockwave","Meat on the Bone","Armaments"],"gold_per_floor":[118,133,150,169,180,206,206,238,309,340,340,340,399,412,412,514,514,526,486,504,521,533,10,10,25,98,110,110,110,130,162,162],"floor_reached":33,"campfire_rested":5,"playtime":3418,"current_hp_per_floor":[47,52,50,52,45,21,49,35,35,11,11,39,41,47,75,21,76,68,68,56,45,31,31,31,27,27,40,25,49,52,36,60],"items_purged":[],"gold":162,"play_id":"d73880dd-6ab9-48b8-a41d-42de5ed2227a","is_prod":false,"is_daily":false,"is_ascension_mode":false,"campfire_upgraded":1,"path_taken":["M","M","M","M","M","E","R","E","T","E","?","R","?","M","R","BOSS","M","?","M","M","M","$","R","M","T","M","?","R","M","E","R","BOSS"],"build_version":"2018-01-25-PROD3","purchased_purges":0,"victory":false,"master_deck":["Strike_R","Strike_R","Strike_R","Strike_R","Strike_R","Defend_R","Defend_R","Defend_R","Defend_R","Bash","Rampage","Armaments","Inflame","Anger","Clothesline","Headbutt","Rampage","Shrug It Off","Searing Blow","Cleave","Demon Form","Heavy Blade+1","Flex+1","Rupture+1","Flex","Apotheosis+1","Shockwave","Armaments","Spot Weakness","Hemokinesis+1","Fire Breathing","Armaments+1"],"max_hp_per_floor":[96,96,96,96,96,96,96,96,96,96,96,96,96,96,96,96,76,76,76,76,76,76,76,76,76,76,76,81,81,81,81,81],"relics":["Burning Blood","Letter Opener","Vajra","Toolbox","Juzu Bracelet","Bag of Preparation","Runic Cube","Meat on the Bone","Shuriken","Ancient Tea Set"],"card_choices":[{"not_picked":["True Grit","Clash"],"picked":"Rampage"},{"not_picked":["Iron Wave","Fire Breathing"],"picked":"Armaments"},{"not_picked":["Shrug It Off","Second Wind"],"picked":"Inflame"},{"not_picked":["Warcry","Thunderclap"],"picked":"Anger"},{"not_picked":["Flex","Shrug It Off"],"picked":"Clothesline"},{"not_picked":["Dark Embrace","Cleave"],"picked":"Headbutt"},{"not_picked":["Anger","Second Wind"],"picked":"Rampage"},{"not_picked":["Blood for Blood","Clash"],"picked":"Shrug It Off"},{"not_picked":["Cleave","Body Slam"],"picked":"Searing Blow"},{"not_picked":["Clothesline","Sword Boomerang"],"picked":"Cleave"},{"not_picked":["Impervious","Juggernaut"],"picked":"Demon Form"},{"not_picked":["Fire Breathing","Twin Strike"],"picked":"Heavy Blade"},{"not_picked":["True Grit","Seeing Red"],"picked":"Flex"},{"not_picked":["Clothesline","True Grit"],"picked":"Rupture"},{"not_picked":["Second Wind","Feel No Pain"],"picked":"Flex"},{"not_picked":["True Grit","Warcry"],"picked":"Spot Weakness"},{"not_picked":["Body Slam","Blood for Blood"],"picked":"Hemokinesis"},{"not_picked":["Sever Soul","Second Wind"],"picked":"Fire Breathing"},{"not_picked":["Fiend Fire","Anger"],"picked":"Armaments"}],"player_experience":19162,"potions_floor_usage":[4,6,10,13,16,20,21,21,21,27,31],"damage_taken":[{"damage":7,"enemies":"2 Louse","floor":1,"turns":3},{"damage":1,"enemies":"Cultist","floor":2,"turns":3},{"damage":8,"enemies":"Jaw Worm","floor":3,"turns":4},{"damage":4,"enemies":"Red Slaver","floor":4,"turns":4},{"damage":13,"enemies":"3 Louse","floor":5,"turns":4},{"damage":30,"enemies":"3 Sentries","floor":6,"turns":6},{"damage":20,"enemies":"Gremlin Nob","floor":8,"turns":4},{"damage":30,"enemies":"3 Sentries","floor":10,"turns":4},{"damage":4,"enemies":"Gremlin Nob","floor":13,"turns":3},{"damage":0,"enemies":"2 Fungi Beasts","floor":14,"turns":2},{"damage":64,"enemies":"Hexaghost","floor":16,"turns":10},{"damage":14,"enemies":"Spheric Guardian","floor":18,"turns":4},{"damage":18,"enemies":"3 Byrds","floor":20,"turns":6},{"damage":32,"enemies":"Slaver and Parasite","floor":21,"turns":7},{"damage":20,"enemies":"3 Cultists","floor":22,"turns":5},{"damage":22,"enemies":"Snecko","floor":25,"turns":4},{"damage":5,"enemies":"Centurion and Healer","floor":27,"turns":6},{"damage":15,"enemies":"3 Cultists","floor":30,"turns":4},{"damage":34,"enemies":"Gremlin Leader","floor":31,"turns":7},{"damage":101,"enemies":"Automaton","floor":33,"turns":6}],"event_choices":[{"event_name":"Shining Light","player_choice":"Ignored","floor":11,"damage_taken":0},{"event_name":"Dead Adventurer","player_choice":"Searched \u00272\u0027 times","floor":13,"damage_taken":0},{"event_name":"The Woman in Blue","player_choice":"Bought 3 Potions","floor":19,"damage_taken":0},{"event_name":"Forgotten Altar","player_choice":"Shed Blood","floor":28,"damage_taken":0}],"boss_relics":[{"not_picked":["Snecko Eye","Philosopher\u0027s Stone"],"picked":"Runic Cube"}],"potions_floor_spawned":[2,3,5,6,13,20,21,30,31],"seed_played":"1077364651520569081","killed_by":"Automaton","ascension_level":0,"is_trial":false}