{"gold_per_floor":[111,111,17,32,51,77,77,93,93,107,107,135,147,31,31,108,108,121,36,36,51,25,25,52,52,79,94,94,128,139,149,149,222,222,233,233,251,265,121,121,141,416,416,427,427,427,427,33,33,33,33,33,33,33],"floor_reached":54,"playtime":4229,"items_purged":["Strike_B","Regret"],"score":1184,"play_id":"4cdc5656-75cf-4574-bcd5-d4ae51b4cc92","local_time":"20190720144545","is_ascension_mode":true,"campfire_choices":[{"data":"Buffer","floor":7,"key":"SMITH"},{"floor":11,"key":"REST"},{"data":"Storm","floor":15,"key":"SMITH"},{"data":"Electrodynamics","floor":23,"key":"SMITH"},{"floor":28,"key":"REST"},{"floor":32,"key":"REST"},{"floor":40,"key":"REST"},{"floor":46,"key":"RECALL"},{"data":"Heatsinks","floor":49,"key":"SMITH"},{"floor":52,"key":"REST"}],"neow_cost":"NONE","seed_source_timestamp":135032373671654,"circlet_count":0,"master_deck":["AscendersBane","Strike_B","Defend_B","Defend_B","Defend_B","Defend_B","Zap+1","Dualcast","Defragment+1","Coolheaded","Capacitor","Coolheaded","Rip and Tear","Buffer+1","Ball Lightning","Glacier","Storm+1","Rebound","Defragment","Steam","Electrodynamics+1","Heatsinks+1","Compile Driver","Hologram+1","Turbo","Barrage+1","Go for the Eyes+1","Buffer","Steam","All For One+1","Storm","Stack","Turbo","Self Repair","Steam Power+1","Stack+1","Doubt","Master of Strategy"],"relics":["Cracked Core","Pantograph","Pear","Darkstone Periapt","Inserter","Nunchaku","Molten Egg 2","Juzu Bracelet","Turnip","Empty Cage"],"potions_floor_usage":[12,27,29,31,33,37,38,48],"damage_taken":[{"damage":7,"enemies":"Jaw Worm","floor":1,"turns":2},{"damage":0,"enemies":"Cultist","floor":4,"turns":3},{"damage":2,"enemies":"2 Louse","floor":5,"turns":3},{"damage":9,"enemies":"Lagavulin","floor":6,"turns":7},{"damage":10,"enemies":"Red Slaver","floor":8,"turns":3},{"damage":9,"enemies":"Exordium Wildlife","floor":10,"turns":3},{"damage":0,"enemies":"Gremlin Nob","floor":12,"turns":4},{"damage":3,"enemies":"Gremlin Gang","floor":13,"turns":3},{"damage":43,"enemies":"Hexaghost","floor":16,"turns":7},{"damage":6,"enemies":"Chosen","floor":18,"turns":4},{"damage":16,"enemies":"3 Byrds","floor":21,"turns":3},{"damage":26,"enemies":"Gremlin Leader","floor":24,"turns":6},{"damage":8,"enemies":"Snecko","floor":27,"turns":4},{"damage":13,"enemies":"Book of Stabbing","floor":29,"turns":5},{"damage":23,"enemies":"Chosen and Byrds","floor":30,"turns":5},{"damage":1,"enemies":"Centurion and Healer","floor":31,"turns":4},{"damage":24,"enemies":"Automaton","floor":33,"turns":8},{"damage":14,"enemies":"3 Shapes","floor":35,"turns":3},{"damage":2,"enemies":"Orb Walker","floor":37,"turns":3},{"damage":23,"enemies":"Writhing Mass","floor":38,"turns":6},{"damage":31,"enemies":"3 Darklings","floor":41,"turns":5},{"damage":22,"enemies":"Transient","floor":44,"turns":5},{"damage":61,"enemies":"Donu and Deca","floor":50,"turns":7},{"damage":102,"enemies":"Shield and Spear","floor":54,"turns":5}],"seed_played":"1215382998632925690","potions_obtained":[{"floor":1,"key":"Strength Potion"},{"floor":4,"key":"Swift Potion"},{"floor":10,"key":"Poison Potion"},{"floor":12,"key":"Fire Potion"},{"floor":20,"key":"FocusPotion"},{"floor":20,"key":"PowerPotion"},{"floor":27,"key":"Explosive Potion"},{"floor":30,"key":"Swift Potion"},{"floor":33,"key":"Weak Potion"},{"floor":37,"key":"SneckoOil"}],"is_trial":false,"path_per_floor":["M","?","$","M","M","E","R","M","T","M","R","E","M","$","R","B",null,"M","?","?","M","$","R","E","?","T","M","R","E","M","M","R","B",null,"M","$","M","M","$","R","M","?","T","M","?","R","?","$","R","B",null,"R","$","E"],"character_chosen":"DEFECT","items_purchased":["Coolheaded","Capacitor","Defragment","Steam","Hologram","Self Repair","Master of Strategy","Fruit Juice"],"campfire_rested":5,"item_purchase_floors":[3,3,14,14,22,39,48,48],"current_hp_per_floor":[61,61,61,61,59,50,50,40,50,41,66,66,63,63,63,42,74,68,68,68,52,52,52,26,26,26,18,43,30,7,6,31,32,72,58,58,56,33,33,58,27,33,33,18,97,97,97,102,102,48,89,102,102,0],"gold":33,"neow_bonus":"UPGRADE_CARD","is_prod":false,"is_daily":false,"chose_seed":false,"campfire_upgraded":4,"win_rate":0,"timestamp":1563648345,"path_taken":["M","?","?","M","M","E","R","M","T","M","R","E","M","$","R","BOSS","M","?","?","?","$","R","E","?","T","M","R","E","M","M","R","BOSS","M","$","M","M","$","R","M","?","T","M","?","R","?","$","R","BOSS","R","$","E"],"build_version":"2019-07-17","purchased_purges":2,"victory":false,"max_hp_per_floor":[75,75,75,75,75,75,75,75,85,85,85,85,85,85,85,85,85,85,85,85,85,85,85,85,85,85,85,85,85,85,85,85,85,85,85,85,85,85,85,85,85,91,91,91,97,97,97,102,102,102,102,102,102,102],"card_choices":[{"not_picked":["Static Discharge","Blizzard"],"picked":"Defragment","floor":1},{"not_picked":["Turbo","Stack"],"picked":"Coolheaded","floor":4},{"not_picked":["Gash","Turbo"],"picked":"Rip and Tear","floor":5},{"not_picked":["Go for the Eyes","Gash"],"picked":"Buffer","floor":6},{"not_picked":["Turbo","Conserve Battery"],"picked":"Ball Lightning","floor":8},{"not_picked":["Barrage","Coolheaded"],"picked":"Glacier","floor":10},{"not_picked":["Recycle","Turbo"],"picked":"Storm","floor":12},{"not_picked":["Leap","Streamline"],"picked":"Rebound","floor":13},{"not_picked":["All For One","Fission"],"picked":"Electrodynamics","floor":16},{"not_picked":["Sweeping Beam","Compile Driver"],"picked":"Heatsinks","floor":18},{"not_picked":["Cold Snap","Barrage+1"],"picked":"Compile Driver","floor":21},{"not_picked":["Melter","Fusion"],"picked":"Turbo","floor":24},{"not_picked":["Ball Lightning+1","Turbo"],"picked":"Barrage+1","floor":27},{"not_picked":["Fusion","Streamline+1"],"picked":"Go for the Eyes+1","floor":29},{"not_picked":["Leap","Cold Snap+1"],"picked":"Buffer","floor":30},{"not_picked":["Hologram","Reinforced Body"],"picked":"Steam","floor":31},{"not_picked":["Electrodynamics","Multi-Cast"],"picked":"All For One+1","floor":33},{"not_picked":["Tempest","Rebound+1"],"picked":"Storm","floor":35},{"not_picked":["Static Discharge","Conserve Battery"],"picked":"Stack","floor":37},{"not_picked":["Scrape+1","Compile Driver+1"],"picked":"Turbo","floor":38},{"not_picked":["Conserve Battery+1","Stack"],"picked":"Steam Power+1","floor":41},{"not_picked":["Streamline+1","Coolheaded"],"picked":"Stack+1","floor":44}],"player_experience":268056,"relics_obtained":[{"floor":6,"key":"Pantograph"},{"floor":9,"key":"Pear"},{"floor":12,"key":"Darkstone Periapt"},{"floor":24,"key":"Molten Egg 2"},{"floor":26,"key":"Juzu Bracelet"},{"floor":29,"key":"Turnip"}],"event_choices":[{"damage_healed":0,"gold_gain":0,"player_choice":"Upgraded","damage_taken":0,"max_hp_gain":0,"max_hp_loss":0,"event_name":"Upgrade Shrine","floor":2,"gold_loss":0,"cards_upgraded":["Defragment"]},{"damage_healed":0,"gold_gain":0,"player_choice":"Obtained Relic","damage_taken":0,"relics_obtained":["Nunchaku"],"max_hp_gain":0,"max_hp_loss":0,"event_name":"Addict","floor":19,"gold_loss":85},{"damage_healed":0,"gold_gain":0,"player_choice":"Got Potions","damage_taken":0,"max_hp_gain":0,"max_hp_loss":0,"event_name":"Lab","floor":20,"gold_loss":0},{"damage_healed":0,"gold_gain":0,"player_choice":"Upgraded","damage_taken":0,"max_hp_gain":0,"max_hp_loss":0,"event_name":"Upgrade Shrine","floor":25,"gold_loss":0,"cards_upgraded":["Hologram"]},{"damage_healed":0,"gold_gain":275,"player_choice":"Desecrate","damage_taken":0,"max_hp_gain":0,"max_hp_loss":0,"event_name":"Golden Shrine","floor":42,"gold_loss":0,"cards_obtained":["Regret"]},{"damage_healed":73,"gold_gain":0,"player_choice":"Heal","damage_taken":0,"max_hp_gain":0,"max_hp_loss":0,"event_name":"MindBloom","floor":45,"gold_loss":0,"cards_obtained":["Doubt"]},{"damage_healed":0,"gold_gain":0,"player_choice":"Ignored","damage_taken":0,"max_hp_gain":0,"max_hp_loss":0,"event_name":"Tomb of Lord Red Mask","floor":47,"gold_loss":0}],"is_beta":false,"boss_relics":[{"not_picked":["Runic Dome","Fusion Hammer"],"picked":"Inserter"},{"not_picked":["Black Star","Tiny House"],"picked":"Empty Cage"}],"items_purged_floors":[39,48],"is_endless":false,"potions_floor_spawned":[1,4,10,12,16,27,30,33,37],"killed_by":"Shield and Spear","ascension_level":13}