{"gold_per_floor":[119,119,133,133,32,64,64,83,130,130,144,94,109,122,122,222,222,239,239,82,82,66,66,78,78,78,78,105,105,36,36],"floor_reached":31,"playtime":3094,"items_purged":[],"score":260,"play_id":"e0a1019d-765c-4c32-af07-62af47977603","local_time":"20190822164205","is_ascension_mode":false,"campfire_choices":[{"data":"Blade Dance","floor":7,"key":"SMITH"},{"data":"Blade Dance","floor":15,"key":"SMITH"},{"data":"Noxious Fumes","floor":23,"key":"SMITH"},{"floor":27,"key":"REST"}],"neow_cost":"NONE","seed_source_timestamp":640091444071600,"circlet_count":0,"master_deck":["Defend_G+1","Defend_G+1","Defend_G+1","Defend_G+1","Survivor","Neutralize","Dodge and Roll","Quick Slash","Blade Dance+1","Backflip","Choke","Glass Knife","Poisoned Stab","Blade Dance+1","Bouncing Flask","Unload","Distraction+1","Burst+1","A Thousand Cuts+1","Blade Dance+1","Bite","Bite","Bite","Bite","Bite","Noxious Fumes+1","Dash","Riddle With Holes","Poisoned Stab","Noxious Fumes"],"relics":["Ring of the Snake","Potion Belt","War Paint","Astrolabe","MutagenicStrength","Bottled Flame","Regal Pillow"],"potions_floor_usage":[25,31],"damage_taken":[{"damage":0,"enemies":"2 Louse","floor":1,"turns":5},{"damage":0,"enemies":"Cultist","floor":3,"turns":4},{"damage":14,"enemies":"3 Sentries","floor":6,"turns":13},{"damage":0,"enemies":"Jaw Worm","floor":8,"turns":3},{"damage":4,"enemies":"Red Slaver","floor":11,"turns":4},{"damage":8,"enemies":"Gremlin Gang","floor":13,"turns":5},{"damage":0,"enemies":"2 Fungi Beasts","floor":14,"turns":3},{"damage":44,"enemies":"Hexaghost","floor":16,"turns":10},{"damage":8,"enemies":"3 Byrds","floor":18,"turns":4},{"damage":22,"enemies":"2 Thieves","floor":22,"turns":4},{"damage":23,"enemies":"Centurion and Healer","floor":24,"turns":4},{"damage":12,"enemies":"Cultist and Chosen","floor":25,"turns":5},{"damage":41,"enemies":"Book of Stabbing","floor":31,"turns":5}],"seed_played":"-2035003074114670853","potions_obtained":[{"floor":3,"key":"Ancient Potion"},{"floor":6,"key":"Explosive Potion"},{"floor":8,"key":"SkillPotion"},{"floor":11,"key":"SmokeBomb"},{"floor":22,"key":"LiquidBronze"}],"is_trial":false,"path_per_floor":["M","?","M","?","$","E","R","M","T","?","M","$","M","M","R","B",null,"M","?","$","?","M","R","M","M","T","R","T","?","$","E"],"character_chosen":"THE_SILENT","items_purchased":["Quick Slash","Blade Dance","Poisoned Stab","Noxious Fumes","Dash","Noxious Fumes"],"campfire_rested":1,"item_purchase_floors":[5,5,12,20,20,30],"current_hp_per_floor":[77,77,77,77,77,63,63,63,63,68,64,64,56,56,56,12,82,74,57,57,57,41,41,22,12,12,29,29,29,29,0],"gold":36,"neow_bonus":"TEN_PERCENT_HP_BONUS","is_prod":false,"is_daily":false,"chose_seed":false,"campfire_upgraded":3,"win_rate":0.0,"timestamp":1566517325,"path_taken":["M","?","?","?","?","E","R","M","T","?","?","?","M","?","R","BOSS","M","?","$","?","M","R","M","M","T","R","?","?","?","E"],"build_version":"2019-07-17","purchased_purges":0,"victory":false,"max_hp_per_floor":[77,77,77,77,77,77,77,77,77,82,82,82,82,82,82,82,82,82,57,57,57,57,57,57,57,57,57,57,57,57,57],"card_choices":[{"not_picked":["Blade Dance","Bane"],"picked":"Dodge and Roll","floor":1},{"not_picked":["Backflip","Distraction"],"picked":"Sucker Punch","floor":3},{"not_picked":["Eviscerate","Prepared"],"picked":"Backflip","floor":6},{"not_picked":["Quick Slash","Acrobatics"],"picked":"Choke","floor":8},{"not_picked":["Crippling Poison","Deflect"],"picked":"Glass Knife","floor":11},{"not_picked":["Finisher","Underhanded Strike"],"picked":"Blade Dance","floor":13},{"not_picked":["Choke","Bane"],"picked":"Bouncing Flask","floor":14},{"not_picked":["Tools of the Trade","Night Terror"],"picked":"Unload","floor":16},{"not_picked":["PiercingWail","Outmaneuver"],"picked":"Blade Dance+1","floor":18},{"not_picked":["Bane+1","Slice"],"picked":"Riddle With Holes","floor":22},{"not_picked":["Eviscerate","Footwork+1"],"picked":"Poisoned Stab","floor":24}],"player_experience":15208,"relics_obtained":[{"floor":6,"key":"Potion Belt"},{"floor":9,"key":"War Paint"},{"floor":26,"key":"Bottled Flame"},{"floor":28,"key":"Regal Pillow"}],"event_choices":[{"damage_healed":0,"gold_gain":0,"player_choice":"Bought 0 Potions","damage_taken":0,"max_hp_gain":0,"max_hp_loss":0,"event_name":"The Woman in Blue","floor":2,"gold_loss":0},{"cards_removed":["Sucker Punch"],"damage_healed":5,"gold_gain":0,"player_choice":"Offered Common","damage_taken":0,"max_hp_gain":0,"max_hp_loss":0,"event_name":"Bonfire Elementals","floor":4,"gold_loss":0},{"cards_removed":["Sucker Punch"],"damage_healed":5,"gold_gain":0,"player_choice":"Offered Special","damage_taken":0,"max_hp_gain":0,"max_hp_loss":0,"event_name":"Bonfire Elementals","floor":4,"gold_loss":0},{"damage_healed":0,"gold_gain":0,"player_choice":"Donut","damage_taken":0,"max_hp_gain":5,"max_hp_loss":0,"event_name":"Big Fish","floor":10,"gold_loss":0},{"damage_healed":0,"gold_gain":0,"player_choice":"Became a vampire","damage_taken":0,"max_hp_gain":0,"max_hp_loss":25,"event_name":"Vampires","floor":19,"gold_loss":0,"cards_obtained":["Bite","Bite","Bite","Bite","Bite"]},{"damage_healed":0,"gold_gain":0,"player_choice":"Inject Mutagens","damage_taken":0,"relics_obtained":["MutagenicStrength"],"max_hp_gain":0,"max_hp_loss":0,"event_name":"Drug Dealer","floor":21,"gold_loss":0},{"damage_healed":0,"gold_gain":0,"player_choice":"Simplicity","damage_taken":0,"max_hp_gain":0,"max_hp_loss":0,"event_name":"Back to Basics","floor":29,"gold_loss":0,"cards_upgraded":["Defend_G","Defend_G"]}],"is_beta":false,"boss_relics":[{"not_picked":["Busted Crown","Cursed Key"],"picked":"Astrolabe"}],"items_purged_floors":[],"is_endless":false,"potions_floor_spawned":[3,6,8,11,22,25],"killed_by":"Book of Stabbing","ascension_level":0}