{"gold_per_floor":[216,216,234,253,263,263,213,182,182,182,109,139,156,132,132,234,234,246,53,73,87,87,87,104,117,117,137,87,87,105,105],"floor_reached":31,"playtime":3317,"items_purged":[],"score":241,"play_id":"a5cc25d4-fa57-46e3-ab5d-6f456f514813","local_time":"20190715221750","is_ascension_mode":false,"campfire_choices":[{"data":"Zap","floor":6,"key":"SMITH"},{"floor":15,"key":"REST"},{"data":"Redo","floor":23,"key":"SMITH"},{"data":"Dualcast","floor":29,"key":"SMITH"}],"neow_cost":"NONE","seed_source_timestamp":332744380647724,"circlet_count":0,"master_deck":["Strike_B","Strike_B","Defend_B","Defend_B","Zap+1","Dualcast+1","Conserve Battery","Capacitor","Self Repair","Skim","Darkness","Redo+1","Conserve Battery","All For One","Defragment","Genetic Algorithm+1","BootSequence","Reprogram","Double Energy"],"relics":["Cracked Core","Oddly Smooth Stone","Lantern","Shuriken","Eternal Feather","Medical Kit"],"potions_floor_usage":[20,25],"damage_taken":[{"damage":6,"enemies":"Jaw Worm","floor":1,"turns":2},{"damage":0,"enemies":"2 Louse","floor":3,"turns":2},{"damage":0,"enemies":"Small Slimes","floor":4,"turns":3},{"damage":1,"enemies":"2 Fungi Beasts","floor":5,"turns":3},{"damage":11,"enemies":"Exordium Thugs","floor":8,"turns":5},{"damage":40,"enemies":"3 Sentries","floor":12,"turns":10},{"damage":12,"enemies":"Looter","floor":13,"turns":3},{"damage":20,"enemies":"Hexaghost","floor":16,"turns":9},{"damage":14,"enemies":"Shell Parasite","floor":18,"turns":7},{"damage":13,"enemies":"3 Byrds","floor":20,"turns":3},{"damage":27,"enemies":"Cultist and Chosen","floor":21,"turns":7},{"damage":17,"enemies":"Chosen and Byrds","floor":24,"turns":6},{"damage":13,"enemies":"Centurion and Healer","floor":25,"turns":8},{"damage":16,"enemies":"Shelled Parasite and Fungi","floor":27,"turns":6},{"damage":7,"enemies":"Snake Plant","floor":30,"turns":3},{"damage":29,"enemies":"Colosseum Slavers","floor":31,"turns":3}],"seed_played":"-8065952680173010716","potions_obtained":[{"floor":1,"key":"Energy Potion"},{"floor":4,"key":"Ancient Potion"},{"floor":5,"key":"SteroidPotion"},{"floor":18,"key":"LiquidBronze"},{"floor":21,"key":"SkillPotion"},{"floor":30,"key":"FocusPotion"}],"is_trial":false,"path_per_floor":["M","?","M","M","M","R","?","M","T","?","$","E","M","$","R","B",null,"M","$","M","M","?","R","M","M","T","M","?","R","M","?"],"character_chosen":"DEFECT","items_purchased":["Darkness","Conserve Battery","Medical Kit"],"campfire_rested":1,"item_purchase_floors":[11,14,19],"current_hp_per_floor":[69,66,66,66,65,65,65,61,61,61,61,28,23,23,45,32,75,68,68,62,42,42,51,41,35,35,19,19,28,28,0],"gold":105,"neow_bonus":"HUNDRED_GOLD","is_prod":false,"is_daily":false,"chose_seed":false,"campfire_upgraded":3,"win_rate":0,"timestamp":1563196670,"path_taken":["M","?","M","M","M","R","?","M","T","?","$","E","M","?","R","BOSS","M","$","M","M","?","R","M","M","T","M","?","R","?","?"],"build_version":"2019-07-05","purchased_purges":0,"victory":false,"max_hp_per_floor":[75,75,75,75,75,75,75,75,75,75,75,75,75,75,75,75,75,75,75,75,75,75,75,75,75,75,75,75,75,75,75],"card_choices":[{"not_picked":["Tempest","Barrage","Go for the Eyes"],"picked":"SKIP","floor":1},{"not_picked":["FTL","Leap"],"picked":"Conserve Battery","floor":3},{"not_picked":["Sweeping Beam","Coolheaded"],"picked":"Capacitor","floor":4},{"not_picked":["Hologram","Ball Lightning"],"picked":"Self Repair","floor":5},{"not_picked":["Conserve Battery","Compile Driver"],"picked":"Skim","floor":8},{"not_picked":["White Noise","Beam Cell","Skim"],"picked":"SKIP","floor":12},{"not_picked":["Conserve Battery","Leap"],"picked":"Redo","floor":13},{"not_picked":["Reboot","Biased Cognition"],"picked":"All For One","floor":16},{"not_picked":["Chill","Turbo"],"picked":"Defragment","floor":18},{"not_picked":["Ball Lightning","Conserve Battery"],"picked":"Genetic Algorithm+1","floor":20},{"not_picked":["Gash","Ball Lightning","Stack"],"picked":"SKIP","floor":21},{"not_picked":["Undo+1","Steam"],"picked":"Double Energy","floor":24},{"not_picked":["Storm","Force Field","Self Repair"],"picked":"SKIP","floor":25},{"not_picked":["Gash+1","Steam","BootSequence"],"picked":"SKIP","floor":27},{"not_picked":["Hello World","Coolheaded","Sweeping Beam"],"picked":"SKIP","floor":30}],"player_experience":234490,"relics_obtained":[{"floor":9,"key":"Lantern"},{"floor":12,"key":"Shuriken"}],"event_choices":[{"damage_healed":0,"gold_gain":0,"player_choice":"Success","damage_taken":3,"relics_obtained":["Oddly Smooth Stone"],"max_hp_gain":0,"max_hp_loss":0,"event_name":"Scrap Ooze","floor":2,"gold_loss":0},{"cards_removed":["Strike_B"],"damage_healed":0,"gold_gain":0,"player_choice":"Card Removal","damage_taken":0,"max_hp_gain":0,"max_hp_loss":0,"event_name":"The Cleric","floor":7,"gold_loss":50},{"cards_removed":["Defend_B"],"damage_healed":0,"gold_gain":0,"player_choice":"Forget","damage_taken":0,"max_hp_gain":0,"max_hp_loss":0,"event_name":"Living Wall","floor":10,"gold_loss":0},{"damage_healed":0,"gold_gain":0,"cards_transformed":["Strike_B","Defend_B"],"player_choice":"Became Test Subject","damage_taken":0,"max_hp_gain":0,"max_hp_loss":0,"event_name":"Drug Dealer","floor":22,"gold_loss":0,"cards_obtained":["BootSequence","Reprogram"]},{"damage_healed":0,"gold_gain":0,"player_choice":"Bet on Owner","damage_taken":0,"max_hp_gain":0,"max_hp_loss":0,"event_name":"The Joust","floor":28,"gold_loss":50},{"damage_healed":0,"gold_gain":0,"player_choice":"Fight","damage_taken":0,"max_hp_gain":0,"max_hp_loss":0,"event_name":"Colosseum","floor":31,"gold_loss":0}],"is_beta":false,"boss_relics":[{"not_picked":["Snecko Eye","Ectoplasm"],"picked":"Eternal Feather"}],"items_purged_floors":[],"is_endless":false,"potions_floor_spawned":[1,4,5,18,21,30],"killed_by":"Colosseum Slavers","ascension_level":0}