{"gold_per_floor":[116,133,133,148,198,198,223,238,238,7,24,52,52,62,62,137,137,110,129,9,25,25,52,72,72,150,160,160],"floor_reached":28,"playtime":2607,"items_purged":["Regret"],"score":604,"play_id":"c5069bca-bd5a-4575-8290-7eb1e4afe3a9","local_time":"20190820194643","is_ascension_mode":true,"campfire_choices":[{"data":"Hello World","floor":6,"key":"SMITH"},{"data":"Defragment","floor":13,"key":"SMITH"},{"floor":15,"key":"REST"},{"floor":25,"key":"REST"}],"neow_cost":"NONE","seed_source_timestamp":531933541099,"circlet_count":0,"master_deck":["AscendersBane","Strike_B","Strike_B","Strike_B","Defend_B","Defend_B","Defend_B","Defend_B","Zap","Dualcast","BootSequence","Defragment+1","Hello World+1","Ball Lightning","Hologram+1","Rainbow+1","FTL+1","Go for the Eyes+1","Core Surge+1","Multi-Cast+1","Compile Driver+1","Undo+1","Tempest+1","Rip and Tear+1","Redo+1","Machine Learning","Stack+1","Sweeping Beam+1","Steam+1"],"relics":["Cracked Core","Meat on the Bone","Toxic Egg 2","Molten Egg 2","Du-Vu Doll","Inserter","Pocketwatch","Tiny Chest"],"potions_floor_usage":[12,21,28,28],"damage_taken":[{"damage":0,"enemies":"Cultist","floor":1,"turns":3},{"damage":3,"enemies":"Small Slimes","floor":2,"turns":3},{"damage":0,"enemies":"2 Louse","floor":4,"turns":2},{"damage":41,"enemies":"Lagavulin","floor":7,"turns":7},{"damage":12,"enemies":"Looter","floor":8,"turns":3},{"damage":8,"enemies":"Large Slime","floor":11,"turns":4},{"damage":25,"enemies":"3 Sentries","floor":12,"turns":5},{"damage":0,"enemies":"Exordium Thugs","floor":14,"turns":3},{"damage":0,"enemies":"Slime Boss","floor":16,"turns":8},{"damage":14,"enemies":"2 Thieves","floor":18,"turns":4},{"damage":0,"enemies":"Chosen","floor":19,"turns":4},{"damage":6,"enemies":"Snake Plant","floor":21,"turns":4},{"damage":33,"enemies":"Gremlin Leader","floor":23,"turns":7},{"damage":8,"enemies":"Centurion and Healer","floor":24,"turns":5},{"damage":5,"enemies":"Snecko","floor":27,"turns":4},{"damage":59,"enemies":"Slavers","floor":28,"turns":3}],"seed_played":"5235963364098411963","potions_obtained":[{"floor":1,"key":"EssenceOfSteel"},{"floor":2,"key":"LiquidBronze"},{"floor":11,"key":"Swift Potion"},{"floor":14,"key":"Weak Potion"},{"floor":23,"key":"Explosive Potion"}],"is_trial":false,"path_per_floor":["M","M","?","M","?","R","E","M","T","$","M","E","R","M","R","B",null,"M","M","$","M","?","E","M","R","T","M","E"],"character_chosen":"DEFECT","items_purchased":["Rainbow+1","Tempest+1","Rip and Tear+1"],"campfire_rested":2,"item_purchase_floors":[10,20,20],"current_hp_per_floor":[71,68,68,68,68,68,39,39,39,39,43,30,30,42,65,65,75,61,61,61,55,55,34,38,61,61,56,0],"gold":160,"neow_bonus":"TEN_PERCENT_HP_BONUS","is_prod":false,"is_daily":false,"chose_seed":false,"campfire_upgraded":2,"win_rate":0,"timestamp":1566344803,"path_taken":["M","M","?","M","?","R","E","?","T","$","M","E","R","M","R","BOSS","M","M","$","M","?","E","?","R","T","M","E"],"build_version":"2019-07-17","purchased_purges":1,"victory":false,"max_hp_per_floor":[78,78,78,78,78,78,78,78,78,78,78,78,78,78,78,78,78,78,78,78,78,78,78,78,78,78,78,78],"card_choices":[{"not_picked":["Ball Lightning","Scrape"],"picked":"BootSequence","floor":1},{"not_picked":["Rebound","Force Field"],"picked":"Defragment","floor":2},{"not_picked":["Storm","Stack"],"picked":"Hello World","floor":4},{"not_picked":["Barrage","Heatsinks"],"picked":"Ball Lightning","floor":7},{"not_picked":["Gash","Redo+1"],"picked":"Hologram+1","floor":8},{"not_picked":["Conserve Battery+1","Sunder+1"],"picked":"FTL+1","floor":11},{"not_picked":["Gash+1","Conserve Battery+1"],"picked":"Go for the Eyes+1","floor":12},{"not_picked":["Go for the Eyes+1","Steam+1"],"picked":"Core Surge+1","floor":14},{"not_picked":["Rainbow+1","Machine Learning"],"picked":"Multi-Cast+1","floor":16},{"not_picked":["Steam+1","Hologram+1"],"picked":"Compile Driver+1","floor":18},{"not_picked":["Redo+1","Skim+1"],"picked":"Undo+1","floor":19},{"not_picked":["Hologram+1","Gash+1"],"picked":"Redo+1","floor":21},{"not_picked":["Reprogram+1","Gash+1"],"picked":"Stack+1","floor":23},{"not_picked":["Go for the Eyes+1","Lockon+1"],"picked":"Sweeping Beam+1","floor":24},{"not_picked":["Lockon+1","Genetic Algorithm+1"],"picked":"Steam+1","floor":27}],"player_experience":421170,"relics_obtained":[{"floor":7,"key":"Toxic Egg 2"},{"floor":9,"key":"Molten Egg 2"},{"floor":12,"key":"Du-Vu Doll"},{"floor":23,"key":"Pocketwatch"},{"floor":26,"key":"Tiny Chest"}],"event_choices":[{"damage_healed":0,"gold_gain":0,"player_choice":"Box","damage_taken":0,"relics_obtained":["Meat on the Bone"],"max_hp_gain":0,"max_hp_loss":0,"event_name":"Big Fish","floor":3,"gold_loss":0,"cards_obtained":["Regret"]},{"damage_healed":0,"gold_gain":50,"player_choice":"Pray","damage_taken":0,"max_hp_gain":0,"max_hp_loss":0,"event_name":"Golden Shrine","floor":5,"gold_loss":0},{"damage_healed":0,"gold_gain":0,"cards_transformed":["Strike_B"],"player_choice":"Transformed","damage_taken":0,"max_hp_gain":0,"max_hp_loss":0,"event_name":"Transmorgrifier","floor":22,"gold_loss":0,"cards_obtained":["Machine Learning"]}],"is_beta":false,"boss_relics":[{"not_picked":["Nuclear Battery","Fusion Hammer"],"picked":"Inserter"}],"items_purged_floors":[10],"is_endless":false,"potions_floor_spawned":[1,2,11,14,23,24],"killed_by":"Slavers","ascension_level":20}