{"path_per_floor":["M","M","M","M","M","E","M","M","T","?","?","M","E","$","R","B",null,"M","?","?","T","$","E","R","M","T","?","M"],"character_chosen":"IRONCLAD","items_purchased":["Apotheosis","Gremlin Horn","Limit Break","Uppercut"],"gold_per_floor":[111,121,141,158,171,198,214,226,303,303,478,491,521,8,8,108,138,149,149,149,149,0,25,25,41,114,314,324],"floor_reached":29,"campfire_rested":2,"playtime":1454,"current_hp_per_floor":[80,80,80,63,67,46,52,49,49,46,46,47,49,49,80,40,85,85,85,85,99,99,31,75,49,49,49,28],"items_purged":["Doubt"],"gold":324,"score":308,"play_id":"200d7de6-643b-4c5c-9fd9-ceb5fb9e898d","is_prod":false,"is_daily":false,"is_ascension_mode":false,"campfire_upgraded":0,"path_taken":["M","M","M","M","M","E","M","M","T","?","?","M","E","$","R","BOSS","M","?","?","?","?","E","R","M","T","?","M","M"],"build_version":"2018-02-15-PROD1","purchased_purges":1,"victory":false,"master_deck":["Strike_R","Strike_R","Strike_R","Strike_R","Strike_R","Defend_R","Defend_R","Defend_R","Defend_R","Bash","Reaper","Clash","Reckless Charge","Perfected Strike","Whirlwind","Rampage","Perfected Strike","Iron Wave","Pommel Strike","Warcry","Headbutt+1","Apotheosis","Demon Form","Rampage","Perfected Strike+1","Bash","Pommel Strike","Limit Break","Uppercut","Dropkick","Flex","Perfected Strike"],"max_hp_per_floor":[80,80,80,80,80,80,80,80,80,80,80,80,80,80,80,80,85,85,85,85,99,99,99,99,99,99,99,99],"relics":["Burning Blood","Regal Pillow","Tiny Chest","Charon\u0027s Ashes","Juzu Bracelet","Gremlin Horn","Tiny House","Mango","Anchor","Letter Opener"],"card_choices":[{"not_picked":["Pummel","Headbutt"],"picked":"Clash"},{"not_picked":["Headbutt","True Grit"],"picked":"Reckless Charge"},{"not_picked":["Warcry","Metallicize"],"picked":"Perfected Strike"},{"not_picked":["Fiend Fire","Sword Boomerang"],"picked":"Whirlwind"},{"not_picked":["Perfected Strike","Searing Blow"],"picked":"Rampage"},{"not_picked":["Warcry","Wild Strike"],"picked":"Perfected Strike"},{"not_picked":["Disarm","Pummel"],"picked":"Iron Wave"},{"not_picked":["Headbutt","Intimidate"],"picked":"Pommel Strike"},{"not_picked":["Feel No Pain","Body Slam"],"picked":"Warcry"},{"not_picked":["Blood for Blood","Havoc"],"picked":"Headbutt"},{"not_picked":["Dark Embrace","Limit Break"],"picked":"Demon Form"},{"not_picked":["Seeing Red","Thunderclap"],"picked":"Rampage"},{"not_picked":["Whirlwind","Wild Strike"],"picked":"Perfected Strike"},{"not_picked":["Clothesline","Evolve"],"picked":"Dropkick"},{"not_picked":["Havoc","Wild Strike"],"picked":"Flex"},{"not_picked":["Anger","Searing Blow"],"picked":"Perfected Strike"}],"player_experience":86316,"potions_floor_usage":[4,13,16,16,23,23,28],"damage_taken":[{"damage":3,"enemies":"Jaw Worm","floor":1,"turns":4},{"damage":0,"enemies":"2 Louse","floor":2,"turns":2},{"damage":0,"enemies":"Small Slimes","floor":3,"turns":4},{"damage":23,"enemies":"Exordium Wildlife","floor":4,"turns":3},{"damage":5,"enemies":"3 Louse","floor":5,"turns":3},{"damage":27,"enemies":"Gremlin Nob","floor":6,"turns":4},{"damage":0,"enemies":"Large Slime","floor":7,"turns":2},{"damage":9,"enemies":"2 Fungi Beasts","floor":8,"turns":2},{"damage":21,"enemies":"Gremlin Gang","floor":12,"turns":3},{"damage":12,"enemies":"3 Sentries","floor":13,"turns":5},{"damage":58,"enemies":"Hexaghost","floor":16,"turns":7},{"damage":5,"enemies":"Spheric Guardian","floor":18,"turns":3},{"damage":95,"enemies":"Slavers","floor":23,"turns":6},{"damage":32,"enemies":"3 Byrds","floor":25,"turns":6},{"damage":27,"enemies":"Cultist and Chosen","floor":28,"turns":5},{"damage":30,"enemies":"Snecko","floor":29,"turns":4}],"event_choices":[{"event_name":"Scrap Ooze","player_choice":"success","floor":10,"damage_taken":3},{"event_name":"Liars Game","player_choice":"agreed","floor":11,"damage_taken":0},{"event_name":"Beggar","player_choice":"Ignored","floor":19,"damage_taken":0},{"event_name":"Match and Keep!","player_choice":"2 cards matched","floor":20,"damage_taken":0},{"event_name":"Wheel of Change","player_choice":"Gold","floor":27,"damage_taken":0}],"boss_relics":[{"not_picked":["White Beast Statue","Lizard Tail"],"picked":"Tiny House"}],"potions_floor_spawned":[2,5,6,12,13,25],"seed_played":"-1753720469593211753","killed_by":"Snecko","ascension_level":0,"is_trial":false}