{"gold_per_floor":[19,32,46,11,11,44,44,79,103,132,147,176,176,251,251,350,350,370,52,52,26,36,67,67],"floor_reached":24,"playtime":1535,"items_purged":[],"score":327,"play_id":"2164f2e7-0ed1-44d8-929e-a0443f0c9a23","local_time":"20190708184230","is_ascension_mode":true,"campfire_choices":[{"data":"Zap","floor":7,"key":"SMITH"},{"floor":13,"key":"REST"},{"floor":15,"key":"REST"}],"neow_cost":"NO_GOLD","seed_source_timestamp":1024286245282668,"circlet_count":0,"master_deck":["Strike_B","Strike_B","Strike_B","Strike_B","Defend_B","Defend_B","Defend_B","Defend_B","Zap+1","Dualcast","Beam Cell","Undo","Beam Cell","Glacier","Storm","Static Discharge","Electrodynamics","Buffer+1","Streamline","Go for the Eyes","All For One","Injury","Writhe","Injury","Go for the Eyes+1","All For One","Hologram","Chaos+1","Self Repair"],"relics":["Cracked Core","Ginger","NlothsMask","Vajra","Dream Catcher","Potion Belt","Du-Vu Doll","Calling Bell","Art of War","Matryoshka","Calipers","DollysMirror","Tiny Chest","Bag of Marbles"],"potions_floor_usage":[10,12,16,18,24],"damage_taken":[{"damage":4,"enemies":"2 Louse","floor":1,"turns":4},{"damage":0,"enemies":"Small Slimes","floor":2,"turns":3},{"damage":1,"enemies":"Cultist","floor":3,"turns":4},{"damage":16,"enemies":"Gremlin Nob","floor":6,"turns":4},{"damage":19,"enemies":"Lagavulin","floor":8,"turns":7},{"damage":22,"enemies":"Gremlin Nob","floor":10,"turns":4},{"damage":1,"enemies":"Exordium Wildlife","floor":11,"turns":3},{"damage":8,"enemies":"Lagavulin","floor":12,"turns":7},{"damage":11,"enemies":"Slime Boss","floor":16,"turns":9},{"damage":18,"enemies":"Shell Parasite","floor":18,"turns":3},{"damage":0,"enemies":"Spheric Guardian","floor":22,"turns":3},{"damage":38,"enemies":"Slavers","floor":23,"turns":3},{"damage":9,"enemies":"Shelled Parasite and Fungi","floor":24,"turns":2}],"seed_played":"-6942805950841033464","potions_obtained":[{"floor":2,"key":"SkillPotion"},{"floor":6,"key":"Strength Potion"},{"floor":10,"key":"SkillPotion"},{"floor":11,"key":"Dexterity Potion"},{"floor":12,"key":"Swift Potion"},{"floor":22,"key":"Fire Potion"},{"floor":23,"key":"Block Potion"}],"is_trial":false,"path_per_floor":["M","M","M","?","?","E","R","E","T","E","M","E","R","?","R","B",null,"M","$","?","$","M","E","M"],"character_chosen":"DEFECT","items_purchased":["DollysMirror","Tiny Chest","Hologram"],"campfire_rested":2,"item_purchase_floors":[19,19,21],"current_hp_per_floor":[64,64,63,75,75,59,59,40,40,18,17,9,31,20,42,31,64,46,46,46,46,46,8,0],"gold":67,"neow_bonus":"ONE_RARE_RELIC","is_prod":false,"is_daily":false,"chose_seed":false,"campfire_upgraded":1,"win_rate":0,"timestamp":1562625750,"path_taken":["M","M","M","?","?","E","R","E","T","E","?","E","R","?","R","BOSS","M","$","?","?","M","E","M"],"build_version":"2019-07-05","purchased_purges":0,"victory":false,"max_hp_per_floor":[75,75,75,75,75,75,75,75,75,75,75,75,75,75,75,75,75,75,75,75,75,75,75,75],"card_choices":[{"not_picked":["Rebound","Stack"],"picked":"Beam Cell","floor":1},{"not_picked":["Rebound","Consume"],"picked":"Undo","floor":2},{"not_picked":["Stack","Skim"],"picked":"Beam Cell","floor":3},{"not_picked":["Rebound","Gash"],"picked":"Glacier","floor":6},{"not_picked":["Leap","Heatsinks"],"picked":"Storm","floor":8},{"not_picked":["Steam","Melter"],"picked":"Static Discharge","floor":10},{"not_picked":["Gash","Rebound"],"picked":"Electrodynamics","floor":11},{"not_picked":["Doom and Gloom","Genetic Algorithm"],"picked":"Buffer","floor":12},{"not_picked":["Beam Cell","Redo"],"picked":"Streamline","floor":13},{"not_picked":["Rip and Tear","Sweeping Beam"],"picked":"Go for the Eyes","floor":15},{"not_picked":["Multi-Cast","Fission"],"picked":"All For One","floor":16},{"not_picked":["Redo","Glacier"],"picked":"Go for the Eyes+1","floor":18},{"not_picked":["Streamline","Cold Snap+1"],"picked":"Chaos+1","floor":22},{"not_picked":["Hologram","Fusion"],"picked":"Self Repair","floor":23}],"player_experience":184664,"relics_obtained":[{"floor":6,"key":"Vajra"},{"floor":8,"key":"Dream Catcher"},{"floor":10,"key":"Potion Belt"},{"floor":12,"key":"Du-Vu Doll"},{"floor":17,"key":"Art of War"},{"floor":17,"key":"Matryoshka"},{"floor":17,"key":"Calipers"},{"floor":23,"key":"Bag of Marbles"}],"event_choices":[{"damage_healed":18,"gold_gain":0,"player_choice":"Healed","damage_taken":0,"max_hp_gain":0,"max_hp_loss":0,"event_name":"The Cleric","floor":4,"gold_loss":35},{"damage_healed":0,"gold_gain":0,"player_choice":"Trade","damage_taken":0,"relics_obtained":["NlothsMask"],"max_hp_gain":0,"max_hp_loss":0,"event_name":"FaceTrader","floor":5,"gold_loss":0},{"damage_healed":0,"gold_gain":75,"player_choice":"Gather Gold","damage_taken":11,"max_hp_gain":0,"max_hp_loss":0,"event_name":"World of Goop","floor":14,"gold_loss":0},{"damage_healed":0,"gold_gain":0,"player_choice":"Upgraded","damage_taken":0,"max_hp_gain":0,"max_hp_loss":0,"event_name":"Upgrade Shrine","floor":20,"gold_loss":0,"cards_upgraded":["Buffer"]}],"is_beta":false,"boss_relics":[{"not_picked":["Fusion Hammer","Eternal Feather"],"picked":"Calling Bell"}],"items_purged_floors":[],"is_endless":false,"potions_floor_spawned":[2,6,10,11,12,22,23],"killed_by":"Shelled Parasite and Fungi","ascension_level":7}