{"path_per_floor":["M","M","?","M","M","R","M","$","T","M","T","$","M","?","R","B",null,"M","?","?","M","?","$","?","M","T","M","M","R","$","?","R","B",null,"M","?","?","M","?","R","?","M","T","M"],"character_chosen":"THE_SILENT","items_purchased":["Bouncing Flask","Bane","Catalyst","Bane","Bronze Scales","Ornamental Fan","Apotheosis","Good Instincts","Caltrops"],"gold_per_floor":[119,133,208,222,240,240,259,84,131,150,450,9,19,19,19,122,122,138,138,138,152,352,3,3,14,38,48,60,60,60,60,60,155,155,168,0,47,65,65,65,65,82,82,102],"floor_reached":45,"campfire_rested":3,"playtime":2682,"current_hp_per_floor":[70,70,59,59,49,49,46,46,46,44,44,44,44,67,67,61,70,70,77,77,59,59,59,43,39,39,25,11,34,34,34,57,27,77,62,62,50,35,35,58,58,41,41,24],"items_purged":[],"gold":102,"score":457,"play_id":"920e5077-a2ba-40da-8d2e-54fa1b6e9f2f","is_prod":false,"is_daily":false,"is_ascension_mode":false,"campfire_upgraded":2,"path_taken":["M","M","?","M","M","R","M","$","T","M","?","?","M","?","R","BOSS","M","?","?","M","?","?","?","M","T","M","M","R","?","?","R","BOSS","M","?","?","M","?","R","?","M","T","M","M"],"build_version":"2018-02-08-PROD1","purchased_purges":0,"victory":false,"master_deck":["Defend_G","Defend_G","Defend_G","Defend_G","Strike_G","Strike_G","Strike_G","Survivor","Neutralize","Poisoned Stab","Masterful Stab","Infinite Blades+1","Sucker Punch","Bouncing Flask","Bane","Catalyst","Poisoned Stab","Bane","Terror+1","Unload","Dodge and Roll+1","Masterful Stab+1","Footwork+1","Caltrops","Normality","Bouncing Flask","Outmaneuver","Apotheosis","Good Instincts","Caltrops","Bouncing Flask","Flying Knee","PiercingWail+1","Venomology","Parasite","Writhe","Normality","Dodge and Roll+1","Caltrops+1","Slice+1","Neutralize","Catalyst","Acrobatics","Terror+1","Footwork+1","Outmaneuver"],"max_hp_per_floor":[70,70,70,70,70,70,70,70,70,70,70,70,70,70,70,70,70,70,77,77,77,77,77,77,77,77,77,77,77,77,77,77,77,77,77,77,77,77,77,77,77,77,77,77],"relics":["Velvet Choker","Juzu Bracelet","Old Coin","Bronze Scales","Ornamental Fan","Astrolabe","Strawberry","Enchiridion","Prayer Wheel","Calling Bell","Kunai","Orichalcum","Gambling Chip","Red Mask","Sundial","Unceasing Top"],"card_choices":[{"not_picked":["Slice","Blur"],"picked":"Poisoned Stab"},{"not_picked":["Flying Knee","Slice"],"picked":"Deadly Poison"},{"not_picked":["Caltrops","Slice"],"picked":"Masterful Stab"},{"not_picked":["Riddle With Holes","Blur"],"picked":"Infinite Blades"},{"not_picked":["Poisoned Stab","Prepared"],"picked":"Sucker Punch"},{"not_picked":["Outmaneuver","Dodge and Roll"],"picked":"Poisoned Stab"},{"not_picked":["Acrobatics","Reflex"],"picked":"Terror"},{"not_picked":["Adrenaline","Tools of the Trade"],"picked":"Unload"},{"not_picked":["Footwork","Malaise"],"picked":"Caltrops"},{"not_picked":["Dodge and Roll","Dagger Throw"],"picked":"Outmaneuver"},{"not_picked":["Slice","Deflect"],"picked":"Bouncing Flask"},{"not_picked":["Bouncing Flask","Blade Dance"],"picked":"Flying Knee"},{"not_picked":["Underhanded Strike","Leg Sweep"],"picked":"PiercingWail"},{"not_picked":["Doppelganger","Unload"],"picked":"Venomology"},{"not_picked":["Dagger Spray","Sucker Punch"],"picked":"Dodge and Roll"},{"not_picked":["Flechettes","After Image"],"picked":"Caltrops"},{"not_picked":["Masterful Stab","Poisoned Stab"],"picked":"Slice"},{"not_picked":["Dagger Spray","Quick Slash"],"picked":"Terror"},{"not_picked":["Poisoned Stab","Night Terror"],"picked":"Footwork"},{"not_picked":["Endless Agony","Acrobatics"],"picked":"Outmaneuver"}],"player_experience":71187,"potions_floor_usage":[10,10,16,25,33,33,37,37,42,44,45,45,45,45],"damage_taken":[{"damage":0,"enemies":"Cultist","floor":1,"turns":4},{"damage":0,"enemies":"2 Louse","floor":2,"turns":3},{"damage":0,"enemies":"Small Slimes","floor":4,"turns":3},{"damage":10,"enemies":"Exordium Thugs","floor":5,"turns":4},{"damage":3,"enemies":"Exordium Wildlife","floor":7,"turns":3},{"damage":2,"enemies":"Gremlin Gang","floor":10,"turns":3},{"damage":0,"enemies":"2 Fungi Beasts","floor":13,"turns":3},{"damage":6,"enemies":"Slime Boss","floor":16,"turns":7},{"damage":0,"enemies":"Shell Parasite","floor":18,"turns":3},{"damage":18,"enemies":"2 Thieves","floor":21,"turns":3},{"damage":4,"enemies":"Snecko","floor":25,"turns":3},{"damage":14,"enemies":"Centurion and Healer","floor":27,"turns":5},{"damage":14,"enemies":"Chosen and Byrds","floor":28,"turns":4},{"damage":30,"enemies":"Champ","floor":33,"turns":7},{"damage":15,"enemies":"3 Shapes","floor":35,"turns":6},{"damage":12,"enemies":"Mysterious Sphere","floor":37,"turns":6},{"damage":15,"enemies":"Orb Walker","floor":38,"turns":4},{"damage":17,"enemies":"4 Shapes","floor":42,"turns":7},{"damage":17,"enemies":"Maw","floor":44,"turns":6},{"damage":30,"enemies":"Sphere and 2 Shapes","floor":45,"turns":4}],"event_choices":[{"event_name":"World of Goop","player_choice":"Gather Gold","floor":3,"damage_taken":0},{"event_name":"Big Fish","player_choice":"Banana","floor":14,"damage_taken":0},{"event_name":"Accursed Blacksmith","player_choice":"Rummage","floor":19,"damage_taken":0},{"event_name":"The Library","player_choice":"Read","floor":20,"damage_taken":0},{"event_name":"The Joust","player_choice":"Bet on Owner","floor":22,"damage_taken":0},{"event_name":"Cursed Tome","player_choice":"Obtained Book","floor":24,"damage_taken":0},{"event_name":"Drug Dealer","player_choice":"Ignored","floor":31,"damage_taken":0},{"event_name":"Tomb of Lord Red Mask","player_choice":"Paid","floor":36,"damage_taken":0},{"event_name":"Mysterious Sphere","player_choice":"Fight","floor":37,"damage_taken":0},{"event_name":"Match and Keep!","player_choice":"2 cards matched","floor":39,"damage_taken":0},{"event_name":"Transmorgrifier","player_choice":"Transform","floor":41,"damage_taken":0}],"boss_relics":[{"not_picked":["Cursed Key","Eternal Feather"],"picked":"Astrolabe"},{"not_picked":["Sozu","Runic Pyramid"],"picked":"Calling Bell"}],"potions_floor_spawned":[2,5,7,13,21,28,33,38,42,44],"seed_played":"6552198433353647450","killed_by":"Sphere and 2 Shapes","ascension_level":0,"is_trial":false}