{"gold_per_floor":[115,128,36,36,56,56,74,400,474,474,504,521,537,554,554,656,656,670,71,88,101,30,30,30,30,77,103,214,261,18,33,33,128,128,142,66,66,117,117,117],"floor_reached":40,"playtime":5049,"items_purged":[],"score":456,"play_id":"51a3aa84-00b4-4c55-b011-a11c73c1f2dc","local_time":"20190820120311","is_ascension_mode":false,"campfire_choices":[{"data":"Combust","floor":6,"key":"SMITH"},{"floor":15,"key":"REST"},{"floor":23,"key":"REST"},{"floor":25,"key":"REST"},{"floor":32,"key":"REST"}],"neow_cost":"","seed_source_timestamp":47251460895400,"circlet_count":0,"master_deck":["Strike_R","Strike_R+1","Strike_R+1","Strike_R","Strike_R+1","Defend_R","Defend_R+1","Defend_R","Defend_R","Bash","Anger","Combust","Combust+1","Warcry+1","Ghostly Armor+1","Armaments","Cleave","Brutality","Headbutt","Disarm","Feed","Flex+1","Rupture","Blind","Battle Trance","Shrug It Off+1","Battle Trance","Rupture","Demon Form","Rage","Flex","Juggernaut","Sword Boomerang+1","Rupture","Mind Blast","Trip","Apotheosis","Anger+1"],"relics":["Burning Blood","Old Coin","Gremlin Horn","War Paint","Runic Cube","Self Forming Clay","Whetstone","Nilry\u0027s Codex","MawBank","Ancient Tea Set","Mummified Hand","Fusion Hammer","Peace Pipe"],"potions_floor_usage":[13,20,29,31,33,40,40],"damage_taken":[{"damage":15,"enemies":"Jaw Worm","floor":1,"turns":5},{"damage":3,"enemies":"2 Louse","floor":2,"turns":3},{"damage":6,"enemies":"Small Slimes","floor":5,"turns":4},{"damage":24,"enemies":"Exordium Thugs","floor":7,"turns":3},{"damage":28,"enemies":"3 Sentries","floor":8,"turns":5},{"damage":2,"enemies":"Lots of Slimes","floor":12,"turns":1},{"damage":10,"enemies":"Looter","floor":13,"turns":3},{"damage":0,"enemies":"Blue Slaver","floor":14,"turns":3},{"damage":60,"enemies":"The Guardian","floor":16,"turns":11},{"damage":36,"enemies":"2 Thieves","floor":18,"turns":4},{"damage":14,"enemies":"Shell Parasite","floor":20,"turns":4},{"damage":12,"enemies":"Snake Plant","floor":21,"turns":4},{"damage":15,"enemies":"Cultist and Chosen","floor":27,"turns":6},{"damage":32,"enemies":"Book of Stabbing","floor":29,"turns":5},{"damage":3,"enemies":"Snecko","floor":31,"turns":4},{"damage":56,"enemies":"Champ","floor":33,"turns":8},{"damage":9,"enemies":"Orb Walker","floor":35,"turns":3},{"damage":52,"enemies":"2 Orb Walkers","floor":38,"turns":5},{"damage":45,"enemies":"Nemesis","floor":40,"turns":3}],"seed_played":"5533882215579921726","potions_obtained":[{"floor":1,"key":"BloodPotion"},{"floor":5,"key":"Energy Potion"},{"floor":8,"key":"Swift Potion"},{"floor":18,"key":"Poison Potion"},{"floor":31,"key":"SpeedPotion"},{"floor":33,"key":"Swift Potion"},{"floor":38,"key":"Regen Potion"}],"is_trial":false,"path_per_floor":["M","M","$","?","M","R","M","E","T","?","?","M","M","M","R","B",null,"M","$","M","M","$","R","?","R","T","M","?","E","$","M","R","B",null,"M","$","?","?","$","E"],"character_chosen":"IRONCLAD","items_purchased":["Combust","Warcry","Rupture","Blind","Battle Trance","Self Forming Clay","Whetstone","Rupture","Mummified Hand","Rupture"],"campfire_rested":4,"item_purchase_floors":[3,3,19,19,19,19,19,22,30,36],"current_hp_per_floor":[71,74,74,79,79,79,61,39,39,22,22,26,43,49,74,20,85,55,55,50,44,44,70,54,80,80,71,71,45,45,48,74,24,88,85,85,75,33,33,0],"gold":117,"neow_bonus":"","is_prod":false,"is_daily":false,"chose_seed":false,"campfire_upgraded":1,"win_rate":0.0,"timestamp":1566327791,"path_taken":["M","M","$","?","M","R","M","E","T","?","?","M","M","?","R","BOSS","M","$","M","M","?","R","?","R","T","M","?","E","$","M","R","BOSS","M","$","?","?","$","E"],"build_version":"2019-07-17","purchased_purges":0,"victory":false,"max_hp_per_floor":[80,80,80,85,85,85,85,85,85,85,85,85,85,85,85,85,85,85,85,88,88,88,88,88,88,88,88,88,88,88,88,88,88,88,88,88,88,92,92,92],"card_choices":[{"not_picked":["Second Wind","Flex"],"picked":"Anger","floor":1},{"not_picked":["Cleave","Shrug It Off"],"picked":"Combust","floor":2},{"not_picked":["Flame Barrier","Warcry"],"picked":"Ghostly Armor","floor":5},{"not_picked":["Battle Trance","Reckless Charge"],"picked":"Armaments","floor":7},{"not_picked":["Twin Strike","Flex"],"picked":"Cleave","floor":8},{"not_picked":["Burning Pact","Sword Boomerang"],"picked":"Brutality","floor":12},{"not_picked":["Sword Boomerang","Whirlwind"],"picked":"Headbutt","floor":13},{"not_picked":["Uppercut","Flex"],"picked":"Disarm","floor":14},{"not_picked":["Barricade","Dark Embrace"],"picked":"Feed","floor":16},{"not_picked":["Pommel Strike+1","Twin Strike"],"picked":"Flex+1","floor":18},{"not_picked":["Rampage","Iron Wave"],"picked":"Shrug It Off+1","floor":20},{"not_picked":["Power Through","Warcry"],"picked":"Battle Trance","floor":21},{"not_picked":["Clash+1","Sword Boomerang+1"],"picked":"Demon Form","floor":27},{"not_picked":["Iron Wave+1","Cleave"],"picked":"Rage","floor":29},{"not_picked":["Clothesline+1","Searing Blow"],"picked":"Flex","floor":31},{"not_picked":["Impervious","Barricade"],"picked":"Juggernaut","floor":33},{"not_picked":["Cleave+1","Flex"],"picked":"Sword Boomerang+1","floor":35},{"not_picked":["Dark Shackles","The Bomb"],"picked":"Mind Blast","floor":37},{"not_picked":["Swift Strike","Mind Blast"],"picked":"Trip","floor":37},{"not_picked":["Dramatic Entrance","Violence"],"picked":"Apotheosis","floor":37},{"not_picked":["Thunderclap+1","Clothesline+1"],"picked":"Anger+1","floor":38}],"player_experience":0,"relics_obtained":[{"floor":8,"key":"Old Coin"},{"floor":9,"key":"Gremlin Horn"},{"floor":24,"key":"Nilry\u0027s Codex"},{"floor":26,"key":"MawBank"},{"floor":29,"key":"Ancient Tea Set"},{"floor":38,"key":"Peace Pipe"}],"event_choices":[{"damage_healed":0,"gold_gain":0,"player_choice":"Donut","damage_taken":0,"max_hp_gain":5,"max_hp_loss":0,"event_name":"Big Fish","floor":4,"gold_loss":0},{"damage_healed":0,"gold_gain":0,"player_choice":"Entered Light","damage_taken":17,"max_hp_gain":0,"max_hp_loss":0,"event_name":"Shining Light","floor":10,"gold_loss":0,"cards_upgraded":["Warcry","Strike_R"]},{"damage_healed":0,"gold_gain":30,"player_choice":"Searched \u00272\u0027 times","damage_taken":0,"relics_obtained":["War Paint"],"max_hp_gain":0,"max_hp_loss":0,"event_name":"Dead Adventurer","floor":11,"gold_loss":0},{"damage_healed":0,"gold_gain":0,"player_choice":"Obtained Book","damage_taken":16,"max_hp_gain":0,"max_hp_loss":0,"event_name":"Cursed Tome","floor":24,"gold_loss":0},{"damage_healed":0,"gold_gain":99,"player_choice":"Stole From Cult","damage_taken":0,"max_hp_gain":0,"max_hp_loss":0,"event_name":"Nest","floor":28,"gold_loss":0},{"damage_healed":0,"gold_gain":0,"player_choice":"Memory 3","damage_taken":10,"max_hp_gain":0,"max_hp_loss":0,"event_name":"SensoryStone","floor":37,"gold_loss":0},{"damage_healed":0,"gold_gain":0,"player_choice":"Fight","damage_taken":0,"max_hp_gain":0,"max_hp_loss":0,"event_name":"Mysterious Sphere","floor":38,"gold_loss":0}],"is_beta":false,"boss_relics":[{"not_picked":["Calling Bell","Snecko Eye"],"picked":"Runic Cube"},{"not_picked":["Runic Pyramid","Philosopher\u0027s Stone"],"picked":"Fusion Hammer"}],"items_purged_floors":[],"is_endless":false,"potions_floor_spawned":[1,5,8,18,31,33,38],"killed_by":"Nemesis","ascension_level":0}