{"gold_per_floor":[117,134,152,165,185,185,202,221,244,23,53,53],"floor_reached":12,"playtime":730,"items_purged":[],"score":133,"play_id":"ab335b17-b70e-423d-884b-854103552e86","local_time":"20190829113811","is_ascension_mode":true,"campfire_choices":[{"data":"Rage","floor":6,"key":"SMITH"}],"neow_cost":"NONE","seed_source_timestamp":827682421607600,"circlet_count":0,"master_deck":["AscendersBane","Strike_R","Strike_R","Strike_R","Strike_R","Strike_R","Defend_R","Defend_R","Defend_R","Defend_R","Bash","Purity","Rage+1","Wild Strike","Exhume","Feel No Pain","Rage","Warcry"],"relics":["Burning Blood","Art of War","PrismaticShard"],"potions_floor_usage":[7,12],"damage_taken":[{"damage":1,"enemies":"Cultist","floor":1,"turns":4},{"damage":7,"enemies":"Small Slimes","floor":2,"turns":5},{"damage":10,"enemies":"Jaw Worm","floor":3,"turns":4},{"damage":6,"enemies":"Looter","floor":4,"turns":3},{"damage":34,"enemies":"Large Slime","floor":5,"turns":8},{"damage":7,"enemies":"Gremlin Gang","floor":7,"turns":4},{"damage":22,"enemies":"Lots of Slimes","floor":8,"turns":8},{"damage":12,"enemies":"Exordium Wildlife","floor":12,"turns":2}],"seed_played":"7755720355295842510","potions_obtained":[{"floor":2,"key":"Ancient Potion"},{"floor":5,"key":"Explosive Potion"}],"is_trial":false,"path_per_floor":["M","M","M","M","M","R","M","M","T","$","?","M"],"character_chosen":"IRONCLAD","items_purchased":["PrismaticShard"],"campfire_rested":0,"item_purchase_floors":[10],"current_hp_per_floor":[73,72,68,68,40,40,39,23,23,23,23,11],"gold":53,"neow_bonus":"RANDOM_COLORLESS","is_prod":false,"is_daily":false,"chose_seed":false,"campfire_upgraded":1,"win_rate":0,"timestamp":1567103891,"path_taken":["M","M","M","?","M","R","M","M","T","$","?","M"],"build_version":"2019-07-17","purchased_purges":0,"victory":false,"max_hp_per_floor":[75,75,75,75,75,75,75,75,75,75,75,75],"card_choices":[{"not_picked":["Hemokinesis","Wild Strike"],"picked":"Rage","floor":1},{"not_picked":["Twin Strike","Dropkick"],"picked":"Wild Strike","floor":2},{"not_picked":["Uppercut","Rupture"],"picked":"Exhume","floor":3},{"not_picked":["Armaments","Havoc"],"picked":"Feel No Pain","floor":4},{"not_picked":["Flame Barrier","Body Slam"],"picked":"Rage","floor":5},{"not_picked":["Armaments","Body Slam"],"picked":"Warcry","floor":7},{"not_picked":["Clash","Sever Soul","Havoc"],"picked":"SKIP","floor":8}],"player_experience":287689,"relics_obtained":[{"floor":9,"key":"Art of War"}],"event_choices":[{"damage_healed":0,"gold_gain":30,"player_choice":"Searched \u00271\u0027 times","damage_taken":0,"max_hp_gain":0,"max_hp_loss":0,"event_name":"Dead Adventurer","floor":11,"gold_loss":0}],"is_beta":false,"boss_relics":[],"items_purged_floors":[],"is_endless":false,"potions_floor_spawned":[2,5],"killed_by":"Exordium Wildlife","ascension_level":16}