{"path_per_floor":["M","M","?","?","?","R","M","$","T","M","M","E","T","M","R","B",null,"M","?","$","M","M","R","M","E","T"],"character_chosen":"IRONCLAD","items_purchased":["Sadistic Nature"],"gold_per_floor":[115,131,189,189,159,159,172,97,97,110,125,156,156,170,170,268,268,285,285,89,106,116,116,135,168,168,168],"floor_reached":27,"campfire_rested":2,"playtime":1151,"current_hp_per_floor":[82,86,86,86,86,86,90,90,90,62,62,23,23,25,55,36,102,88,72,72,60,30,61,41,14,14,0],"items_purged":["Normality"],"gold":168,"score":272,"play_id":"f40d11e3-e9d2-45aa-b9cb-93f6dfc97c55","local_time":"20180518171905","is_prod":false,"is_daily":false,"chose_seed":false,"is_ascension_mode":true,"campfire_upgraded":1,"timestamp":1526656745,"campfire_choices":[{"data":"Feed","floor":6,"key":"SMITH"},{"floor":15,"key":"REST"},{"floor":23,"key":"REST"}],"path_taken":["M","M","?","?","?","R","?","?","T","M","M","E","?","M","R","BOSS","M","?","$","?","M","R","M","E","T","E"],"build_version":"2018-05-17","seed_source_timestamp":202168079238289,"purchased_purges":2,"victory":false,"master_deck":["Strike_R","Strike_R","Strike_R","Strike_R","Strike_R","Defend_R","Defend_R","Defend_R","Defend_R","Bash","Feed+1","Iron Wave","Heavy Blade","Rampage","Iron Wave","Rampage","Blood for Blood","Spot Weakness","Demon Form","Infernal Blade+1","Necronomicurse","Sadistic Nature","Wild Strike+1","Evolve","Clash","Battle Trance"],"max_hp_per_floor":[83,86,86,86,86,86,90,90,90,94,98,98,98,102,102,102,102,106,106,106,106,106,106,106,106,106,106],"relics":["Burning Blood","Bag of Marbles","Girya","Oddly Smooth Stone","Toolbox","Black Star","Necronomicon","Boot","Vajra","Bag of Preparation"],"card_choices":[{"not_picked":["Warcry","Disarm"],"picked":"Iron Wave","floor":1},{"not_picked":["Dual Wield","Flame Barrier"],"picked":"Heavy Blade","floor":2},{"not_picked":["Sever Soul","Headbutt"],"picked":"Rampage","floor":7},{"not_picked":["Havoc","Sword Boomerang"],"picked":"Iron Wave","floor":10},{"not_picked":["Heavy Blade","Reckless Charge"],"picked":"Rampage","floor":11},{"not_picked":["Hemokinesis","Burning Pact"],"picked":"Blood for Blood","floor":12},{"not_picked":["Combust","Sword Boomerang"],"picked":"Spot Weakness","floor":14},{"not_picked":["Fiend Fire","Offering"],"picked":"Demon Form","floor":16},{"not_picked":["Twin Strike","Sword Boomerang+1"],"picked":"Infernal Blade+1","floor":18},{"not_picked":["Ghostly Armor","Burning Pact+1"],"picked":"Wild Strike+1","floor":21},{"not_picked":["Havoc+1","Dual Wield"],"picked":"Evolve","floor":22},{"not_picked":["Body Slam","Evolve"],"picked":"Clash","floor":24},{"not_picked":["Corruption","Immolate"],"picked":"Battle Trance","floor":25}],"player_experience":123614,"potions_floor_usage":[7,12,14,16,16,21,27],"damage_taken":[{"damage":7,"enemies":"2 Louse","floor":1,"turns":2},{"damage":4,"enemies":"Small Slimes","floor":2,"turns":3},{"damage":6,"enemies":"Jaw Worm","floor":7,"turns":2},{"damage":38,"enemies":"Large Slime","floor":10,"turns":6},{"damage":10,"enemies":"Looter","floor":11,"turns":2},{"damage":45,"enemies":"Lagavulin","floor":12,"turns":6},{"damage":8,"enemies":"Exordium Thugs","floor":14,"turns":4},{"damage":25,"enemies":"The Guardian","floor":16,"turns":9},{"damage":24,"enemies":"Spheric Guardian","floor":18,"turns":5},{"damage":18,"enemies":"2 Thieves","floor":21,"turns":3},{"damage":36,"enemies":"Snake Plant","floor":22,"turns":4},{"damage":26,"enemies":"Centurion and Healer","floor":24,"turns":8},{"damage":33,"enemies":"Book of Stabbing","floor":25,"turns":5},{"damage":15,"enemies":"Gremlin Leader","floor":27,"turns":2}],"relics_obtained":[{"floor":9,"key":"Girya"},{"floor":12,"key":"Oddly Smooth Stone"},{"floor":13,"key":"Toolbox"},{"floor":19,"key":"Necronomicon"},{"floor":25,"key":"Boot"},{"floor":25,"key":"Vajra"},{"floor":26,"key":"Bag of Preparation"}],"event_choices":[{"event_name":"Golden Wing","player_choice":"Gained Gold","floor":3,"damage_taken":0},{"event_name":"Accursed Blacksmith","player_choice":"Rummage","floor":4,"damage_taken":0},{"event_name":"The Woman in Blue","player_choice":"Bought 2 Potions","floor":5,"damage_taken":0},{"event_name":"Cursed Tome","player_choice":"Obtained Book","floor":19,"damage_taken":0}],"boss_relics":[{"not_picked":["Snecko Eye","Philosopher\u0027s Stone"],"picked":"Black Star"}],"potions_floor_spawned":[10,11,12,16,18,25],"seed_played":"-6561729387338247506","killed_by":"Gremlin Leader","ascension_level":1,"potions_obtained":[{"floor":5,"key":"SpeedPotion"},{"floor":5,"key":"AttackPotion"},{"floor":10,"key":"Dexterity Potion"},{"floor":11,"key":"GamblersBrew"},{"floor":12,"key":"Ancient Potion"},{"floor":16,"key":"SteroidPotion"},{"floor":18,"key":"Poison Potion"},{"floor":25,"key":"AttackPotion"}],"is_trial":false}