{"gold_per_floor":[112,112,129,144,69,69,89,117,117,117,176,203,218,249,249,347,347,361,38,38,57,74,74,89,150,176,206,121,121,139,58,58,162,212,231,37,37,53,72,72,99,99,99,125,125,135,135,145,145,145,145,145,20,46,46],"floor_reached":56,"playtime":8617,"items_purged":["Strike_B","Strike_B","Defend_B"],"score":1710,"play_id":"af08295b-de82-4900-a869-66b643525fc5","local_time":"20190707151044","is_ascension_mode":true,"campfire_choices":[{"data":"Zap","floor":6,"key":"SMITH"},{"data":"Defragment","floor":10,"key":"SMITH"},{"data":"Steam Power","floor":15,"key":"SMITH"},{"floor":23,"key":"REST"},{"data":"Go for the Eyes","floor":29,"key":"SMITH"},{"data":"Defragment","floor":32,"key":"SMITH"},{"floor":40,"key":"RECALL"},{"data":"Scrape","floor":42,"key":"SMITH"},{"data":"Dualcast","floor":47,"key":"SMITH"},{"data":"Auto Shields","floor":49,"key":"SMITH"},{"data":"All For One","floor":52,"key":"SMITH"}],"neow_cost":"NONE","seed_source_timestamp":918079046667572,"circlet_count":0,"master_deck":["Strike_B+1","Defend_B","Defend_B","Defend_B","Zap+1","Dualcast+1","All For One+1","Steam Power+1","Defragment+1","Auto Shields+1","Scrape+1","Turbo","Undo+1","Steam+1","Genetic Algorithm+1","Reprogram+1","Stack+1","Steam+1","Go for the Eyes+1","Stack+1","Turbo+1","Coolheaded+1","Seek+1","Beam Cell+1","Hologram+1","Defragment+1","Reboot+1","Ball Lightning+1","Stack+1","Chrysalis+1","Glacier+1","Redo+1","Hologram+1","Conserve Battery+1","Skim+1","Tempest+1"],"relics":["Cracked Core","Mercury Hourglass","Pear","Toxic Egg 2","Kunai","Pantograph","Philosopher\u0027s Stone","Runic Capacitor","Tiny Chest","Strawberry","Dodecahedron","Dream Catcher","Tiny House","Lantern","Bird Faced Urn","PreservedInsect","Gremlin Horn"],"potions_floor_usage":[12,14,33,33,41,55,55,55],"damage_taken":[{"damage":0,"enemies":"Small Slimes","floor":1,"turns":2},{"damage":2,"enemies":"Jaw Worm","floor":3,"turns":3},{"damage":1,"enemies":"Cultist","floor":4,"turns":3},{"damage":0,"enemies":"3 Louse","floor":7,"turns":3},{"damage":14,"enemies":"Lagavulin","floor":8,"turns":5},{"damage":6,"enemies":"Lagavulin Event","floor":11,"turns":5},{"damage":9,"enemies":"Gremlin Nob","floor":12,"turns":3},{"damage":0,"enemies":"Exordium Wildlife","floor":13,"turns":3},{"damage":9,"enemies":"Lagavulin","floor":14,"turns":6},{"damage":42,"enemies":"Slime Boss","floor":16,"turns":8},{"damage":0,"enemies":"Shell Parasite","floor":18,"turns":4},{"damage":0,"enemies":"Chosen","floor":21,"turns":3},{"damage":28,"enemies":"Snake Plant","floor":22,"turns":4},{"damage":0,"enemies":"Centurion and Healer","floor":24,"turns":5},{"damage":1,"enemies":"Book of Stabbing","floor":25,"turns":5},{"damage":22,"enemies":"Slavers","floor":27,"turns":7},{"damage":0,"enemies":"Cultist and Chosen","floor":30,"turns":4},{"damage":7,"enemies":"Automaton","floor":33,"turns":8},{"damage":0,"enemies":"3 Shapes","floor":35,"turns":4},{"damage":0,"enemies":"Orb Walker","floor":38,"turns":2},{"damage":0,"enemies":"3 Darklings","floor":39,"turns":3},{"damage":0,"enemies":"Reptomancer","floor":41,"turns":9},{"damage":4,"enemies":"Nemesis","floor":44,"turns":9},{"damage":0,"enemies":"Transient","floor":46,"turns":5},{"damage":2,"enemies":"Sphere and 2 Shapes","floor":48,"turns":4},{"damage":0,"enemies":"Donu and Deca","floor":50,"turns":9},{"damage":0,"enemies":"Shield and Spear","floor":54,"turns":4},{"damage":65,"enemies":"The Heart","floor":55,"turns":9}],"seed_played":"3418766193723115024","potions_obtained":[{"floor":1,"key":"Strength Potion"},{"floor":3,"key":"Fire Potion"},{"floor":8,"key":"Block Potion"},{"floor":14,"key":"Explosive Potion"},{"floor":21,"key":"LiquidBronze"},{"floor":25,"key":"SkillPotion"},{"floor":34,"key":"SteroidPotion"},{"floor":35,"key":"AttackPotion"},{"floor":41,"key":"PowerPotion"},{"floor":44,"key":"Fire Potion"},{"floor":48,"key":"PowerPotion"}],"is_trial":false,"path_per_floor":["M","?","M","M","$","R","M","E","T","R","?","E","M","E","R","B",null,"M","$","?","M","M","R","M","E","T","E","?","R","M","$","R","B",null,"M","$","?","M","M","R","E","R","T","E","T","M","R","M","R","B",null,"R","$","E","B",null],"character_chosen":"DEFECT","items_purchased":["Runic Capacitor","Steam+1","Hologram+1","Defragment","Chrysalis+1"],"campfire_rested":1,"item_purchase_floors":[19,19,31,31,36],"current_hp_per_floor":[68,61,59,58,58,58,58,44,54,54,48,39,39,30,30,13,67,67,67,67,67,39,64,64,63,70,48,48,48,48,48,48,66,91,91,91,107,107,107,107,107,107,107,103,103,107,107,107,107,107,107,107,107,107,58],"gold":46,"neow_bonus":"ONE_RANDOM_RARE_CARD","is_prod":false,"is_daily":false,"chose_seed":false,"campfire_upgraded":9,"win_rate":0,"timestamp":1562526644,"path_taken":["M","?","M","M","$","R","M","E","T","R","?","E","M","E","R","BOSS","M","$","?","?","M","R","M","E","T","E","?","R","M","?","R","BOSS","M","$","?","M","?","R","E","R","T","E","?","M","R","M","R","BOSS","R","$","E","BOSS"],"build_version":"2019-07-05","purchased_purges":3,"victory":true,"max_hp_per_floor":[75,75,75,75,75,75,75,75,85,85,85,85,85,85,85,85,85,85,85,85,85,85,85,85,85,92,92,92,92,92,92,92,92,97,97,97,107,107,107,107,107,107,107,107,107,107,107,107,107,107,107,107,107,107,107],"card_choices":[{"not_picked":["Skim","Glacier"],"picked":"Steam Power","floor":1},{"not_picked":["Capacitor","Barrage"],"picked":"Defragment","floor":3},{"not_picked":["Recycle","Compile Driver"],"picked":"Auto Shields","floor":4},{"not_picked":["Auto Shields","Chaos"],"picked":"Scrape","floor":7},{"not_picked":["Storm","Double Energy"],"picked":"Turbo","floor":8},{"not_picked":["Compile Driver","Capacitor"],"picked":"Undo+1","floor":11},{"not_picked":["Reprogram+1","Barrage"],"picked":"Steam+1","floor":12},{"not_picked":["Undo+1","Compile Driver"],"picked":"Genetic Algorithm+1","floor":13},{"not_picked":["Force Field+1","Skim+1"],"picked":"Reprogram+1","floor":14},{"not_picked":["Machine Learning","Meteor Strike"],"picked":"Multi-Cast+1","floor":16},{"not_picked":["Barrage","Conserve Battery+1"],"picked":"Stack+1","floor":18},{"not_picked":["Conserve Battery+1","Beam Cell"],"picked":"Go for the Eyes","floor":21},{"not_picked":["Sweeping Beam","Hyperbeam"],"picked":"Stack+1","floor":22},{"not_picked":["Sweeping Beam","Rip and Tear+1"],"picked":"Turbo+1","floor":24},{"not_picked":["Rip and Tear","Defragment"],"picked":"Coolheaded+1","floor":25},{"not_picked":["Cold Snap+1","Compile Driver"],"picked":"Seek+1","floor":27},{"not_picked":["Capacitor+1","Rebound"],"picked":"Beam Cell+1","floor":30},{"not_picked":["Amplify+1","Echo Form"],"picked":"Reboot+1","floor":33},{"not_picked":["Conserve Battery+1","Capacitor"],"picked":"Ball Lightning+1","floor":34},{"not_picked":["Ball Lightning+1","Compile Driver+1"],"picked":"Stack+1","floor":35},{"not_picked":["Static Discharge+1","Gash"],"picked":"Glacier+1","floor":38},{"not_picked":["Static Discharge+1","Darkness+1","Doom and Gloom+1"],"picked":"SKIP","floor":39},{"not_picked":["Seek+1","Stack+1"],"picked":"Redo+1","floor":41},{"not_picked":["Stack+1","Streamline"],"picked":"Hologram+1","floor":44},{"not_picked":["Sweeping Beam+1","Cold Snap"],"picked":"Conserve Battery+1","floor":46},{"not_picked":["Blizzard+1","Reinforced Body+1"],"picked":"Skim+1","floor":48},{"not_picked":["Reboot+1","Rebound"],"picked":"Tempest+1","floor":54}],"player_experience":174179,"relics_obtained":[{"floor":8,"key":"Mercury Hourglass"},{"floor":9,"key":"Pear"},{"floor":12,"key":"Kunai"},{"floor":14,"key":"Pantograph"},{"floor":25,"key":"Tiny Chest"},{"floor":26,"key":"Strawberry"},{"floor":27,"key":"Dodecahedron"},{"floor":41,"key":"Lantern"},{"floor":44,"key":"Bird Faced Urn"},{"floor":45,"key":"PreservedInsect"},{"floor":54,"key":"Gremlin Horn"}],"event_choices":[{"cards_removed":["Strike_B"],"damage_healed":0,"gold_gain":0,"player_choice":"Card Removal","damage_taken":7,"max_hp_gain":0,"max_hp_loss":0,"event_name":"Golden Wing","floor":2,"gold_loss":0},{"damage_healed":0,"gold_gain":30,"player_choice":"Searched \u00273\u0027 times","damage_taken":0,"relics_obtained":["Toxic Egg 2"],"max_hp_gain":0,"max_hp_loss":0,"event_name":"Dead Adventurer","floor":11,"gold_loss":0},{"damage_healed":0,"gold_gain":0,"player_choice":"Ignored","damage_taken":0,"max_hp_gain":0,"max_hp_loss":0,"event_name":"N\u0027loth","floor":20,"gold_loss":0},{"damage_healed":0,"gold_gain":0,"player_choice":"Obtained Relic","damage_taken":0,"relics_obtained":["Dream Catcher"],"max_hp_gain":0,"max_hp_loss":0,"event_name":"Addict","floor":28,"gold_loss":85},{"cards_removed":["Multi-Cast"],"damage_healed":6,"gold_gain":0,"player_choice":"Offered Rare","damage_taken":0,"max_hp_gain":10,"max_hp_loss":0,"event_name":"Bonfire Elementals","floor":37,"gold_loss":0}],"is_beta":false,"boss_relics":[{"not_picked":["Velvet Choker","Cursed Key"],"picked":"Philosopher\u0027s Stone"},{"not_picked":["Fusion Hammer","Snecko Eye"],"picked":"Tiny House"}],"items_purged_floors":[5,19,53],"is_endless":false,"potions_floor_spawned":[1,3,8,14,21,22,25,30,35,41,44,48],"ascension_level":6}