{"path_per_floor":["M","M","M","?","M","R","?","M","T","M","?","?","M","M","R"],"character_chosen":"IRONCLAD","items_purchased":[],"gold_per_floor":[109,119,136,136,150,150,150,165,216,236,311,344,363,381,381,381],"floor_reached":16,"campfire_rested":1,"playtime":521,"current_hp_per_floor":[80,80,80,60,66,66,66,38,38,39,28,26,22,28,52,0],"items_purged":[],"gold":381,"score":101,"play_id":"a02bbf3e-bf21-4d93-a672-36b80d1acc36","local_time":"20180518162326","is_prod":false,"is_daily":false,"chose_seed":false,"is_ascension_mode":true,"campfire_upgraded":1,"timestamp":1526653406,"campfire_choices":[{"data":"Armaments","floor":6,"key":"SMITH"},{"floor":15,"key":"REST"}],"path_taken":["M","M","M","?","M","R","?","M","T","M","?","?","M","?","R","BOSS"],"build_version":"2018-05-17","seed_source_timestamp":199458259223601,"purchased_purges":0,"victory":false,"master_deck":["Strike_R","Strike_R","Strike_R","Strike_R","Strike_R","Defend_R","Defend_R","Defend_R","Defend_R","Bash","Perfected Strike","Armaments+1","Twin Strike","Dual Wield","Blood for Blood","Flex","Inflame","Flex","Anger"],"max_hp_per_floor":[80,80,80,80,80,80,80,80,80,80,80,80,80,80,80,80],"relics":["Burning Blood","NeowsBlessing","Golden Idol","Anchor","Odd Mushroom"],"card_choices":[{"not_picked":["Pummel","Cleave"],"picked":"Perfected Strike","floor":1},{"not_picked":["Reckless Charge","Headbutt"],"picked":"Armaments","floor":2},{"not_picked":["Armaments","Bloodletting"],"picked":"Twin Strike","floor":3},{"not_picked":["Second Wind","Sentinel"],"picked":"Dual Wield","floor":5},{"not_picked":["Sentinel","Cleave"],"picked":"Blood for Blood","floor":8},{"not_picked":["Dual Wield","Sword Boomerang"],"picked":"Flex","floor":10},{"not_picked":["Armaments","Uppercut"],"picked":"Inflame","floor":12},{"not_picked":["Disarm","Combust"],"picked":"Flex","floor":13},{"not_picked":["Havoc","Sever Soul"],"picked":"Anger","floor":14}],"player_experience":120934,"potions_floor_usage":[5,10,16],"damage_taken":[{"damage":0,"enemies":"2 Louse","floor":1,"turns":1},{"damage":0,"enemies":"Jaw Worm","floor":2,"turns":1},{"damage":0,"enemies":"Small Slimes","floor":3,"turns":1},{"damage":0,"enemies":"Blue Slaver","floor":5,"turns":2},{"damage":34,"enemies":"Exordium Thugs","floor":8,"turns":7},{"damage":5,"enemies":"Large Slime","floor":10,"turns":4},{"damage":8,"enemies":"The Mushroom Lair","floor":12,"turns":4},{"damage":10,"enemies":"Looter","floor":13,"turns":3},{"damage":0,"enemies":"2 Fungi Beasts","floor":14,"turns":3},{"damage":56,"enemies":"The Guardian","floor":16,"turns":5}],"relics_obtained":[{"floor":9,"key":"Anchor"},{"floor":12,"key":"Odd Mushroom"}],"event_choices":[{"event_name":"Golden Idol","player_choice":"Take Damage","floor":4,"damage_taken":0},{"event_name":"The Cleric","player_choice":"Leave","floor":7,"damage_taken":0},{"event_name":"World of Goop","player_choice":"Gather Gold","floor":11,"damage_taken":0},{"event_name":"Mushrooms","player_choice":"Fought Mushrooms","floor":12,"damage_taken":0}],"boss_relics":[],"potions_floor_spawned":[2,5,13,14],"seed_played":"-5055160706221405436","killed_by":"The Guardian","ascension_level":1,"potions_obtained":[{"floor":2,"key":"Block Potion"},{"floor":5,"key":"Swift Potion"},{"floor":13,"key":"SpeedPotion"},{"floor":14,"key":"PowerPotion"}],"is_trial":false}