{"path_per_floor":["M","M","?","$","M","$","M","R","T","R","M","M","M","?","R","B",null,"M","M","$","?","M","R","M","?","T","R","E","$","?","$","R"],"character_chosen":"THE_SILENT","items_purchased":["Girya","Caltrops"],"gold_per_floor":[119,136,311,8,18,18,0,0,0,0,17,33,49,49,49,145,145,162,178,103,28,48,48,64,64,111,111,136,36,36,0,0],"floor_reached":33,"campfire_rested":0,"playtime":1513,"current_hp_per_floor":[66,64,64,64,52,52,52,58,58,64,59,59,60,60,68,54,70,57,54,54,54,51,61,37,37,37,47,44,44,70,70,70],"items_purged":["Doubt","Pain"],"gold":0,"score":255,"play_id":"bd819615-bf73-46a5-bfd5-7257e512f04c","is_prod":false,"is_daily":false,"is_ascension_mode":false,"campfire_upgraded":3,"path_taken":["M","M","?","$","M","$","M","R","T","R","M","?","M","?","R","BOSS","M","M","$","?","M","R","M","?","T","R","E","$","?","?","R","BOSS"],"build_version":"2018-02-15-PROD1","purchased_purges":2,"victory":false,"master_deck":["Defend_G","Defend_G","Defend_G","Defend_G","Defend_G","Strike_G","Strike_G","Strike_G","Strike_G","Strike_G","Survivor","Neutralize","Masterful Stab","Leg Sweep","All Out Attack","Caltrops+1","Sucker Punch","Sucker Punch","Tools of the Trade+1","Decay","Malaise+1","Deflect+1","Poisoned Stab","Prepared+1","Crippling Poison","Caltrops+1"],"max_hp_per_floor":[70,70,70,70,70,70,70,70,70,70,70,70,70,70,70,70,70,70,70,70,70,70,70,70,70,70,70,70,70,70,70,70],"relics":["Eternal Feather","Girya","Bird Faced Urn","Orichalcum","Calling Bell","Oddly Smooth Stone","Omamori","Bronze Scales","Bag of Marbles","Regal Pillow","Torii"],"card_choices":[{"not_picked":["Deadly Poison","Deflect"],"picked":"Catalyst"},{"not_picked":["Sucker Punch","Dagger Throw"],"picked":"Masterful Stab"},{"not_picked":["Sucker Punch","Acrobatics"],"picked":"Leg Sweep"},{"not_picked":["Endless Agony","Skewer"],"picked":"All Out Attack"},{"not_picked":["Infinite Blades","Backflip"],"picked":"Caltrops"},{"not_picked":["Blur","Distraction"],"picked":"Sucker Punch"},{"not_picked":["Calculated Gamble","Underhanded Strike"],"picked":"Sucker Punch"},{"not_picked":["Wraith Form","Unload"],"picked":"Tools of the Trade"},{"not_picked":["Calculated Gamble","Leg Sweep"],"picked":"Malaise"},{"not_picked":["Dagger Spray","All Out Attack"],"picked":"Deflect"},{"not_picked":["Acrobatics","Deflect"],"picked":"Poisoned Stab"},{"not_picked":["Deflect","Dagger Throw"],"picked":"Prepared"},{"not_picked":["Skewer","Quick Slash"],"picked":"Crippling Poison"}],"player_experience":87770,"potions_floor_usage":[12,16,16,24,33],"damage_taken":[{"damage":4,"enemies":"Jaw Worm","floor":1,"turns":4},{"damage":2,"enemies":"2 Louse","floor":2,"turns":3},{"damage":12,"enemies":"Cultist","floor":5,"turns":7},{"damage":0,"enemies":"Looter","floor":7,"turns":4},{"damage":5,"enemies":"2 Fungi Beasts","floor":11,"turns":3},{"damage":2,"enemies":"Blue Slaver","floor":12,"turns":4},{"damage":1,"enemies":"3 Louse","floor":13,"turns":2},{"damage":16,"enemies":"Hexaghost","floor":16,"turns":8},{"damage":13,"enemies":"Shell Parasite","floor":18,"turns":6},{"damage":7,"enemies":"3 Byrds","floor":19,"turns":3},{"damage":7,"enemies":"Snake Plant","floor":22,"turns":5},{"damage":26,"enemies":"3 Cultists","floor":24,"turns":6},{"damage":7,"enemies":"Book of Stabbing","floor":28,"turns":5},{"damage":81,"enemies":"Collector","floor":33,"turns":10}],"event_choices":[{"event_name":"Liars Game","player_choice":"agreed","floor":3,"damage_taken":0},{"event_name":"Dead Adventurer","player_choice":"Searched \u00271\u0027 times","floor":14,"damage_taken":0},{"event_name":"Beggar","player_choice":"Gave Gold","floor":21,"damage_taken":0},{"event_name":"The Mausoleum","player_choice":"Yes","floor":25,"damage_taken":0},{"event_name":"Bonfire Elementals","player_choice":"UNCOMMON","floor":30,"damage_taken":0}],"boss_relics":[{"not_picked":["Snecko Eye","Runic Pyramid"],"picked":"Calling Bell"}],"potions_floor_spawned":[1,5,11,18,19],"seed_played":"-3158416935752059375","killed_by":"Collector","ascension_level":0,"is_trial":false}