{"gold_per_floor":[113,113,188,21,33,33,44,69,69,99,112,112,112,125,125,224,224,206,218,218,218,15,15],"floor_reached":23,"playtime":1631,"items_purged":[],"score":191,"play_id":"6df48a69-bb36-46bd-9945-f4e101e9ee8e","local_time":"20190821144649","is_ascension_mode":false,"campfire_choices":[{"floor":6,"key":"REST"},{"data":"Armaments","floor":12,"key":"SMITH"},{"floor":15,"key":"REST"}],"neow_cost":"NONE","seed_source_timestamp":250317754567024,"circlet_count":0,"master_deck":["Strike_R+1","Strike_R+1","Strike_R+1","Strike_R+1","Strike_R+1","Defend_R+1","Defend_R+1","Defend_R+1","Defend_R+1","Bash","Dark Embrace","Anger","Combust","Panacea","Clash","Armaments","Combust","Metallicize","Armaments+1","Flex","Barricade","Searing Blow","Thunderclap+1","Whirlwind","Inflame","Bandage Up"],"relics":["Burning Blood","Odd Mushroom","Anchor","Bottled Tornado","Darkstone Periapt","Philosopher\u0027s Stone"],"potions_floor_usage":[16,18,20,23],"damage_taken":[{"damage":6,"enemies":"Jaw Worm","floor":1,"turns":3},{"damage":17,"enemies":"2 Louse","floor":5,"turns":3},{"damage":3,"enemies":"Cultist","floor":7,"turns":3},{"damage":12,"enemies":"The Mushroom Lair","floor":8,"turns":4},{"damage":39,"enemies":"Lagavulin","floor":10,"turns":6},{"damage":2,"enemies":"3 Louse","floor":11,"turns":2},{"damage":11,"enemies":"Large Slime","floor":14,"turns":5},{"damage":48,"enemies":"Hexaghost","floor":16,"turns":9},{"damage":17,"enemies":"2 Thieves","floor":18,"turns":4},{"damage":43,"enemies":"Shell Parasite","floor":19,"turns":6},{"damage":0,"enemies":"Shelled Parasite and Fungi","floor":20,"turns":1},{"damage":52,"enemies":"Slavers","floor":23,"turns":3}],"seed_played":"5464203883651248162","potions_obtained":[{"floor":1,"key":"Poison Potion"},{"floor":8,"key":"SneckoOil"},{"floor":16,"key":"SmokeBomb"},{"floor":18,"key":"Ancient Potion"}],"is_trial":false,"path_per_floor":["M","?","?","$","M","R","M","?","T","E","M","R","T","M","R","B",null,"M","M","M","?","$","E"],"character_chosen":"IRONCLAD","items_purchased":["Combust","Panacea","Whirlwind","Inflame","Bandage Up"],"campfire_rested":2,"item_purchase_floors":[4,4,22,22,22],"current_hp_per_floor":[80,85,74,74,63,85,85,79,79,46,50,50,50,45,70,28,85,74,37,43,43,43,0],"gold":15,"neow_bonus":"ONE_RANDOM_RARE_CARD","is_prod":false,"is_daily":false,"chose_seed":false,"campfire_upgraded":1,"win_rate":0.0,"timestamp":1566370009,"path_taken":["M","?","?","$","M","R","M","?","T","E","M","R","?","M","R","BOSS","M","M","M","?","$","E"],"build_version":"2019-07-17","purchased_purges":0,"victory":false,"max_hp_per_floor":[80,85,85,85,85,85,85,85,85,85,85,85,85,85,85,85,85,85,85,85,85,85,85],"card_choices":[{"not_picked":["Entrench","Headbutt"],"picked":"Anger","floor":1},{"not_picked":["Twin Strike","Body Slam"],"picked":"Clash","floor":5},{"not_picked":["Hemokinesis","Perfected Strike"],"picked":"Armaments","floor":7},{"not_picked":["Fire Breathing","Spot Weakness"],"picked":"Combust","floor":8},{"not_picked":["Dual Wield","Pummel"],"picked":"Metallicize","floor":10},{"not_picked":["Headbutt","Perfected Strike"],"picked":"Armaments","floor":11},{"not_picked":["Intimidate","Offering"],"picked":"Flex","floor":14},{"not_picked":["Bludgeon","Juggernaut"],"picked":"Barricade","floor":16},{"not_picked":["Pommel Strike","Armaments"],"picked":"Searing Blow","floor":18},{"not_picked":["Second Wind","True Grit"],"picked":"Thunderclap+1","floor":19}],"player_experience":44896,"relics_obtained":[{"floor":8,"key":"Odd Mushroom"},{"floor":9,"key":"Anchor"},{"floor":10,"key":"Bottled Tornado"},{"floor":13,"key":"Darkstone Periapt"}],"event_choices":[{"damage_healed":0,"gold_gain":0,"player_choice":"Donut","damage_taken":0,"max_hp_gain":5,"max_hp_loss":0,"event_name":"Big Fish","floor":2,"gold_loss":0},{"damage_healed":0,"gold_gain":75,"player_choice":"Gather Gold","damage_taken":11,"max_hp_gain":0,"max_hp_loss":0,"event_name":"World of Goop","floor":3,"gold_loss":0},{"damage_healed":0,"gold_gain":0,"player_choice":"Fought Mushrooms","damage_taken":0,"max_hp_gain":0,"max_hp_loss":0,"event_name":"Mushrooms","floor":8,"gold_loss":0},{"damage_healed":0,"gold_gain":0,"player_choice":"Simplicity","damage_taken":0,"max_hp_gain":0,"max_hp_loss":0,"event_name":"Back to Basics","floor":21,"gold_loss":0,"cards_upgraded":["Strike_R","Strike_R","Strike_R","Strike_R","Strike_R","Defend_R","Defend_R","Defend_R","Defend_R"]}],"is_beta":false,"boss_relics":[{"not_picked":["Cursed Key","Busted Crown"],"picked":"Philosopher\u0027s Stone"}],"items_purged_floors":[],"is_endless":false,"potions_floor_spawned":[1,8,16,18],"killed_by":"Slavers","ascension_level":0}