{"path_per_floor":["M","?","M","M","M","E","R","?","T","M","?","E","M"],"character_chosen":"THE_SILENT","items_purchased":[],"gold_per_floor":[119,119,140,164,183,518,518,498,498,522,596,630,655],"floor_reached":14,"campfire_rested":1,"playtime":1418,"current_hp_per_floor":[70,70,66,63,61,32,53,53,53,49,49,10,6],"items_purged":[],"gold":655,"play_id":"287ea706-4b2d-428f-a04b-229e13596b1f","is_prod":false,"is_daily":false,"is_ascension_mode":false,"campfire_upgraded":0,"path_taken":["M","?","M","M","M","E","R","?","T","M","?","E","M","E"],"build_version":"2018-02-01-PROD3","purchased_purges":0,"victory":false,"master_deck":["Defend_G","Defend_G","Defend_G","Defend_G","Defend_G","Strike_G","Strike_G","Strike_G","Strike_G","Strike_G","Survivor","Neutralize","PiercingWail","Injury","Choke","Slice","Escape Plan","Endless Agony","Acrobatics","Infinite Blades","Prepared","Sucker Punch"],"max_hp_per_floor":[70,70,70,70,70,70,70,70,70,70,70,77,77],"relics":["Ring of the Snake","Prayer Wheel","Golden Idol","Old Coin","Sundial","Strawberry"],"card_choices":[{"not_picked":["Sucker Punch","Dodge and Roll"],"picked":"PiercingWail"},{"not_picked":["Sucker Punch","Deadly Poison"],"picked":"Choke"},{"not_picked":["Footwork","Dagger Throw"],"picked":"Slice"},{"not_picked":["Adrenaline","PiercingWail"],"picked":"Escape Plan"},{"not_picked":["Eviscerate","Deadly Poison"],"picked":"Endless Agony"},{"not_picked":["Bane","Leg Sweep"],"picked":"Acrobatics"},{"not_picked":["Predator","Dodge and Roll"],"picked":"Infinite Blades"},{"not_picked":["Dagger Throw","Bouncing Flask"],"picked":"Prepared"},{"not_picked":["Poisoned Stab","Dagger Spray"],"picked":"Sucker Punch"}],"player_experience":46631,"potions_floor_usage":[10,12,13,14],"damage_taken":[{"damage":0,"enemies":"Small Slimes","floor":1,"turns":3},{"damage":4,"enemies":"Jaw Worm","floor":3,"turns":7},{"damage":3,"enemies":"Blue Slaver","floor":4,"turns":6},{"damage":2,"enemies":"3 Louse","floor":5,"turns":4},{"damage":29,"enemies":"Gremlin Nob","floor":6,"turns":5},{"damage":4,"enemies":"Exordium Thugs","floor":10,"turns":5},{"damage":46,"enemies":"Lagavulin","floor":12,"turns":7},{"damage":4,"enemies":"Gremlin Gang","floor":13,"turns":6},{"damage":10,"enemies":"3 Sentries","floor":14,"turns":4}],"event_choices":[{"event_name":"Golden Idol","player_choice":"Take Wound","floor":2,"damage_taken":0},{"event_name":"The Woman in Blue","player_choice":"Bought 1 Potion","floor":8,"damage_taken":0},{"event_name":"Golden Wing","player_choice":"Gained Gold","floor":11,"damage_taken":0}],"boss_relics":[],"potions_floor_spawned":[5,10,12],"seed_played":"2348339381520221091","killed_by":"3 Sentries","ascension_level":0,"is_trial":false}