{"gold_per_floor":[213,228,132,132,144,203,203,218,218,229,229,51,64,78,78,178,178,191,210,237,257,267,296,296,296,596,596,613,632,652,346,346,450,450,461,461,534,553,54,54,54,79,79,79],"floor_reached":44,"playtime":2257,"items_purged":["Pain"],"score":579,"play_id":"b4ec6b22-545d-4861-a93a-52145e1e976f","local_time":"20181126192700","is_ascension_mode":true,"campfire_choices":[{"floor":7,"key":"REST"},{"data":"Bash","floor":15,"key":"SMITH"},{"data":"Barricade","floor":24,"key":"SMITH"},{"data":"Iron Wave","floor":27,"key":"SMITH"},{"data":"Infernal Blade","floor":32,"key":"SMITH"},{"floor":40,"key":"REST"}],"neow_cost":"NONE","seed_source_timestamp":758861055436598,"circlet_count":0,"master_deck":["Strike_R","Strike_R","Strike_R","Strike_R","Strike_R","Defend_R","Defend_R","Defend_R","Defend_R","Bash+1","Battle Trance","Metallicize+1","Shrug It Off","Flex","Ghostly Armor","Iron Wave+1","Spot Weakness","Fiend Fire","Barricade+1","Iron Wave","Iron Wave+1","Infernal Blade+1","Reaper","Shrug It Off+1","Infernal Blade+1"],"relics":["Burning Blood","Tiny Chest","Pantograph","WarpedTongs","Velvet Choker","Potion Belt","Pocketwatch","Self Forming Clay","Old Coin","Bronze Scales","Pen Nib","Sozu","StoneCalendar","Bottled Flame","Kunai","Shuriken","Centennial Puzzle","Blue Candle"],"potions_floor_usage":[6,12,21,29,33],"damage_taken":[{"damage":10,"enemies":"Small Slimes","floor":1,"turns":3},{"damage":11,"enemies":"Cultist","floor":2,"turns":4},{"damage":3,"enemies":"Jaw Worm","floor":5,"turns":4},{"damage":39,"enemies":"Lagavulin","floor":6,"turns":8},{"damage":2,"enemies":"Exordium Thugs","floor":8,"turns":9},{"damage":23,"enemies":"Gremlin Gang","floor":10,"turns":7},{"damage":1,"enemies":"Looter","floor":13,"turns":3},{"damage":5,"enemies":"Exordium Thugs","floor":14,"turns":5},{"damage":38,"enemies":"Hexaghost","floor":16,"turns":7},{"damage":15,"enemies":"2 Thieves","floor":18,"turns":4},{"damage":13,"enemies":"Spheric Guardian","floor":19,"turns":5},{"damage":0,"enemies":"Cultist and Chosen","floor":21,"turns":4},{"damage":18,"enemies":"Snake Plant","floor":22,"turns":3},{"damage":5,"enemies":"Gremlin Leader","floor":23,"turns":8},{"damage":1,"enemies":"Shelled Parasite and Fungi","floor":28,"turns":5},{"damage":4,"enemies":"Centurion and Healer","floor":29,"turns":5},{"damage":17,"enemies":"Snake Plant","floor":30,"turns":4},{"damage":43,"enemies":"Collector","floor":33,"turns":11},{"damage":32,"enemies":"3 Shapes","floor":35,"turns":3},{"damage":6,"enemies":"Orb Walker","floor":38,"turns":4},{"damage":36,"enemies":"Nemesis","floor":42,"turns":7},{"damage":72,"enemies":"Reptomancer","floor":44,"turns":4}],"seed_played":"-7825192264151311250","potions_obtained":[{"floor":5,"key":"SteroidPotion"},{"floor":10,"key":"BloodPotion"},{"floor":13,"key":"SpeedPotion"},{"floor":14,"key":"FearPotion"},{"floor":28,"key":"Swift Potion"},{"floor":30,"key":"PowerPotion"}],"is_trial":false,"path_per_floor":["M","M","$","?","M","E","R","M","T","M","?","$","M","M","R","B",null,"M","M","T","M","M","E","R","?","T","R","M","M","M","$","R","B",null,"M","T","T","M","$","R","?","E","T","E"],"character_chosen":"IRONCLAD","items_purchased":["Shrug It Off","Flex","Fruit Juice","Bronze Scales","Pen Nib","Kunai","Shuriken"],"campfire_rested":2,"item_purchase_floors":[3,3,12,31,31,39,39],"current_hp_per_floor":[76,71,71,71,74,41,65,69,69,52,52,57,62,63,63,53,85,76,69,69,75,63,64,64,64,64,64,69,71,60,60,60,48,85,59,59,59,66,66,85,81,51,51,0],"gold":79,"neow_bonus":"HUNDRED_GOLD","is_prod":false,"is_daily":false,"chose_seed":false,"campfire_upgraded":4,"win_rate":0,"timestamp":1543256820,"path_taken":["M","M","$","?","M","E","R","M","T","?","?","$","M","M","R","BOSS","M","M","?","M","?","E","R","?","T","R","?","M","M","?","R","BOSS","M","?","?","M","$","R","?","E","T","E"],"build_version":"2018-11-15","purchased_purges":1,"victory":false,"max_hp_per_floor":[80,80,80,80,80,80,80,80,80,80,80,85,85,85,85,85,85,85,85,85,85,85,85,85,85,85,85,85,85,85,85,85,85,85,85,85,85,85,85,85,81,81,81,81],"card_choices":[{"not_picked":["Sword Boomerang","Shockwave"],"picked":"Battle Trance","floor":1},{"not_picked":["Sever Soul","Armaments"],"picked":"Metallicize","floor":2},{"not_picked":["Infernal Blade","Heavy Blade"],"picked":"Ghostly Armor","floor":5},{"not_picked":["Immolate","Shrug It Off"],"picked":"Iron Wave","floor":6},{"not_picked":["Pommel Strike","Bloodletting","Clash"],"picked":"SKIP","floor":8},{"not_picked":["Anger","Thunderclap","Dual Wield"],"picked":"SKIP","floor":10},{"not_picked":["Anger","Sword Boomerang"],"picked":"Spot Weakness","floor":13},{"not_picked":["Wild Strike","True Grit"],"picked":"Fiend Fire","floor":14},{"not_picked":["Impervious","Brutality"],"picked":"Barricade","floor":16},{"not_picked":["Clash","Cleave","Warcry"],"picked":"SKIP","floor":18},{"not_picked":["Cleave+1","Thunderclap"],"picked":"Iron Wave","floor":19},{"not_picked":["Second Wind+1","Combust","Fiend Fire"],"picked":"SKIP","floor":21},{"not_picked":["Sword Boomerang","Clash"],"picked":"Iron Wave+1","floor":22},{"not_picked":["Havoc","Clothesline","Twin Strike"],"picked":"SKIP","floor":23},{"not_picked":["True Grit","Sever Soul+1","Headbutt"],"picked":"SKIP","floor":28},{"not_picked":["Brutality","Sentinel","Power Through"],"picked":"SKIP","floor":29},{"not_picked":["Wild Strike","Twin Strike"],"picked":"Infernal Blade","floor":30},{"not_picked":["Immolate","Barricade"],"picked":"Reaper","floor":33},{"not_picked":["Flex","Perfected Strike+1"],"picked":"Shrug It Off+1","floor":35},{"not_picked":["Heavy Blade+1","Cleave","Anger"],"picked":"SKIP","floor":38},{"not_picked":["Reaper","Anger"],"picked":"Infernal Blade+1","floor":42}],"player_experience":315027,"relics_obtained":[{"floor":6,"key":"Tiny Chest"},{"floor":9,"key":"Pantograph"},{"floor":20,"key":"Potion Belt"},{"floor":23,"key":"Pocketwatch"},{"floor":26,"key":"Old Coin"},{"floor":36,"key":"StoneCalendar"},{"floor":37,"key":"Bottled Flame"},{"floor":42,"key":"Centennial Puzzle"},{"floor":43,"key":"Blue Candle"}],"event_choices":[{"damage_healed":0,"gold_gain":0,"player_choice":"Upgraded","damage_taken":0,"max_hp_gain":0,"max_hp_loss":0,"event_name":"Upgrade Shrine","floor":4,"gold_loss":0,"cards_upgraded":["Metallicize"]},{"damage_healed":0,"gold_gain":0,"player_choice":"Rummage","damage_taken":0,"relics_obtained":["WarpedTongs"],"max_hp_gain":0,"max_hp_loss":0,"event_name":"Accursed Blacksmith","floor":11,"gold_loss":0,"cards_obtained":["Pain"]},{"damage_healed":0,"gold_gain":0,"player_choice":"Gave Potion","damage_taken":0,"relics_obtained":["Self Forming Clay"],"max_hp_gain":0,"max_hp_loss":0,"event_name":"WeMeetAgain","floor":25,"gold_loss":0},{"damage_healed":0,"gold_gain":0,"player_choice":"Max HP","damage_taken":0,"max_hp_gain":0,"max_hp_loss":4,"event_name":"Winding Halls","floor":41,"gold_loss":0}],"is_beta":false,"boss_relics":[{"not_picked":["Tiny House","Empty Cage"],"picked":"Velvet Choker"},{"not_picked":["Runic Dome","Runic Cube"],"picked":"Sozu"}],"items_purged_floors":[12],"is_endless":false,"potions_floor_spawned":[5,10,13,14,16,18,28,30],"killed_by":"Reptomancer","ascension_level":4}