{"gold_per_floor":[118,131,131,131,142,173,173,183,210,221,197,197,112,127,127,226,226,240,240,240,142,155,155,175,175,175,188,188,201,201,235,235,330,330,348,127,139,154,173,173,173,173,173,173,395,395,395,413,413,413],"floor_reached":50,"playtime":7649,"items_purged":[],"score":519,"play_id":"c353a604-a867-4ec3-874b-bfd50d6467fc","local_time":"20190824135144","daily_mods":["Draft"],"is_ascension_mode":false,"campfire_choices":[{"floor":7,"key":"REST"},{"floor":12,"key":"REST"},{"floor":15,"key":"REST"},{"floor":23,"key":"REST"},{"floor":28,"key":"REST"},{"floor":30,"key":"REST"},{"floor":32,"key":"REST"},{"floor":40,"key":"REST"},{"floor":44,"key":"REST"},{"data":"Noxious Fumes","floor":49,"key":"SMITH"}],"neow_cost":"","seed_source_timestamp":0,"circlet_count":0,"master_deck":["Noxious Fumes","Dagger Spray","Blade Dance","Noxious Fumes","Dagger Spray","Poisoned Stab","Backflip","Cloak And Dagger","Infinite Blades","Deadly Poison","Infinite Blades","Cloak And Dagger","Dagger Spray","Backflip","Backflip","Crippling Poison","Escape Plan","Acrobatics","Blade Dance","Crippling Poison","Leg Sweep","Bandage Up","Escape Plan","Backstab","Corpse Explosion","Dagger Spray+1","Cloak And Dagger","Blade Dance","Blade Dance","Noxious Fumes+1","Normality","Backstab+1","Envenom","Blade Dance+1","Escape Plan","Prepared","Setup+1","Distraction+1","Madness","Madness","Decay","Apotheosis","Prepared+1"],"relics":["Ring of the Snake","Juzu Bracelet","Dream Catcher","Cursed Key","Blood Vial","Red Mask","Sozu","Orichalcum","Frozen Egg 2"],"potions_floor_usage":[27,29,33,47],"damage_taken":[{"damage":7,"enemies":"2 Louse","floor":1,"turns":3},{"damage":6,"enemies":"Jaw Worm","floor":2,"turns":4},{"damage":1,"enemies":"Cultist","floor":5,"turns":4},{"damage":16,"enemies":"Lagavulin","floor":6,"turns":5},{"damage":12,"enemies":"2 Fungi Beasts","floor":8,"turns":3},{"damage":0,"enemies":"Large Slime","floor":10,"turns":5},{"damage":26,"enemies":"Exordium Thugs","floor":14,"turns":4},{"damage":35,"enemies":"Slime Boss","floor":16,"turns":8},{"damage":21,"enemies":"Shell Parasite","floor":18,"turns":6},{"damage":18,"enemies":"2 Thieves","floor":22,"turns":4},{"damage":19,"enemies":"Sentry and Sphere","floor":24,"turns":3},{"damage":42,"enemies":"Shelled Parasite and Fungi","floor":27,"turns":5},{"damage":15,"enemies":"Snake Plant","floor":29,"turns":5},{"damage":5,"enemies":"Masked Bandits","floor":31,"turns":3},{"damage":56,"enemies":"Automaton","floor":33,"turns":9},{"damage":12,"enemies":"3 Darklings","floor":35,"turns":2},{"damage":14,"enemies":"Orb Walker","floor":37,"turns":3},{"damage":31,"enemies":"Transient","floor":38,"turns":5},{"damage":1,"enemies":"4 Shapes","floor":39,"turns":6},{"damage":0,"enemies":"Jaw Worm Horde","floor":47,"turns":1},{"damage":0,"enemies":"3 Darklings","floor":48,"turns":2},{"damage":84,"enemies":"Donu and Deca","floor":50,"turns":7}],"seed_played":"-3941054838056049385","potions_obtained":[{"floor":1,"key":"FearPotion"},{"floor":2,"key":"Fire Potion"},{"floor":6,"key":"GhostInAJar"},{"floor":10,"key":"EssenceOfSteel"},{"floor":20,"key":"GhostInAJar"},{"floor":20,"key":"GhostInAJar"},{"floor":27,"key":"SmokeBomb"}],"is_trial":true,"path_per_floor":["M","M","?","?","M","E","R","M","T","M","?","R","$","M","R","B",null,"M","?","?","$","M","R","M","$","T","M","R","M","R","?","R","B",null,"M","$","M","M","M","R","?","?","T","R","?","?","M","M","R","B"],"character_chosen":"THE_SILENT","items_purchased":["Bandage Up","Cloak And Dagger","Blade Dance","Escape Plan","Orichalcum"],"campfire_rested":9,"item_purchase_floors":[13,21,21,36,36],"current_hp_per_floor":[63,57,57,57,56,40,61,49,49,49,49,70,70,48,69,35,70,53,53,53,53,39,60,41,41,41,5,26,17,38,39,60,10,70,58,58,50,25,26,47,38,38,38,59,59,59,65,70,70,0],"gold":413,"neow_bonus":"","is_prod":false,"is_daily":false,"chose_seed":false,"campfire_upgraded":1,"win_rate":0.0,"timestamp":1566679904,"path_taken":["M","M","?","?","M","E","R","M","T","M","?","R","$","M","R","BOSS","M","?","?","$","M","R","M","$","T","M","R","M","R","?","R","BOSS","M","$","M","M","M","R","?","?","T","R","?","?","M","M","R","BOSS"],"build_version":"2019-07-17","purchased_purges":0,"victory":false,"max_hp_per_floor":[70,70,70,70,70,70,70,70,70,70,70,70,70,70,70,70,70,70,70,70,70,70,70,70,70,70,70,70,70,70,70,70,70,70,70,70,70,70,70,70,70,70,70,70,70,70,70,70,70,70],"card_choices":[{"not_picked":["Backstab","Dagger Spray"],"picked":"Noxious Fumes","floor":0},{"not_picked":["Dagger Throw","Riddle With Holes"],"picked":"Dagger Spray","floor":0},{"not_picked":["Catalyst","All Out Attack"],"picked":"Blade Dance","floor":0},{"not_picked":["Terror","Dodge and Roll"],"picked":"Noxious Fumes","floor":0},{"not_picked":["Choke","Slice"],"picked":"Dagger Spray","floor":0},{"not_picked":["Quick Slash","Bouncing Flask"],"picked":"Poisoned Stab","floor":0},{"not_picked":["Deadly Poison","Bane"],"picked":"Backflip","floor":0},{"not_picked":["Underhanded Strike","PiercingWail"],"picked":"Cloak And Dagger","floor":0},{"not_picked":["Cloak And Dagger","Poisoned Stab"],"picked":"Infinite Blades","floor":0},{"not_picked":["Masterful Stab","Caltrops"],"picked":"Deadly Poison","floor":0},{"not_picked":["Deadly Poison","Prepared"],"picked":"Infinite Blades","floor":0},{"not_picked":["Well Laid Plans","Blur"],"picked":"Cloak And Dagger","floor":0},{"not_picked":["Deflect","Bane"],"picked":"Dagger Spray","floor":0},{"not_picked":["PiercingWail","Deflect"],"picked":"Backflip","floor":0},{"not_picked":["Dodge and Roll","Riddle With Holes"],"picked":"Backflip","floor":0},{"not_picked":["Bane","Deadly Poison"],"picked":"Crippling Poison","floor":1},{"not_picked":["Dagger Spray","Poisoned Stab"],"picked":"Escape Plan","floor":2},{"not_picked":["PiercingWail","Endless Agony"],"picked":"Acrobatics","floor":5},{"not_picked":["Quick Slash","Sucker Punch"],"picked":"Blade Dance","floor":6},{"not_picked":["Catalyst","All Out Attack"],"picked":"Crippling Poison","floor":8},{"not_picked":["Sucker Punch","Blur","PiercingWail"],"picked":"SKIP","floor":10},{"not_picked":["Distraction","Underhanded Strike"],"picked":"Leg Sweep","floor":12},{"not_picked":["Prepared","Finisher"],"picked":"Escape Plan","floor":14},{"not_picked":["Quick Slash","Outmaneuver"],"picked":"Backstab","floor":15},{"not_picked":["Die Die Die","Grand Finale"],"picked":"Corpse Explosion","floor":16},{"not_picked":["Bane","Underhanded Strike+1"],"picked":"Dagger Spray+1","floor":18},{"not_picked":["Prepared","PiercingWail"],"picked":"Blade Dance","floor":22},{"not_picked":["Leg Sweep+1","Predator"],"picked":"Noxious Fumes","floor":23},{"not_picked":["Underhanded Strike+1","Expertise","Quick Slash"],"picked":"SKIP","floor":24},{"not_picked":["Caltrops","Dagger Throw"],"picked":"Backstab+1","floor":27},{"not_picked":["Slice","Dash","Underhanded Strike"],"picked":"SKIP","floor":29},{"not_picked":["Dagger Throw","Deadly Poison"],"picked":"Calculated Gamble+1","floor":31},{"not_picked":["Night Terror","Die Die Die"],"picked":"Envenom","floor":33},{"not_picked":["All Out Attack+1","Quick Slash"],"picked":"Blade Dance+1","floor":35},{"not_picked":["Riddle With Holes+1","Deadly Poison"],"picked":"Prepared","floor":37},{"not_picked":["Choke","Concentrate","Dash"],"picked":"SKIP","floor":38},{"not_picked":["Quick Slash+1","Prepared"],"picked":"Setup+1","floor":39},{"not_picked":["Outmaneuver","Skewer"],"picked":"Distraction+1","floor":40},{"not_picked":["Purity","Thinking Ahead"],"picked":"Apotheosis","floor":46},{"not_picked":["Flying Knee+1","Choke"],"picked":"Prepared+1","floor":48}],"player_experience":48937,"relics_obtained":[{"floor":6,"key":"Juzu Bracelet"},{"floor":9,"key":"Dream Catcher"},{"floor":26,"key":"Blood Vial"},{"floor":31,"key":"Red Mask"},{"floor":43,"key":"Frozen Egg 2"}],"event_choices":[{"damage_healed":0,"gold_gain":0,"player_choice":"Ignored","damage_taken":0,"max_hp_gain":0,"max_hp_loss":0,"event_name":"Golden Wing","floor":3,"gold_loss":0},{"damage_healed":0,"gold_gain":0,"player_choice":"Ignored","damage_taken":0,"max_hp_gain":0,"max_hp_loss":0,"event_name":"Purifier","floor":4,"gold_loss":0},{"damage_healed":0,"gold_gain":0,"player_choice":"Left Gold","damage_taken":0,"max_hp_gain":0,"max_hp_loss":0,"event_name":"World of Goop","floor":11,"gold_loss":24},{"damage_healed":0,"gold_gain":0,"player_choice":"Simplicity","damage_taken":0,"max_hp_gain":0,"max_hp_loss":0,"event_name":"Back to Basics","floor":19,"gold_loss":0,"cards_upgraded":[]},{"damage_healed":0,"gold_gain":0,"player_choice":"Got Potions","damage_taken":0,"max_hp_gain":0,"max_hp_loss":0,"event_name":"Lab","floor":20,"gold_loss":0},{"damage_healed":0,"gold_gain":0,"player_choice":"Fought Bandits","damage_taken":0,"max_hp_gain":0,"max_hp_loss":0,"event_name":"Masked Bandits","floor":31,"gold_loss":0},{"damage_healed":0,"gold_gain":0,"player_choice":"Embrace Madness","damage_taken":9,"max_hp_gain":0,"max_hp_loss":0,"event_name":"Winding Halls","floor":41,"gold_loss":0,"cards_obtained":["Madness","Madness"]},{"cards_removed":["Calculated Gamble"],"damage_healed":0,"gold_gain":0,"player_choice":"Removed Skill","damage_taken":0,"max_hp_gain":0,"max_hp_loss":0,"event_name":"Falling","floor":42,"gold_loss":0},{"damage_healed":0,"gold_gain":222,"player_choice":"Wore Mask","damage_taken":0,"max_hp_gain":0,"max_hp_loss":0,"event_name":"Tomb of Lord Red Mask","floor":45,"gold_loss":0},{"damage_healed":0,"gold_gain":0,"player_choice":"Memory 1","damage_taken":0,"max_hp_gain":0,"max_hp_loss":0,"event_name":"SensoryStone","floor":46,"gold_loss":0}],"is_beta":false,"boss_relics":[{"not_picked":["Philosopher\u0027s Stone","Snecko Eye"],"picked":"Cursed Key"},{"not_picked":["White Beast Statue","Orrery"],"picked":"Sozu"}],"items_purged_floors":[],"is_endless":false,"potions_floor_spawned":[1,2,6,10,27,31,35,38,47],"killed_by":"Donu and Deca","ascension_level":0}