{"gold_per_floor":[209,209,225,73,87,87,100,155,155,171,171,246,256,271,271,350,350,324,324,338,358,377,377,394,413,413,239,259,279,279,154,154,231,231,250,9,21,21,34,66,66,116,143,159,192,209,235,235,235,235,235,235,235,60,93,93],"floor_reached":57,"playtime":3095,"items_purged":["Strike_G","Strike_G","Strike_G","Riddle With Holes+1","Slice+1"],"score":2795,"play_id":"58bc6b55-fd85-435d-b050-d725ecfc25b5","local_time":"20190829105734","is_ascension_mode":true,"campfire_choices":[{"data":"Deadly Poison","floor":6.0,"key":"SMITH"},{"data":"Catalyst","floor":11.0,"key":"SMITH"},{"data":"Neutralize","floor":15.0,"key":"SMITH"},{"data":"Well Laid Plans","floor":23.0,"key":"SMITH"},{"data":"Footwork","floor":30.0,"key":"SMITH"},{"data":"Backflip","floor":32.0,"key":"SMITH"},{"data":"Wraith Form v2","floor":41.0,"key":"SMITH"},{"floor":49.0,"key":"RECALL"},{"data":"Malaise","floor":53,"key":"SMITH"}],"neow_cost":"NONE","seed_source_timestamp":0,"circlet_count":0,"master_deck":["AscendersBane","Survivor","Neutralize+1","Deadly Poison+1","Venomology","Well Laid Plans+1","PiercingWail","Backflip+1","Catalyst+1","Burst+1","Blur","Footwork+1","Escape Plan+1","Wraith Form v2+1","Crippling Poison","Setup+1","Grand Finale+1","Accuracy","Flash of Steel+1","Deflect+1","Neutralize+1","Prepared+1","Malaise+1","Acrobatics+1","Tactician"],"special_seed":0,"relics":["Ring of the Snake","Meat on the Bone","Molten Egg 2","Philosopher\u0027s Stone","PreservedInsect","Pandora\u0027s Box","Incense Burner","Paper Crane","War Paint","Blue Candle"],"potions_floor_usage":[50,56,56],"damage_taken":[{"damage":2.0,"enemies":"2 Louse","floor":1.0,"turns":3.0},{"damage":2.0,"enemies":"Jaw Worm","floor":3.0,"turns":4.0},{"damage":6.0,"enemies":"Small Slimes","floor":5.0,"turns":5.0},{"damage":1.0,"enemies":"Red Slaver","floor":7.0,"turns":5.0},{"damage":29.0,"enemies":"3 Sentries","floor":8.0,"turns":14.0},{"damage":7.0,"enemies":"Lots of Slimes","floor":10.0,"turns":6.0},{"damage":6.0,"enemies":"Exordium Thugs","floor":13.0,"turns":5.0},{"damage":3.0,"enemies":"3 Louse","floor":14.0,"turns":3.0},{"damage":14.0,"enemies":"Hexaghost","floor":16.0,"turns":9.0},{"damage":6.0,"enemies":"2 Thieves","floor":18.0,"turns":4.0},{"damage":10.0,"enemies":"Shell Parasite","floor":20.0,"turns":3.0},{"damage":31.0,"enemies":"3 Cultists","floor":21.0,"turns":6.0},{"damage":5.0,"enemies":"Centurion and Healer","floor":22.0,"turns":8.0},{"damage":27.0,"enemies":"Shelled Parasite and Fungi","floor":24.0,"turns":5.0},{"damage":0.0,"enemies":"Snecko","floor":25.0,"turns":5.0},{"damage":11.0,"enemies":"Sentry and Sphere","floor":28.0,"turns":8.0},{"damage":0.0,"enemies":"Centurion and Healer","floor":29.0,"turns":4.0},{"damage":0.0,"enemies":"Champ","floor":33.0,"turns":9.0},{"damage":3.0,"enemies":"3 Darklings","floor":35.0,"turns":3.0},{"damage":3.0,"enemies":"3 Shapes","floor":37.0,"turns":3.0},{"damage":4.0,"enemies":"Transient","floor":39.0,"turns":6.0},{"damage":33.0,"enemies":"Reptomancer","floor":40.0,"turns":6.0},{"damage":14.0,"enemies":"Writhing Mass","floor":44.0,"turns":3.0},{"damage":1.0,"enemies":"Giant Head","floor":45.0,"turns":6.0},{"damage":5.0,"enemies":"Sphere and 2 Shapes","floor":46.0,"turns":5.0},{"damage":28,"enemies":"Time Eater","floor":50,"turns":6},{"damage":9,"enemies":"Awakened One","floor":51,"turns":14},{"damage":2,"enemies":"Shield and Spear","floor":55,"turns":5},{"damage":45,"enemies":"The Heart","floor":56,"turns":8}],"seed_played":"107587850653442748","potions_obtained":[{"floor":1.0,"key":"Swift Potion"},{"floor":28.0,"key":"EssenceOfSteel"},{"floor":35.0,"key":"GamblersBrew"},{"floor":44.0,"key":"Poison Potion"}],"is_trial":false,"path_per_floor":["M","?","M","$","M","R","M","?","T","M","R","?","M","M","R","B",null,"M","?","M","M","M","R","M","M","T","$","M","M","R","$","R","B",null,"M","$","M","?","M","E","R","?","T","M","E","M","T","?","R","B","B",null,"R","$","E","B",null],"character_chosen":"THE_SILENT","items_purchased":["Well Laid Plans","Footwork","Flash of Steel+1"],"campfire_rested":0,"item_purchase_floors":[4,27,36],"current_hp_per_floor":[57,57,55,55,49,49,48,19,19,24,24,13,19,28,28,26,56,50,50,40,21,28,28,13,25,25,25,26,38,38,38,38,38,59,56,56,53,53,49,28,28,28,28,26,37,44,44,44,44,28,31,57,57,57,55,22],"gold":93,"neow_bonus":"HUNDRED_GOLD","is_prod":false,"is_daily":false,"chose_seed":false,"campfire_upgraded":8,"win_rate":0,"timestamp":1567047454,"path_taken":["M","?","M","$","M","R","M","?","T","M","R","?","M","M","R","BOSS","M","?","M","?","M","R","M","M","T","$","M","?","R","$","R","BOSS","M","$","M","?","?","E","R","?","T","?","E","M","?","?","R","BOSS","BOSS","R","$","E","BOSS"],"build_version":"2019-07-17","purchased_purges":5,"victory":true,"max_hp_per_floor":[66,66,66,66,66,66,66,66,66,66,66,66,66,66,66,66,66,66,66,66,66,66,66,66,66,66,66,66,66,66,66,66,66,66,66,66,66,66,66,66,66,66,66,66,66,66,66,66,66,66,66,66,66,66,66,66],"card_choices":[{"not_picked":["Accuracy","Cloak And Dagger"],"picked":"Deadly Poison","floor":1.0},{"not_picked":["Expertise","Deflect","Acrobatics"],"picked":"SKIP","floor":3.0},{"not_picked":["Reflex","Acrobatics"],"picked":"PiercingWail","floor":5.0},{"not_picked":["Flechettes","Finisher"],"picked":"Backflip","floor":7.0},{"not_picked":["Deadly Poison","Dagger Throw"],"picked":"Predator","floor":8.0},{"not_picked":["Outmaneuver","Dodge and Roll"],"picked":"Catalyst","floor":10.0},{"not_picked":["PiercingWail","Quick Slash+1","Envenom"],"picked":"SKIP","floor":13.0},{"not_picked":["Slice+1","Leg Sweep","Deadly Poison"],"picked":"SKIP","floor":14.0},{"not_picked":["Unload+1","Storm of Steel"],"picked":"Burst","floor":16.0},{"not_picked":["Endless Agony+1","Dagger Throw+1","Well Laid Plans"],"picked":"SKIP","floor":18.0},{"not_picked":["Slice+1","Dash+1","Bane+1"],"picked":"SKIP","floor":20.0},{"not_picked":["Blade Dance","Prepared"],"picked":"Blur","floor":21.0},{"not_picked":["Concentrate","Bane+1","Dodge and Roll"],"picked":"SKIP","floor":22.0},{"not_picked":["Flechettes+1","Cloak And Dagger","Quick Slash+1"],"picked":"SKIP","floor":24.0},{"not_picked":["Blur","Accuracy","Reflex"],"picked":"SKIP","floor":25.0},{"not_picked":["Dagger Throw+1","Riddle With Holes+1"],"picked":"Escape Plan+1","floor":28.0},{"not_picked":["Flechettes+1","Dagger Throw+1","Die Die Die+1"],"picked":"SKIP","floor":29.0},{"not_picked":["A Thousand Cuts","Storm of Steel"],"picked":"Wraith Form v2","floor":33.0},{"not_picked":["Blur+1","Terror","Quick Slash+1"],"picked":"SKIP","floor":35.0},{"not_picked":["Flying Knee+1","Dodge and Roll"],"picked":"Deflect+1","floor":37.0},{"not_picked":["Dodge and Roll","All Out Attack+1"],"picked":"Prepared+1","floor":39.0},{"not_picked":["Slice+1","Bane+1","Outmaneuver"],"picked":"SKIP","floor":40.0},{"not_picked":["Backflip","Accuracy","Distraction"],"picked":"SKIP","floor":44.0},{"not_picked":["Backflip","Accuracy","Distraction"],"picked":"SKIP","floor":44.0},{"not_picked":["Caltrops","Dagger Throw+1"],"picked":"Malaise","floor":45.0},{"not_picked":["Dagger Spray+1","Escape Plan+1"],"picked":"Acrobatics","floor":46.0},{"not_picked":["Predator+1","Glass Knife+1"],"picked":"Tactician","floor":55}],"player_experience":893880,"relics_obtained":[{"floor":8.0,"key":"Meat on the Bone"},{"floor":9.0,"key":"Molten Egg 2"},{"floor":26.0,"key":"PreservedInsect"},{"floor":40.0,"key":"Incense Burner"},{"floor":45.0,"key":"Paper Crane"},{"floor":47.0,"key":"War Paint"},{"floor":55,"key":"Blue Candle"}],"event_choices":[{"damage_healed":0.0,"max_hp_gain":0.0,"max_hp_loss":0.0,"gold_gain":0.0,"cards_transformed":["Strike_G"],"event_name":"Living Wall","player_choice":"Change","floor":2.0,"gold_loss":0.0,"damage_taken":0.0,"cards_obtained":["Venomology"]},{"damage_healed":0.0,"max_hp_gain":0.0,"max_hp_loss":0.0,"gold_gain":0.0,"event_name":"Dead Adventurer","player_choice":"Searched \u00272\u0027 times","floor":8.0,"gold_loss":0.0,"damage_taken":0.0},{"damage_healed":0.0,"max_hp_gain":0.0,"max_hp_loss":0.0,"gold_gain":75.0,"event_name":"World of Goop","player_choice":"Gather Gold","floor":12.0,"gold_loss":0.0,"damage_taken":11.0},{"damage_healed":0.0,"max_hp_gain":0.0,"max_hp_loss":0.0,"gold_gain":0.0,"event_name":"Upgrade Shrine","player_choice":"Upgraded","floor":19.0,"gold_loss":0.0,"damage_taken":0.0,"cards_upgraded":["Burst"]},{"damage_healed":0.0,"max_hp_gain":0.0,"max_hp_loss":0.0,"gold_gain":0.0,"event_name":"Match and Keep!","player_choice":"1 cards matched","floor":38.0,"gold_loss":0.0,"damage_taken":0.0,"cards_obtained":["Neutralize"]},{"damage_healed":0.0,"max_hp_gain":0.0,"max_hp_loss":0.0,"gold_gain":50.0,"event_name":"Golden Shrine","player_choice":"Pray","floor":42.0,"gold_loss":0.0,"damage_taken":0.0},{"cards_removed":["Predator"],"damage_healed":0.0,"max_hp_gain":0.0,"max_hp_loss":0.0,"gold_gain":0.0,"event_name":"Falling","player_choice":"Removed Attack","floor":48.0,"gold_loss":0.0,"damage_taken":0.0}],"is_beta":false,"boss_relics":[{"not_picked":["Fusion Hammer","Busted Crown"],"picked":"Philosopher\u0027s Stone"},{"not_picked":["Tiny House","Sozu"],"picked":"Pandora\u0027s Box"}],"items_purged_floors":[4,27,31,36,54],"is_endless":false,"potions_floor_spawned":[1,7,10,18,24,28,29,35,44,46],"ascension_level":20}