{"gold_per_floor":[116,116,116,43,43,72,91,102,102,102,166,194,194,204,204,306,306,316,316,316,316,316,316,327,327,350,368,380,395,395,410,410,509,509,524,542,25,25,25,40,40,53,53,53,68,0,0],"floor_reached":47,"playtime":2820,"items_purged":["Pain"],"score":594,"play_id":"0120fbe5-3379-457b-8dad-748bc5f01c71","local_time":"20181231171056","is_ascension_mode":true,"campfire_choices":[{"data":"Disarm","floor":10,"key":"SMITH"},{"floor":15,"key":"REST"},{"floor":23,"key":"RECALL"},{"data":"Ghostly Armor","floor":25,"key":"SMITH"},{"floor":30,"key":"REST"},{"floor":32,"key":"REST"},{"floor":41,"key":"REST"}],"neow_cost":"NONE","seed_source_timestamp":594507837410242,"circlet_count":0,"master_deck":["Strike_R","Strike_R","Strike_R","Strike_R+1","Strike_R","Defend_R","Defend_R","Defend_R","Defend_R","Bash+1","Body Slam+1","Clothesline+1","Ghostly Armor+1","Intimidate","Disarm+1","Intimidate+1","Infernal Blade+1","Double Tap+1","Flame Barrier+1","J.A.X.+1","Shockwave+1","Warcry+1","Spot Weakness+1","Impervious+1","Second Wind+1","Warcry+1","Parasite","Metallicize+1"],"relics":["Black Blood","Dead Branch","Toxic Egg 2","Kunai","Frozen Egg 2","WarpedTongs","Orichalcum","Velvet Choker","Pear","Toy Ornithopter","Boot","Red Mask"],"potions_floor_usage":[12,12,33,33,47,47],"damage_taken":[{"damage":2,"enemies":"Small Slimes","floor":1,"turns":3},{"damage":22,"enemies":"Lagavulin","floor":6,"turns":8},{"damage":0,"enemies":"Jaw Worm","floor":7,"turns":3},{"damage":0,"enemies":"2 Louse","floor":8,"turns":2},{"damage":23,"enemies":"3 Sentries","floor":11,"turns":6},{"damage":22,"enemies":"Gremlin Nob","floor":12,"turns":5},{"damage":8,"enemies":"Large Slime","floor":14,"turns":6},{"damage":33,"enemies":"The Guardian","floor":16,"turns":8},{"damage":10,"enemies":"Spheric Guardian","floor":18,"turns":8},{"damage":6,"enemies":"Chosen","floor":24,"turns":3},{"damage":16,"enemies":"Snake Plant","floor":27,"turns":4},{"damage":34,"enemies":"Cultist and Chosen","floor":28,"turns":7},{"damage":17,"enemies":"Shelled Parasite and Fungi","floor":29,"turns":3},{"damage":5,"enemies":"Snake Plant","floor":31,"turns":6},{"damage":75,"enemies":"Automaton","floor":33,"turns":11},{"damage":7,"enemies":"Orb Walker","floor":35,"turns":3},{"damage":36,"enemies":"3 Shapes","floor":36,"turns":4},{"damage":28,"enemies":"Maw","floor":40,"turns":6},{"damage":30,"enemies":"Writhing Mass","floor":42,"turns":6},{"damage":15,"enemies":"Transient","floor":45,"turns":5},{"damage":101,"enemies":"Reptomancer","floor":47,"turns":3}],"seed_played":"-3978900164620890376","potions_obtained":[{"floor":6,"key":"FearPotion"},{"floor":11,"key":"Block Potion"},{"floor":14,"key":"FearPotion"},{"floor":28,"key":"Dexterity Potion"},{"floor":31,"key":"GamblersBrew"},{"floor":33,"key":"Swift Potion"},{"floor":40,"key":"Swift Potion"},{"floor":45,"key":"SteroidPotion"}],"is_trial":false,"path_per_floor":["M","?","?","$","?","E","M","M","T","R","?","E","?","M","R","B",null,"M","?","?","?","?","R","M","R","T","M","M","M","R","M","R","B",null,"M","M","$","?","$","M","R","M","T","?","M","?","E"],"character_chosen":"IRONCLAD","items_purchased":["Ghostly Armor","Pear","Toy Ornithopter"],"campfire_rested":4,"item_purchase_floors":[4,37,37],"current_hp_per_floor":[80,80,85,85,68,52,58,64,64,64,47,31,31,29,54,27,71,71,71,71,71,71,71,75,75,75,69,45,38,63,68,85,20,69,72,46,56,105,105,87,105,85,85,85,80,80,0],"gold":0,"neow_bonus":"THREE_CARDS","is_prod":false,"is_daily":false,"chose_seed":false,"campfire_upgraded":2,"win_rate":0,"timestamp":1546272656,"path_taken":["M","?","?","?","?","E","M","?","T","R","?","E","?","?","R","BOSS","M","?","?","?","?","R","M","R","T","M","M","?","R","M","R","BOSS","M","M","$","?","$","M","R","?","T","?","M","?","E"],"build_version":"2018-12-20","purchased_purges":1,"victory":false,"max_hp_per_floor":[80,80,85,85,85,85,85,85,85,85,85,85,85,85,85,85,85,85,85,85,85,85,85,85,85,85,85,85,85,85,85,85,85,85,85,85,95,105,105,105,105,105,105,105,105,105,105],"card_choices":[{"not_picked":["Headbutt","Infernal Blade"],"picked":"Body Slam","floor":0},{"not_picked":["Heavy Blade","Havoc"],"picked":"Clothesline","floor":1},{"not_picked":["Evolve","Pommel Strike","Clash"],"picked":"SKIP","floor":6},{"not_picked":["Thunderclap","Uppercut"],"picked":"Intimidate","floor":7},{"not_picked":["Wild Strike","Shrug It Off"],"picked":"Disarm","floor":8},{"not_picked":["Wild Strike","Anger"],"picked":"Intimidate","floor":11},{"not_picked":["Armaments+1","Dropkick"],"picked":"Limit Break+1","floor":12},{"not_picked":["Cleave","Clash"],"picked":"Infernal Blade+1","floor":14},{"not_picked":["Immolate","Brutality"],"picked":"Double Tap+1","floor":16},{"not_picked":["Anger+1","Iron Wave+1"],"picked":"Flame Barrier+1","floor":18},{"not_picked":["Dropkick","Clash"],"picked":"Shockwave+1","floor":24},{"not_picked":["Body Slam","Rage+1","Barricade+1"],"picked":"SKIP","floor":27},{"not_picked":["Thunderclap","Anger"],"picked":"Warcry+1","floor":28},{"not_picked":["Cleave+1","Thunderclap"],"picked":"Spot Weakness+1","floor":29},{"not_picked":["Entrench+1","Wild Strike+1","Sword Boomerang+1"],"picked":"SKIP","floor":31},{"not_picked":["Dark Embrace+1","Double Tap+1"],"picked":"Impervious+1","floor":33},{"not_picked":["Armaments+1","Anger+1","Battle Trance+1"],"picked":"SKIP","floor":35},{"not_picked":["Entrench+1","Pummel"],"picked":"Second Wind+1","floor":36},{"not_picked":["Sword Boomerang+1","Immolate"],"picked":"Warcry+1","floor":40},{"not_picked":["Burning Pact+1","Clothesline"],"picked":"Metallicize+1","floor":42},{"not_picked":["Shrug It Off+1","Clash+1"],"picked":"Metallicize+1","floor":45}],"player_experience":339313,"relics_obtained":[{"floor":6,"key":"Dead Branch"},{"floor":11,"key":"Toxic Egg 2"},{"floor":12,"key":"Kunai"},{"floor":26,"key":"Orichalcum"},{"floor":43,"key":"Boot"}],"event_choices":[{"damage_healed":0,"gold_gain":0,"player_choice":"Grow","damage_taken":0,"max_hp_gain":0,"max_hp_loss":0,"event_name":"Living Wall","floor":2,"gold_loss":0,"cards_upgraded":["Body Slam"]},{"damage_healed":0,"gold_gain":0,"player_choice":"Donut","damage_taken":0,"max_hp_gain":5,"max_hp_loss":0,"event_name":"Big Fish","floor":3,"gold_loss":0},{"damage_healed":0,"gold_gain":0,"player_choice":"Entered Light","damage_taken":17,"max_hp_gain":0,"max_hp_loss":0,"event_name":"Shining Light","floor":5,"gold_loss":0,"cards_upgraded":["Bash","Strike_R"]},{"damage_healed":0,"gold_gain":30,"player_choice":"Searched \u00272\u0027 times","damage_taken":0,"max_hp_gain":0,"max_hp_loss":0,"event_name":"Dead Adventurer","floor":11,"gold_loss":0},{"damage_healed":0,"gold_gain":0,"player_choice":"Upgraded","damage_taken":0,"max_hp_gain":0,"max_hp_loss":0,"event_name":"Upgrade Shrine","floor":13,"gold_loss":0,"cards_upgraded":["Clothesline"]},{"damage_healed":0,"gold_gain":0,"player_choice":"Ignored","damage_taken":0,"max_hp_gain":0,"max_hp_loss":0,"event_name":"Vampires","floor":19,"gold_loss":0},{"damage_healed":0,"gold_gain":0,"player_choice":"Opened","damage_taken":0,"relics_obtained":["Frozen Egg 2"],"max_hp_gain":0,"max_hp_loss":0,"event_name":"The Mausoleum","floor":20,"gold_loss":0},{"damage_healed":0,"gold_gain":0,"player_choice":"Obtain J.A.X.","damage_taken":0,"max_hp_gain":0,"max_hp_loss":0,"event_name":"Drug Dealer","floor":21,"gold_loss":0,"cards_obtained":["J.A.X."]},{"damage_healed":0,"gold_gain":0,"player_choice":"Rummage","damage_taken":0,"relics_obtained":["WarpedTongs"],"max_hp_gain":0,"max_hp_loss":0,"event_name":"Accursed Blacksmith","floor":22,"gold_loss":0,"cards_obtained":["Pain"]},{"cards_removed":["Limit Break"],"damage_healed":39,"gold_gain":0,"player_choice":"Offered Rare","damage_taken":0,"max_hp_gain":10,"max_hp_loss":0,"event_name":"Bonfire Elementals","floor":38,"gold_loss":0},{"cards_removed":["Metallicize"],"damage_healed":0,"gold_gain":0,"player_choice":"Removed Power","damage_taken":0,"max_hp_gain":0,"max_hp_loss":0,"event_name":"Falling","floor":44,"gold_loss":0},{"damage_healed":0,"gold_gain":0,"player_choice":"Paid","damage_taken":0,"relics_obtained":["Red Mask"],"max_hp_gain":0,"max_hp_loss":0,"event_name":"Tomb of Lord Red Mask","floor":46,"gold_loss":68}],"is_beta":false,"boss_relics":[{"not_picked":["Pandora\u0027s Box","Astrolabe"],"picked":"Black Blood"},{"not_picked":["Runic Dome","Tiny House"],"picked":"Velvet Choker"}],"items_purged_floors":[37],"is_endless":false,"potions_floor_spawned":[6,11,14,28,31,33,40,45],"killed_by":"Reptomancer","ascension_level":5}