{"gold_per_floor":[110,61,61,61,76,76,76,76,76,23,34,34,53,69,69,172,172,190,290,302,302,217,217,242,242,242,242,254,254,287,44,44,148,148,161,261,271,286,87,87,99,129,208,208,208,237,250,7,7,7],"floor_reached":51,"playtime":2778,"items_purged":[],"score":843,"play_id":"245bba04-139e-47a2-acc2-c7253cc3fc0b","local_time":"20181106235619","is_ascension_mode":true,"campfire_choices":[{"data":"Dualcast","floor":6,"key":"SMITH"},{"data":"Genetic Algorithm","floor":8,"key":"SMITH"},{"data":"Streamline","floor":15,"key":"SMITH"},{"floor":23,"key":"REST"},{"floor":25,"key":"REST"},{"floor":27,"key":"REST"},{"floor":29,"key":"REST"},{"data":"Go for the Eyes","floor":32,"key":"SMITH"},{"floor":40,"key":"REST"},{"floor":44,"key":"REST"},{"floor":49,"key":"REST"}],"neow_cost":"NONE","seed_source_timestamp":273756266672776,"circlet_count":0,"master_deck":["Strike_B+1","Strike_B","Strike_B","Strike_B","Defend_B","Defend_B","Defend_B","Defend_B","Zap+1","Dualcast+1","Genetic Algorithm+1","Conserve Battery","Gash","Go for the Eyes+1","Streamline+1","Auto Shields","Compile Driver","Echo Form","Sunder","Redo+1","All For One","All For One","Ball Lightning+1","Loop+1","Ball Lightning+1","White Noise+1","Well Laid Plans+1","Prepared+1","Gash","Deep Breath"],"relics":["Cracked Core","PreservedInsect","Singing Bowl","Symbiotic Virus","Lizard Tail","FossilizedHelix","Darkstone Periapt","Pantograph","Bird Faced Urn","Boot","Vajra","Mercury Hourglass","Bottled Tornado","Fusion Hammer","Turnip","PrismaticShard","Orichalcum","Cables","Bag of Marbles"],"potions_floor_usage":[16,16,19,19,37,42,42,46,47,50],"damage_taken":[{"damage":1,"enemies":"2 Louse","floor":1,"turns":2},{"damage":0,"enemies":"Small Slimes","floor":5,"turns":2},{"damage":2,"enemies":"Jaw Worm","floor":11,"turns":3},{"damage":6,"enemies":"Exordium Thugs","floor":13,"turns":4},{"damage":6,"enemies":"Looter","floor":14,"turns":3},{"damage":26,"enemies":"The Guardian","floor":16,"turns":8},{"damage":39,"enemies":"3 Byrds","floor":18,"turns":6},{"damage":23,"enemies":"Colosseum Slavers","floor":19,"turns":3},{"damage":59,"enemies":"Colosseum Nobs","floor":19,"turns":5},{"damage":0,"enemies":"Chosen","floor":20,"turns":5},{"damage":14,"enemies":"Centurion and Healer","floor":28,"turns":6},{"damage":14,"enemies":"Slavers","floor":30,"turns":4},{"damage":40,"enemies":"Champ","floor":33,"turns":8},{"damage":5,"enemies":"Orb Walker","floor":35,"turns":4},{"damage":0,"enemies":"Mind Bloom Boss Battle","floor":36,"turns":5},{"damage":0,"enemies":"3 Shapes","floor":37,"turns":3},{"damage":11,"enemies":"Jaw Worm Horde","floor":38,"turns":4},{"damage":18,"enemies":"Spire Growth","floor":41,"turns":3},{"damage":34,"enemies":"Giant Head","floor":42,"turns":6},{"damage":0,"enemies":"Nemesis","floor":46,"turns":4},{"damage":27,"enemies":"Writhing Mass","floor":47,"turns":4},{"damage":41,"enemies":"Donu and Deca","floor":50,"turns":4}],"seed_played":"-8004488603545510791","potions_obtained":[{"floor":1,"key":"Regen Potion"},{"floor":11,"key":"AttackPotion"},{"floor":16,"key":"Poison Potion"},{"floor":18,"key":"Dexterity Potion"},{"floor":28,"key":"Explosive Potion"},{"floor":33,"key":"AttackPotion"},{"floor":36,"key":"EssenceOfSteel"},{"floor":41,"key":"Weak Potion"},{"floor":42,"key":"Fire Potion"},{"floor":46,"key":"Regen Potion"}],"is_trial":false,"path_per_floor":["M","$","?","?","M","R","?","R","T","$","M","?","M","M","R","B",null,"M","?","M","T","?","R","T","R","T","R","M","R","E","$","R","B",null,"M","?","M","M","$","R","M","E","T","R","?","E","M","$","R","B",null],"character_chosen":"DEFECT","items_purchased":["Conserve Battery","Go for the Eyes","Bottled Tornado","PrismaticShard","Gash","Deep Breath","Swift Potion","Explosive Potion"],"campfire_rested":7,"item_purchase_floors":[2,10,31,39,48,48,48,48],"current_hp_per_floor":[74,74,59,59,59,59,59,59,59,59,57,62,56,50,50,39,80,41,4,4,4,4,28,28,52,52,76,66,84,70,70,70,44,84,79,84,84,79,79,86,68,40,40,65,57,73,61,61,87,49],"gold":7,"neow_bonus":"RANDOM_COMMON_RELIC","is_prod":false,"is_daily":false,"chose_seed":false,"campfire_upgraded":4,"win_rate":0,"timestamp":1541544979,"path_taken":["M","$","?","?","M","R","?","R","T","?","?","?","M","M","R","BOSS","M","?","M","?","?","R","?","R","T","R","M","R","E","$","R","BOSS","M","?","M","M","$","R","M","E","T","R","?","E","M","$","R","BOSS"],"build_version":"2018-11-01","purchased_purges":0,"victory":true,"max_hp_per_floor":[75,75,75,75,75,75,75,75,75,75,75,80,80,80,80,80,80,80,82,82,82,82,82,82,82,82,82,84,84,84,84,84,84,84,84,84,84,86,86,86,86,86,86,86,86,88,88,88,88,88],"card_choices":[{"not_picked":["Steam","Sweeping Beam"],"picked":"Genetic Algorithm","floor":1},{"not_picked":["Hologram","Steam"],"picked":"Gash","floor":5},{"not_picked":["Skim","Turbo"],"picked":"Streamline","floor":11},{"not_picked":["Compile Driver","Scrape"],"picked":"Auto Shields","floor":13},{"not_picked":["Conserve Battery","Beam Cell"],"picked":"Compile Driver","floor":14},{"not_picked":["All For One","Meteor Strike"],"picked":"Echo Form","floor":16},{"not_picked":["Turbo","Undo"],"picked":"Sunder","floor":18},{"not_picked":["Rebound+1","Compile Driver","Ball Lightning"],"picked":"Singing Bowl","floor":19},{"not_picked":["Barrage","Hyperbeam"],"picked":"Redo+1","floor":20},{"not_picked":["Compile Driver+1","Coolheaded","Go for the Eyes"],"picked":"Singing Bowl","floor":28},{"not_picked":["Streamline","Conserve Battery+1"],"picked":"All For One","floor":30},{"not_picked":["Multi-Cast","Hyperbeam"],"picked":"All For One","floor":33},{"not_picked":["Reprogram","Cold Snap"],"picked":"Ball Lightning+1","floor":35},{"not_picked":["Gash+1","Force Field"],"picked":"Loop+1","floor":36},{"not_picked":["Recycle+1","Buffer"],"picked":"Ball Lightning+1","floor":37},{"not_picked":["Hologram","Force Field+1","Aggregate+1"],"picked":"Singing Bowl","floor":38},{"not_picked":["Dagger Throw+1","Poisoned Stab"],"picked":"White Noise+1","floor":41},{"not_picked":["Deadly Poison","Clash+1"],"picked":"Well Laid Plans+1","floor":42},{"not_picked":["Blade Dance+1","Fire Breathing","All Out Attack+1"],"picked":"Singing Bowl","floor":46},{"not_picked":["Bane+1","Dagger Throw"],"picked":"Prepared+1","floor":47}],"player_experience":246715,"relics_obtained":[{"floor":9,"key":"Symbiotic Virus"},{"floor":19,"key":"FossilizedHelix"},{"floor":19,"key":"Darkstone Periapt"},{"floor":21,"key":"Pantograph"},{"floor":24,"key":"Boot"},{"floor":26,"key":"Vajra"},{"floor":30,"key":"Mercury Hourglass"},{"floor":36,"key":"Turnip"},{"floor":42,"key":"Orichalcum"},{"floor":43,"key":"Cables"},{"floor":46,"key":"Bag of Marbles"}],"event_choices":[{"damage_healed":0,"gold_gain":0,"player_choice":"Entered Light","damage_taken":15,"max_hp_gain":0,"max_hp_loss":0,"event_name":"Shining Light","floor":3,"gold_loss":0,"cards_upgraded":["Strike_B","Zap"]},{"damage_healed":0,"gold_gain":0,"player_choice":"Ignored","damage_taken":0,"max_hp_gain":0,"max_hp_loss":0,"event_name":"Golden Wing","floor":4,"gold_loss":0},{"damage_healed":0,"gold_gain":0,"player_choice":"Searched \u00272\u0027 times","damage_taken":0,"relics_obtained":["Singing Bowl"],"max_hp_gain":0,"max_hp_loss":0,"event_name":"Dead Adventurer","floor":7,"gold_loss":0},{"damage_healed":0,"gold_gain":0,"player_choice":"Donut","damage_taken":0,"max_hp_gain":5,"max_hp_loss":0,"event_name":"Big Fish","floor":12,"gold_loss":0},{"damage_healed":0,"gold_gain":0,"player_choice":"Fight","damage_taken":0,"max_hp_gain":0,"max_hp_loss":0,"event_name":"Colosseum","floor":19,"gold_loss":0},{"damage_healed":0,"gold_gain":0,"player_choice":"Fought Nobs","damage_taken":0,"max_hp_gain":0,"max_hp_loss":0,"event_name":"Colosseum","floor":19,"gold_loss":0},{"damage_healed":0,"gold_gain":0,"player_choice":"Obtained Relic","damage_taken":0,"relics_obtained":["Bird Faced Urn"],"max_hp_gain":0,"max_hp_loss":0,"event_name":"Addict","floor":22,"gold_loss":85},{"damage_healed":0,"gold_gain":0,"player_choice":"Fight","damage_taken":0,"max_hp_gain":0,"max_hp_loss":0,"event_name":"MindBloom","floor":36,"gold_loss":0},{"damage_healed":0,"gold_gain":0,"player_choice":"Damaged","damage_taken":8,"max_hp_gain":0,"max_hp_loss":0,"event_name":"Wheel of Change","floor":45,"gold_loss":0}],"is_beta":false,"boss_relics":[{"not_picked":["Runic Pyramid","Snecko Eye"],"picked":"Lizard Tail"},{"not_picked":["Pandora\u0027s Box","Philosopher\u0027s Stone"],"picked":"Fusion Hammer"}],"items_purged_floors":[],"is_endless":false,"potions_floor_spawned":[1,11,16,18,28,33,36,41,42,46],"ascension_level":3}