{"gold_per_floor":[116,130,140,157,157,157,172,189,189,217,1,15,47,61,61,165,165,183,183,183,199,216,216,216],"floor_reached":24,"playtime":2318,"items_purged":[],"score":212,"play_id":"79913231-5a30-4c4c-aedc-4dc813bdd49d","local_time":"20190627101539","is_ascension_mode":false,"campfire_choices":[{"data":"Static Discharge","floor":6,"key":"SMITH"},{"data":"Consume","floor":15,"key":"SMITH"},{"data":"Glacier","floor":23,"key":"SMITH"}],"neow_cost":"NONE","seed_source_timestamp":707665339873376,"circlet_count":0,"master_deck":["Strike_B","Strike_B","Strike_B","Strike_B","Defend_B","Defend_B","Defend_B","Zap","Dualcast","Dramatic Entrance","Ball Lightning","Cold Snap","Static Discharge+1","Rip and Tear","Rip and Tear","Consume+1","Buffer+1","Capacitor+1","Static Discharge+1","Aggregate","Ball Lightning","Machine Learning+1","Stack+1","Redo+1","Glacier+1"],"relics":["Cracked Core","Happy Flower","Frozen Egg 2","PreservedInsect","Juzu Bracelet","Nuclear Battery","MutagenicStrength"],"potions_floor_usage":[9,22],"damage_taken":[{"damage":1,"enemies":"Jaw Worm","floor":1,"turns":3},{"damage":0,"enemies":"Small Slimes","floor":2,"turns":2},{"damage":0,"enemies":"2 Louse","floor":3,"turns":2},{"damage":6,"enemies":"Exordium Thugs","floor":4,"turns":3},{"damage":3,"enemies":"Looter","floor":7,"turns":2},{"damage":0,"enemies":"2 Fungi Beasts","floor":8,"turns":2},{"damage":18,"enemies":"Gremlin Nob","floor":10,"turns":3},{"damage":0,"enemies":"Large Slime","floor":12,"turns":6},{"damage":22,"enemies":"3 Sentries","floor":13,"turns":3},{"damage":10,"enemies":"Blue Slaver","floor":14,"turns":3},{"damage":10,"enemies":"The Guardian","floor":16,"turns":8},{"damage":10,"enemies":"Spheric Guardian","floor":18,"turns":4},{"damage":35,"enemies":"2 Thieves","floor":21,"turns":3},{"damage":14,"enemies":"Centurion and Healer","floor":22,"turns":5},{"damage":21,"enemies":"Snake Plant","floor":24,"turns":1}],"seed_played":"6309176626958363494","potions_obtained":[{"floor":4,"key":"Weak Potion"},{"floor":7,"key":"Fruit Juice"},{"floor":10,"key":"Explosive Potion"},{"floor":13,"key":"Block Potion"},{"floor":16,"key":"Energy Potion"}],"is_trial":false,"path_per_floor":["M","M","M","M","?","R","M","M","T","E","$","M","E","M","R","B",null,"M","?","?","M","M","R","M"],"character_chosen":"DEFECT","items_purchased":["Capacitor+1","PreservedInsect"],"campfire_rested":0,"item_purchase_floors":[11,11],"current_hp_per_floor":[74,74,74,68,61,61,58,58,63,45,45,45,23,13,13,3,80,70,70,70,35,21,21,0],"gold":216,"neow_bonus":"RANDOM_COLORLESS","is_prod":false,"is_daily":false,"chose_seed":false,"campfire_upgraded":3,"win_rate":0.0,"timestamp":1561598139,"path_taken":["M","M","M","M","?","R","M","M","T","E","$","M","E","M","R","BOSS","M","?","?","M","M","R","M"],"build_version":"2019-01-23","purchased_purges":0,"victory":false,"max_hp_per_floor":[75,75,75,75,75,75,75,75,80,80,80,80,80,80,80,80,80,80,80,80,80,80,80,80],"card_choices":[{"not_picked":["Conserve Battery","Cold Snap"],"picked":"Ball Lightning","floor":1},{"not_picked":["Steam","Beam Cell"],"picked":"Cold Snap","floor":2},{"not_picked":["Stack","Melter"],"picked":"Static Discharge","floor":3},{"not_picked":["Steam Power","Go for the Eyes"],"picked":"Rip and Tear","floor":4},{"not_picked":["Buffer","Cold Snap"],"picked":"Rip and Tear","floor":7},{"not_picked":["Chill","Cold Snap"],"picked":"Consume","floor":8},{"not_picked":["FTL","Barrage"],"picked":"Buffer","floor":10},{"not_picked":["Auto Shields","Glacier"],"picked":"Static Discharge+1","floor":12},{"not_picked":["Tempest","Streamline"],"picked":"Aggregate","floor":13},{"not_picked":["Leap","Streamline"],"picked":"Ball Lightning","floor":14},{"not_picked":["Reboot","Rainbow"],"picked":"Machine Learning+1","floor":16},{"not_picked":["Compile Driver","Leap"],"picked":"Stack+1","floor":18},{"not_picked":["Barrage","Double Energy+1"],"picked":"Redo+1","floor":21},{"not_picked":["FTL","Beam Cell"],"picked":"Glacier","floor":22}],"player_experience":43299,"relics_obtained":[{"floor":9,"key":"Happy Flower"},{"floor":10,"key":"Frozen Egg 2"},{"floor":13,"key":"Juzu Bracelet"}],"event_choices":[{"cards_removed":["Defend_B"],"damage_healed":0,"gold_gain":0,"player_choice":"Card Removal","damage_taken":7,"max_hp_gain":0,"max_hp_loss":0,"event_name":"Golden Wing","floor":5,"gold_loss":0},{"damage_healed":0,"gold_gain":0,"player_choice":"Inject Mutagens","damage_taken":0,"relics_obtained":["MutagenicStrength"],"max_hp_gain":0,"max_hp_loss":0,"event_name":"Drug Dealer","floor":19,"gold_loss":0},{"damage_healed":0,"gold_gain":0,"player_choice":"Ignored","damage_taken":0,"max_hp_gain":0,"max_hp_loss":0,"event_name":"Ghosts","floor":20,"gold_loss":0}],"is_beta":false,"boss_relics":[{"not_picked":["Snecko Eye","Velvet Choker"],"picked":"Nuclear Battery"}],"items_purged_floors":[],"is_endless":false,"potions_floor_spawned":[4,7,10,13,16,18,21],"killed_by":"Snake Plant","ascension_level":0}