{"gold_per_floor":[119,37,37,54,73,108,85,111,149,161,191,203,235,21,21,126,126,141,151,151,2,13,13,13,13,13,32,52,16,16,29,29,29],"floor_reached":33,"playtime":3310,"items_purged":[],"score":274,"play_id":"92da9869-dd3e-4993-8e3b-00e1e4c715f6","local_time":"20190822225141","is_ascension_mode":false,"campfire_choices":[{"data":"Armaments","floor":10,"key":"SMITH"},{"floor":12,"key":"REST"},{"floor":15,"key":"REST"},{"floor":23,"key":"REST"},{"floor":32,"key":"REST"}],"neow_cost":"NONE","seed_source_timestamp":364136269811458,"circlet_count":0,"master_deck":["Strike_R","Strike_R","Strike_R","Strike_R","Strike_R","Defend_R","Defend_R","Defend_R","Defend_R","Bash","Juggernaut","Fire Breathing","Swift Strike","Armaments+1","Shrug It Off","Havoc","Anger","Infernal Blade","Infernal Blade","Corruption","Violence","Pommel Strike","Armaments","Dark Embrace","Flex","Shrug It Off","Combust","Second Wind","Cleave","Metallicize","Headbutt+1","Armaments","Blood for Blood+1","Inflame","Thunderclap","Infernal Blade"],"relics":["Black Blood","MawBank","Dream Catcher","FossilizedHelix"],"potions_floor_usage":[8,16,16,19,28,31,33],"damage_taken":[{"damage":10,"enemies":"Jaw Worm","floor":1,"turns":5},{"damage":0,"enemies":"Small Slimes","floor":4,"turns":3},{"damage":12,"enemies":"2 Louse","floor":5,"turns":3},{"damage":47,"enemies":"Gremlin Nob","floor":6,"turns":5},{"damage":5,"enemies":"Looter","floor":8,"turns":4},{"damage":21,"enemies":"Lots of Slimes","floor":11,"turns":4},{"damage":8,"enemies":"Large Slime","floor":13,"turns":5},{"damage":43,"enemies":"The Guardian","floor":16,"turns":10},{"damage":24,"enemies":"Spheric Guardian","floor":18,"turns":4},{"damage":37,"enemies":"2 Thieves","floor":19,"turns":5},{"damage":21,"enemies":"Sentry and Sphere","floor":22,"turns":4},{"damage":27,"enemies":"Centurion and Healer","floor":27,"turns":7},{"damage":9,"enemies":"3 Cultists","floor":28,"turns":5},{"damage":40,"enemies":"Snake Plant","floor":31,"turns":5},{"damage":50,"enemies":"Champ","floor":33,"turns":9}],"seed_played":"6716714277491195427","potions_obtained":[{"floor":1,"key":"Dexterity Potion"},{"floor":8,"key":"Weak Potion"},{"floor":11,"key":"FearPotion"},{"floor":18,"key":"Energy Potion"},{"floor":27,"key":"Fire Potion"},{"floor":28,"key":"AttackPotion"},{"floor":31,"key":"LiquidBronze"}],"is_trial":false,"path_per_floor":["M","$","?","M","M","E","?","M","T","R","M","R","M","$","R","B",null,"M","M","?","$","M","R","?","?","T","M","M","$","?","M","R","B"],"character_chosen":"IRONCLAD","items_purchased":["Swift Strike","Violence","Pommel Strike","Combust","Second Wind","Cleave","Inflame"],"campfire_rested":4,"item_purchase_floors":[2,14,14,21,21,21,29],"current_hp_per_floor":[76,76,81,85,79,38,59,60,60,60,45,70,68,68,85,48,85,71,44,44,44,33,58,85,77,77,60,61,61,45,15,42,0],"gold":29,"neow_bonus":"ONE_RANDOM_RARE_CARD","is_prod":false,"is_daily":false,"chose_seed":false,"campfire_upgraded":1,"win_rate":0.0,"timestamp":1566485501,"path_taken":["M","$","?","M","M","E","?","M","T","R","M","R","M","$","R","BOSS","M","M","?","$","M","R","?","?","T","?","M","?","?","M","R","BOSS"],"build_version":"2019-07-17","purchased_purges":0,"victory":false,"max_hp_per_floor":[80,80,85,85,85,85,85,85,85,85,85,85,85,85,85,85,85,85,85,85,85,85,85,85,85,85,85,85,85,90,90,90,90],"card_choices":[{"not_picked":["Rupture","Corruption"],"picked":"Fire Breathing","floor":1},{"not_picked":["Body Slam","Shrug It Off"],"picked":"Armaments","floor":4},{"not_picked":["Dropkick","Body Slam"],"picked":"Shrug It Off","floor":5},{"not_picked":["Disarm","Second Wind"],"picked":"Havoc","floor":6},{"not_picked":["Perfected Strike","Uppercut"],"picked":"Anger","floor":8},{"not_picked":["Anger","Wild Strike"],"picked":"Infernal Blade","floor":11},{"not_picked":["Clothesline","Havoc"],"picked":"Infernal Blade","floor":12},{"not_picked":["Entrench","Carnage"],"picked":"Corruption","floor":13},{"not_picked":["Dual Wield","Hemokinesis"],"picked":"Armaments","floor":15},{"not_picked":["Brutality","Berserk"],"picked":"Dark Embrace","floor":16},{"not_picked":["Clash","Cleave"],"picked":"Flex","floor":18},{"not_picked":["Cleave","Rage"],"picked":"Shrug It Off","floor":19},{"not_picked":["Body Slam+1","Thunderclap"],"picked":"Metallicize","floor":22},{"not_picked":["Perfected Strike","Cleave"],"picked":"Headbutt+1","floor":23},{"not_picked":["True Grit+1","Perfected Strike"],"picked":"Armaments","floor":27},{"not_picked":["Twin Strike+1","Disarm"],"picked":"Blood for Blood+1","floor":28},{"not_picked":["True Grit","Pummel"],"picked":"Thunderclap","floor":31},{"not_picked":["Havoc","Metallicize"],"picked":"Infernal Blade","floor":32}],"player_experience":52308,"relics_obtained":[{"floor":6,"key":"MawBank"},{"floor":9,"key":"Dream Catcher"},{"floor":26,"key":"FossilizedHelix"}],"event_choices":[{"damage_healed":0,"gold_gain":0,"player_choice":"Donut","damage_taken":0,"max_hp_gain":5,"max_hp_loss":0,"event_name":"Big Fish","floor":3,"gold_loss":0},{"damage_healed":21,"gold_gain":0,"player_choice":"Healed","damage_taken":0,"max_hp_gain":0,"max_hp_loss":0,"event_name":"The Cleric","floor":7,"gold_loss":35},{"damage_healed":0,"gold_gain":0,"player_choice":"Ignored","damage_taken":0,"max_hp_gain":0,"max_hp_loss":0,"event_name":"Ghosts","floor":20,"gold_loss":0},{"damage_healed":28,"gold_gain":0,"player_choice":"Heal","damage_taken":0,"max_hp_gain":0,"max_hp_loss":0,"event_name":"The Library","floor":24,"gold_loss":0},{"damage_healed":0,"gold_gain":0,"player_choice":"Damaged","damage_taken":8,"max_hp_gain":0,"max_hp_loss":0,"event_name":"Wheel of Change","floor":25,"gold_loss":0},{"damage_healed":0,"gold_gain":0,"player_choice":"Shed Blood","damage_taken":21,"max_hp_gain":5,"max_hp_loss":0,"event_name":"Forgotten Altar","floor":30,"gold_loss":0}],"is_beta":false,"boss_relics":[{"not_picked":["Tiny House","Busted Crown"],"picked":"Black Blood"}],"items_purged_floors":[],"is_endless":false,"potions_floor_spawned":[1,8,11,18,27,28,31],"killed_by":"Champ","ascension_level":0}