{"gold_per_floor":[112,112,127,145,159,159,159,159,185,185,215,227,227,79,79,175,175,160,66,66,66,0,0,0,0,0,0,0,0,0,0,0,0,0,0,0,0,0,0,0,0,0,0,0,0,0,0,0,0,0],"floor_reached":50,"playtime":3250,"items_purged":[],"score":575,"play_id":"18cd7bf3-15c9-4db4-8223-e4dd2272cca8","local_time":"20180717211702","is_ascension_mode":true,"campfire_choices":[{"data":"Neutralize","floor":6,"key":"SMITH"},{"data":"Bouncing Flask","floor":8,"key":"SMITH"},{"floor":13,"key":"REST"},{"data":"Bouncing Flask","floor":15,"key":"SMITH"},{"floor":24,"key":"REST"},{"floor":27,"key":"REST"},{"floor":29,"key":"REST"},{"floor":32,"key":"REST"},{"floor":40,"key":"REST"},{"floor":42,"key":"REST"},{"floor":49,"key":"REST"}],"neow_cost":"","seed_source_timestamp":1419114399495189,"circlet_count":0,"master_deck":["Defend_G","Defend_G","Defend_G+1","Defend_G","Strike_G","Strike_G","Strike_G","Strike_G","Strike_G","Survivor","Neutralize+1","Prepared+1","Slice+1","Heel Hook","Bouncing Flask+1","Bouncing Flask+1","Skewer","Catalyst","Heel Hook","Burst","Footwork+1","Swift Strike","Prepared","Footwork+1","Poisoned Stab+1","Backflip+1","Slice","Setup+1","Adrenaline","Envenom","Quick Slash+1","Dodge and Roll","Dodge and Roll+1","Backflip+1","Footwork+1","Dagger Spray+1","Madness","Madness","Dagger Throw+1","Quick Slash+1","Deflect+1"],"relics":["Ring of the Snake","Dream Catcher","Bag of Preparation","Ectoplasm","Snake Skull","The Specimen","Sozu","FaceOfCleric","Juzu Bracelet"],"potions_floor_usage":[5,12,16,23,31,35,39,50],"damage_taken":[{"damage":1,"enemies":"Jaw Worm","floor":1,"turns":3},{"damage":3,"enemies":"2 Louse","floor":3,"turns":4},{"damage":0,"enemies":"Small Slimes","floor":4,"turns":3},{"damage":2,"enemies":"Exordium Wildlife","floor":5,"turns":5},{"damage":9,"enemies":"Large Slime","floor":12,"turns":5},{"damage":20,"enemies":"The Guardian","floor":16,"turns":6},{"damage":11,"enemies":"2 Thieves","floor":18,"turns":2},{"damage":45,"enemies":"Gremlin Leader","floor":23,"turns":8},{"damage":12,"enemies":"3 Byrds","floor":28,"turns":3},{"damage":12,"enemies":"Cultist and Chosen","floor":30,"turns":4},{"damage":0,"enemies":"3 Cultists","floor":31,"turns":4},{"damage":31,"enemies":"Collector","floor":33,"turns":7},{"damage":2,"enemies":"3 Shapes","floor":35,"turns":5},{"damage":15,"enemies":"Flame Bruiser 1 Orb","floor":38,"turns":4},{"damage":0,"enemies":"Transient","floor":39,"turns":5},{"damage":11,"enemies":"4 Shapes","floor":41,"turns":3},{"damage":23,"enemies":"Maw","floor":45,"turns":6},{"damage":5,"enemies":"3 Darklings","floor":46,"turns":5},{"damage":0,"enemies":"Sphere and 2 Shapes","floor":48,"turns":3},{"damage":63,"enemies":"Time Eater","floor":50,"turns":6}],"seed_played":"-3838075471646623752","potions_obtained":[{"floor":1,"key":"Weak Potion"},{"floor":3,"key":"GhostInAJar"},{"floor":4,"key":"SteroidPotion"},{"floor":12,"key":"SteroidPotion"},{"floor":23,"key":"GhostInAJar"},{"floor":28,"key":"Weak Potion"},{"floor":30,"key":"EssenceOfSteel"},{"floor":33,"key":"AttackPotion"}],"is_trial":false,"path_per_floor":["M","?","M","M","M","R","?","R","T","?","?","M","R","$","R","B",null,"M","$","?","?","?","E","R","?","T","R","M","R","M","M","R","B",null,"M","?","?","M","M","R","M","R","T","?","M","M","?","M","R"],"character_chosen":"THE_SILENT","items_purchased":["Catalyst","Heel Hook","Swift Strike"],"campfire_rested":8,"item_purchase_floors":[14,14,19],"current_hp_per_floor":[69,69,66,66,64,64,50,50,50,50,50,41,62,62,62,42,70,59,59,59,59,59,14,35,35,35,56,44,65,53,53,70,39,70,68,68,68,54,55,72,62,73,73,64,42,38,38,39,61,0],"gold":0,"neow_bonus":"","is_prod":false,"is_daily":false,"chose_seed":false,"campfire_upgraded":3,"win_rate":0,"timestamp":1531855022,"path_taken":["M","?","M","M","M","R","?","R","T","?","?","M","R","?","R","BOSS","M","$","?","?","?","E","R","?","T","R","M","R","?","M","R","BOSS","M","?","?","M","?","R","M","R","T","?","M","M","?","M","R","BOSS"],"build_version":"2018-07-12","purchased_purges":0,"victory":false,"max_hp_per_floor":[70,70,70,70,70,70,70,70,70,70,70,70,70,70,70,70,70,70,70,70,70,70,70,70,70,70,70,70,70,70,70,70,70,70,70,70,70,71,72,72,73,73,73,73,74,75,75,76,76,76],"card_choices":[{"not_picked":["Heel Hook","Dagger Spray"],"picked":"Prepared","floor":1},{"not_picked":["Sucker Punch","Concentrate"],"picked":"Slice","floor":3},{"not_picked":["Masterful Stab","Sucker Punch"],"picked":"Heel Hook","floor":4},{"not_picked":["Dagger Spray","Distraction"],"picked":"Bouncing Flask","floor":5},{"not_picked":["Skewer","Dagger Throw"],"picked":"Bouncing Flask","floor":12},{"not_picked":["Concentrate","Slice"],"picked":"Skewer","floor":13},{"not_picked":["Corpse Explosion","A Thousand Cuts"],"picked":"Burst","floor":16},{"not_picked":["Blade Dance","Predator+1"],"picked":"Footwork+1","floor":18},{"not_picked":["Underhanded Strike+1","Deflect"],"picked":"Terror","floor":23},{"not_picked":["Bane","Endless Agony"],"picked":"Footwork+1","floor":24},{"not_picked":["Deflect","Flying Knee+1"],"picked":"Poisoned Stab+1","floor":27},{"not_picked":["Acrobatics+1","Masterful Stab"],"picked":"Backflip+1","floor":28},{"not_picked":["Cloak And Dagger","Acrobatics"],"picked":"Slice","floor":29},{"not_picked":["Flying Knee","Riddle With Holes+1"],"picked":"Setup+1","floor":30},{"not_picked":["Acrobatics","Backstab"],"picked":"Adrenaline","floor":31},{"not_picked":["After Image","Wraith Form v2"],"picked":"Envenom","floor":33},{"not_picked":["Bane+1","Slice+1"],"picked":"Quick Slash+1","floor":35},{"not_picked":["PiercingWail+1","Deadly Poison"],"picked":"Dodge and Roll+1","floor":38},{"not_picked":["Flechettes","Bane+1"],"picked":"Backflip+1","floor":39},{"not_picked":["Quick Slash","Poisoned Stab"],"picked":"Footwork+1","floor":41},{"not_picked":["Acrobatics","Reflex+1"],"picked":"Dagger Spray+1","floor":42},{"not_picked":["Predator+1","Sucker Punch"],"picked":"Dagger Throw+1","floor":45},{"not_picked":["Cloak And Dagger+1","Bane","Underhanded Strike"],"picked":"SKIP","floor":46},{"not_picked":["PiercingWail+1","Underhanded Strike"],"picked":"Quick Slash+1","floor":48},{"not_picked":["Cloak And Dagger+1","Flying Knee+1"],"picked":"Deflect+1","floor":49}],"player_experience":175088,"relics_obtained":[{"floor":9,"key":"Dream Catcher"},{"floor":23,"key":"Snake Skull"},{"floor":26,"key":"The Specimen"},{"floor":43,"key":"Juzu Bracelet"}],"event_choices":[{"event_name":"The Cleric","player_choice":"Leave","floor":2,"damage_taken":0},{"event_name":"Shining Light","player_choice":"Entered Light","floor":7,"damage_taken":0},{"event_name":"Living Wall","player_choice":"Grow","floor":10,"damage_taken":0},{"event_name":"Dead Adventurer","player_choice":"Searched \u00273\u0027 times","floor":11,"damage_taken":0},{"event_name":"Addict","player_choice":"Ignored","floor":20,"damage_taken":0},{"event_name":"The Library","player_choice":"Read","floor":21,"damage_taken":0},{"event_name":"Masked Bandits","player_choice":"Paid Bandits 66 gold","floor":22,"damage_taken":0},{"event_name":"Drug Dealer","player_choice":"Ignored","floor":25,"damage_taken":0},{"event_name":"Transmorgrifier","player_choice":"Transform","floor":36,"damage_taken":0},{"event_name":"FaceTrader","player_choice":"Trade","floor":37,"damage_taken":0},{"event_name":"Winding Halls","player_choice":"Embrace Madness","floor":44,"damage_taken":0},{"event_name":"Falling","player_choice":"Removed Skill","floor":47,"damage_taken":0}],"boss_relics":[{"not_picked":["Busted Crown","Black Star"],"picked":"Ectoplasm"},{"not_picked":["Velvet Choker","Pandora\u0027s Box"],"picked":"Sozu"}],"items_purged_floors":[],"is_endless":false,"potions_floor_spawned":[1,3,4,12,23,28,30,33,41,45,48],"killed_by":"Time Eater","ascension_level":2}