{"gold_per_floor":[114,128,139,139,152,152,99,99,99,127,127,152,173,187,187,187],"floor_reached":16,"playtime":1138,"items_purged":[],"score":187,"play_id":"10c34ba1-1e15-4d8a-9cba-78fc813e1fb0","local_time":"20190829155419","is_ascension_mode":true,"campfire_choices":[{"data":"True Grit","floor":6,"key":"SMITH"},{"data":"Armaments","floor":8,"key":"SMITH"},{"floor":15,"key":"REST"}],"neow_cost":"NONE","seed_source_timestamp":842641078597800,"circlet_count":0,"master_deck":["AscendersBane","Strike_R","Strike_R","Strike_R","Strike_R","Strike_R","Defend_R","Defend_R","Defend_R","Defend_R","Bash","Feel No Pain","Warcry","Headbutt","Sentinel","True Grit+1","Armaments+1","Injury","Dark Embrace","Havoc"],"relics":["Burning Blood","Kunai","Bottled Lightning","Golden Idol"],"potions_floor_usage":[10,16],"damage_taken":[{"damage":3,"enemies":"Small Slimes","floor":1,"turns":4},{"damage":15,"enemies":"Cultist","floor":2,"turns":5},{"damage":9,"enemies":"Jaw Worm","floor":3,"turns":4},{"damage":14,"enemies":"Looter","floor":5,"turns":4},{"damage":48,"enemies":"Lagavulin","floor":10,"turns":9},{"damage":11,"enemies":"Gremlin Gang","floor":12,"turns":8},{"damage":5,"enemies":"3 Louse","floor":13,"turns":6},{"damage":3,"enemies":"Blue Slaver","floor":14,"turns":6},{"damage":46,"enemies":"Hexaghost","floor":16,"turns":15}],"seed_played":"3048340221243195699","potions_obtained":[{"floor":2,"key":"Regen Potion"},{"floor":4,"key":"FairyPotion"},{"floor":12,"key":"AttackPotion"}],"is_trial":false,"path_per_floor":["M","M","M","?","M","R","$","R","T","E","?","M","M","M","R","B"],"character_chosen":"IRONCLAD","items_purchased":["Armaments"],"campfire_rested":1,"item_purchase_floors":[7],"current_hp_per_floor":[71,62,59,59,51,51,51,51,51,24,24,19,20,23,45,7],"gold":187,"neow_bonus":"THREE_CARDS","is_prod":false,"is_daily":false,"chose_seed":false,"campfire_upgraded":2,"win_rate":0,"timestamp":1567119259,"path_taken":["M","M","M","?","M","R","?","R","T","E","?","M","?","M","R","BOSS"],"build_version":"2019-07-17","purchased_purges":0,"victory":false,"max_hp_per_floor":[75,75,75,75,75,75,75,75,75,75,75,75,75,75,75,75],"card_choices":[{"not_picked":["True Grit","Headbutt"],"picked":"Feel No Pain","floor":0},{"not_picked":["Havoc","Clash"],"picked":"Warcry","floor":1},{"not_picked":["Shrug It Off","Armaments"],"picked":"Headbutt","floor":2},{"not_picked":["Sever Soul","Armaments"],"picked":"Sentinel","floor":3},{"not_picked":["Shrug It Off","Flex"],"picked":"True Grit","floor":5},{"not_picked":["Iron Wave","Twin Strike","Thunderclap"],"picked":"SKIP","floor":10},{"not_picked":["Disarm","Warcry"],"picked":"Dark Embrace","floor":12},{"not_picked":["Clothesline","Wild Strike","Iron Wave"],"picked":"SKIP","floor":13},{"not_picked":["Warcry","Uppercut"],"picked":"Havoc","floor":14}],"player_experience":302564,"relics_obtained":[{"floor":9,"key":"Kunai"},{"floor":10,"key":"Bottled Lightning"}],"event_choices":[{"damage_healed":0,"gold_gain":0,"player_choice":"Got Potions","damage_taken":0,"max_hp_gain":0,"max_hp_loss":0,"event_name":"Lab","floor":4,"gold_loss":0},{"damage_healed":0,"gold_gain":0,"player_choice":"Take Wound","damage_taken":0,"relics_obtained":["Golden Idol"],"max_hp_gain":0,"max_hp_loss":0,"event_name":"Golden Idol","floor":11,"gold_loss":0,"cards_obtained":["Injury"]}],"is_beta":false,"boss_relics":[],"items_purged_floors":[],"is_endless":false,"potions_floor_spawned":[2,5,12,14],"killed_by":"Hexaghost","ascension_level":16}