{"gold_per_floor":[20,38,38,48,61,90,107,137,137,167,167,187,204,224,224,300,300,319,54,66,82,96,96,115,147,219,231,231,231,243,262,262,340,340,350,370,384,396,396,396,416,34,34,34,34,34,34,44,44,44],"floor_reached":50,"playtime":3814,"items_purged":["Defend_R"],"score":963,"play_id":"d0f79dcc-0e87-49b8-9fb5-f3631f11e6a5","local_time":"20190829105116","is_ascension_mode":true,"campfire_choices":[{"floor":11.0,"key":"REST"},{"data":"Armaments","floor":15.0,"key":"SMITH"},{"floor":23.0,"key":"REST"},{"floor":29.0,"key":"REST"},{"floor":32.0,"key":"REST"},{"data":"The Bomb","floor":40,"key":"SMITH"},{"floor":44,"key":"REST"},{"data":"Disarm","floor":46,"key":"SMITH"},{"floor":49,"key":"REST"}],"neow_cost":"NO_GOLD","seed_source_timestamp":0,"circlet_count":0,"master_deck":["AscendersBane","Defend_R","Defend_R","Defend_R","Bash","The Bomb+1","Metamorphosis","Armaments+1","Reaper","Shockwave","Ghostly Armor","Headbutt","Berserk+1","Fire Breathing+1","Offering","Offering","Feel No Pain+1","Master of Strategy","Anger","Bite","Bite","Bite","Bite","Bite","Immolate","Anger","Disarm+1","Pommel Strike+1","Combust+1","True Grit+1"],"special_seed":0,"relics":["Burning Blood","Frozen Egg 2","Unceasing Top","Sundial","Gambling Chip","Busted Crown","Ornamental Fan","Question Card","Sozu","Kunai","Toxic Egg 2","GremlinMask"],"potions_floor_usage":[47],"damage_taken":[{"damage":0.0,"enemies":"Cultist","floor":1.0,"turns":3.0},{"damage":9.0,"enemies":"Jaw Worm","floor":2.0,"turns":4.0},{"damage":10.0,"enemies":"Small Slimes","floor":4.0,"turns":4.0},{"damage":7.0,"enemies":"Looter","floor":5.0,"turns":4.0},{"damage":20.0,"enemies":"3 Sentries","floor":6.0,"turns":3.0},{"damage":25.0,"enemies":"Gremlin Gang","floor":7.0,"turns":3.0},{"damage":39.0,"enemies":"Gremlin Nob","floor":8.0,"turns":5.0},{"damage":15.0,"enemies":"Lagavulin","floor":10.0,"turns":7.0},{"damage":3.0,"enemies":"Exordium Thugs","floor":12.0,"turns":3.0},{"damage":8.0,"enemies":"Looter","floor":13.0,"turns":4.0},{"damage":7.0,"enemies":"2 Fungi Beasts","floor":14.0,"turns":3.0},{"damage":39.0,"enemies":"Slime Boss","floor":16.0,"turns":5.0},{"damage":19.0,"enemies":"Shell Parasite","floor":18.0,"turns":3.0},{"damage":12.0,"enemies":"Spheric Guardian","floor":20.0,"turns":3.0},{"damage":40.0,"enemies":"Snake Plant","floor":21.0,"turns":5.0},{"damage":13.0,"enemies":"Shelled Parasite and Fungi","floor":22.0,"turns":3.0},{"damage":16.0,"enemies":"Centurion and Healer","floor":24.0,"turns":4.0},{"damage":12.0,"enemies":"Gremlin Leader","floor":25.0,"turns":5.0},{"damage":30.0,"enemies":"Sentry and Sphere","floor":27.0,"turns":4.0},{"damage":23.0,"enemies":"Shelled Parasite and Fungi","floor":30.0,"turns":6.0},{"damage":7.0,"enemies":"Cultist and Chosen","floor":31.0,"turns":5.0},{"damage":77.0,"enemies":"Collector","floor":33.0,"turns":8.0},{"damage":43,"enemies":"3 Darklings","floor":35,"turns":6},{"damage":7,"enemies":"3 Shapes","floor":36,"turns":4},{"damage":23,"enemies":"Jaw Worm Horde","floor":37,"turns":3},{"damage":31,"enemies":"4 Shapes","floor":38,"turns":5},{"damage":26,"enemies":"Spire Growth","floor":41,"turns":5},{"damage":1,"enemies":"Writhing Mass","floor":47,"turns":2},{"damage":12,"enemies":"4 Shapes","floor":48,"turns":3},{"damage":86,"enemies":"Time Eater","floor":50,"turns":8}],"seed_played":"8166614560669366999","potions_obtained":[{"floor":4.0,"key":"Weak Potion"},{"floor":8.0,"key":"FearPotion"},{"floor":10.0,"key":"AttackPotion"},{"floor":12.0,"key":"Ancient Potion"},{"floor":20.0,"key":"Fire Potion"},{"floor":21.0,"key":"SpeedPotion"},{"floor":27.0,"key":"Ancient Potion"},{"floor":33.0,"key":"SmokeBomb"}],"is_trial":false,"path_per_floor":["M","M","?","M","M","E","M","E","T","E","R","M","M","M","R","B",null,"M","$","M","M","M","R","M","E","T","M","?","R","M","M","R","B",null,"M","M","M","M","?","R","M","$","T","R","?","R","M","M","R","B"],"character_chosen":"IRONCLAD","items_purchased":["Feel No Pain+1","Master of Strategy","Kunai","Combust+1"],"campfire_rested":6,"item_purchase_floors":[19,19,42,42],"current_hp_per_floor":[74,71,71,67,70,66,47,20,20,17,39,42,47,53,53,20,61,54,54,48,16,23,45,45,39,39,19,19,34,30,38,52,7,41,35,38,34,28,28,28,18,18,18,33,33,33,38,39,52,0],"gold":44,"neow_bonus":"RANDOM_COLORLESS_2","is_prod":false,"is_daily":false,"chose_seed":false,"campfire_upgraded":3,"win_rate":0,"timestamp":1567101076,"path_taken":["M","M","?","M","?","E","M","E","T","E","R","M","M","M","R","BOSS","M","$","M","M","M","R","?","E","T","M","?","R","M","M","R","BOSS","M","M","M","M","?","R","M","$","T","R","?","R","?","M","R","BOSS"],"build_version":"2019-07-17","purchased_purges":1,"victory":false,"max_hp_per_floor":[75,75,75,75,75,75,75,75,75,75,75,75,75,75,75,75,75,75,75,75,75,75,75,75,75,75,75,52,52,52,52,52,52,52,52,52,52,52,52,52,52,52,52,52,52,52,52,52,52,52],"card_choices":[{"not_picked":["Heavy Blade","Cleave"],"picked":"Armaments","floor":1.0},{"not_picked":["Cleave","Havoc","Perfected Strike"],"picked":"SKIP","floor":2.0},{"not_picked":["Rupture","Havoc","Heavy Blade"],"picked":"SKIP","floor":4.0},{"not_picked":["Havoc","Reckless Charge"],"picked":"Shockwave","floor":5.0},{"not_picked":["Burning Pact","Rampage"],"picked":"Ghostly Armor","floor":6.0},{"not_picked":["Limit Break","Flex"],"picked":"Headbutt","floor":7.0},{"not_picked":["Clash","Wild Strike"],"picked":"Berserk+1","floor":8.0},{"not_picked":["Searing Blow","Clothesline","Flex"],"picked":"SKIP","floor":10.0},{"not_picked":["True Grit","Clothesline"],"picked":"Fire Breathing+1","floor":12.0},{"not_picked":["Sword Boomerang","Armaments"],"picked":"Offering","floor":13.0},{"not_picked":["Pommel Strike","Intimidate","Sword Boomerang"],"picked":"SKIP","floor":14.0},{"not_picked":["Brutality+1","Impervious"],"picked":"Offering","floor":16.0},{"not_picked":["Thunderclap"],"picked":"SKIP","floor":18.0},{"not_picked":["Seeing Red"],"picked":"SKIP","floor":20.0},{"not_picked":[],"picked":"Anger","floor":21.0},{"not_picked":["Thunderclap"],"picked":"SKIP","floor":22.0},{"not_picked":["Armaments"],"picked":"SKIP","floor":24.0},{"not_picked":["Perfected Strike"],"picked":"SKIP","floor":25.0},{"not_picked":["Thunderclap","Bloodletting"],"picked":"SKIP","floor":27.0},{"not_picked":["Heavy Blade","Searing Blow"],"picked":"SKIP","floor":30.0},{"not_picked":["Fire Breathing+1","Twin Strike"],"picked":"SKIP","floor":31.0},{"not_picked":["Barricade+1"],"picked":"Immolate","floor":33.0},{"not_picked":["Havoc+1","Second Wind"],"picked":"SKIP","floor":35},{"not_picked":["Whirlwind"],"picked":"Anger","floor":36},{"not_picked":["Entrench"],"picked":"Disarm","floor":37},{"not_picked":["Anger"],"picked":"Pommel Strike+1","floor":38},{"not_picked":["Infernal Blade","Iron Wave+1"],"picked":"SKIP","floor":41},{"not_picked":["Wild Strike"],"picked":"True Grit+1","floor":48}],"player_experience":281825,"relics_obtained":[{"floor":6.0,"key":"Frozen Egg 2"},{"floor":8.0,"key":"Unceasing Top"},{"floor":9.0,"key":"Sundial"},{"floor":10.0,"key":"Gambling Chip"},{"floor":25.0,"key":"Ornamental Fan"},{"floor":26.0,"key":"Question Card"},{"floor":43,"key":"Toxic Egg 2"}],"event_choices":[{"damage_healed":0.0,"max_hp_gain":0.0,"max_hp_loss":0.0,"gold_gain":0.0,"event_name":"Match and Keep!","player_choice":"1 cards matched","floor":3.0,"gold_loss":0.0,"damage_taken":0.0,"cards_obtained":["Reaper"]},{"damage_healed":0.0,"max_hp_gain":0.0,"max_hp_loss":23.0,"gold_gain":0.0,"event_name":"Vampires","player_choice":"Became a vampire","floor":28.0,"gold_loss":0.0,"damage_taken":0.0,"cards_obtained":["Bite","Bite","Bite","Bite","Bite"]},{"damage_healed":0,"gold_gain":0,"player_choice":"Ignored","damage_taken":0,"max_hp_gain":0,"max_hp_loss":0,"event_name":"Tomb of Lord Red Mask","floor":39,"gold_loss":0},{"damage_healed":0,"gold_gain":0,"player_choice":"Trade","damage_taken":0,"relics_obtained":["GremlinMask"],"max_hp_gain":0,"max_hp_loss":0,"event_name":"FaceTrader","floor":45,"gold_loss":0}],"is_beta":false,"boss_relics":[{"not_picked":["Coffee Dripper","Runic Cube"],"picked":"Busted Crown"},{"not_picked":["Mark of Pain","Fusion Hammer"],"picked":"Sozu"}],"items_purged_floors":[42],"is_endless":false,"potions_floor_spawned":[4,8,10,12,14,20,21,27,33,36,37],"killed_by":"Time Eater","ascension_level":16}