{"gold_per_floor":[110,110,122,72,82,82,111,131,131,142,14,14,14,32,32,137,137,155,170,188,202,218,218,218],"floor_reached":24,"playtime":1526,"items_purged":[],"score":257,"play_id":"5493339b-2032-4c1e-ac93-9e5bc495a24a","local_time":"20190822122401","is_ascension_mode":true,"campfire_choices":[{"data":"Searing Blow","floor":6,"key":"SMITH"},{"data":"Searing Blow+1","floor":12,"key":"SMITH"},{"floor":15,"key":"REST"},{"data":"Searing Blow+2","floor":23,"key":"SMITH"}],"neow_cost":"NONE","seed_source_timestamp":224828359163200,"circlet_count":0,"master_deck":["Strike_R","Strike_R","Strike_R","Strike_R","Strike_R","Defend_R","Defend_R","Bash","Anger","Searing Blow+3","Dual Wield","Wild Strike","Pommel Strike","Shrug It Off","Battle Trance","Cleave","Uppercut","Feed","Perfected Strike","Combust","Dual Wield+1","Infernal Blade","Impervious"],"relics":["Burning Blood","Kunai","Matryoshka","Coffee Dripper"],"potions_floor_usage":[8,14,16,20,24],"damage_taken":[{"damage":5,"enemies":"2 Louse","floor":1,"turns":3},{"damage":0,"enemies":"Cultist","floor":3,"turns":3},{"damage":7,"enemies":"Small Slimes","floor":5,"turns":3},{"damage":50,"enemies":"3 Sentries","floor":7,"turns":7},{"damage":3,"enemies":"Exordium Thugs","floor":8,"turns":3},{"damage":11,"enemies":"Looter","floor":10,"turns":2},{"damage":0,"enemies":"Gremlin Gang","floor":14,"turns":2},{"damage":68,"enemies":"Hexaghost","floor":16,"turns":9},{"damage":0,"enemies":"Chosen","floor":18,"turns":4},{"damage":15,"enemies":"3 Byrds","floor":19,"turns":5},{"damage":19,"enemies":"Centurion and Healer","floor":20,"turns":4},{"damage":15,"enemies":"3 Cultists","floor":21,"turns":4},{"damage":38,"enemies":"Snake Plant","floor":22,"turns":3},{"damage":46,"enemies":"Gremlin Leader","floor":24,"turns":5}],"seed_played":"6963282653128694423","potions_obtained":[{"floor":1,"key":"Fire Potion"},{"floor":3,"key":"Explosive Potion"},{"floor":10,"key":"Ancient Potion"},{"floor":14,"key":"Fire Potion"},{"floor":18,"key":"Regen Potion"},{"floor":20,"key":"SteroidPotion"}],"is_trial":false,"path_per_floor":["M","?","M","?","M","R","E","M","T","M","$","R","?","M","R","B",null,"M","M","M","M","M","R","E"],"character_chosen":"IRONCLAD","items_purchased":["Battle Trance","Cleave"],"campfire_rested":1,"item_purchase_floors":[11,11],"current_hp_per_floor":[88,81,87,87,86,86,42,45,45,40,40,40,40,46,72,10,88,91,82,81,75,46,46,0],"gold":218,"neow_bonus":"TEN_PERCENT_HP_BONUS","is_prod":false,"is_daily":false,"chose_seed":false,"campfire_upgraded":3,"win_rate":0,"timestamp":1566501841,"path_taken":["M","?","M","?","M","R","E","M","T","M","$","R","?","M","R","BOSS","M","M","?","M","M","R","E"],"build_version":"2019-07-17","purchased_purges":0,"victory":false,"max_hp_per_floor":[88,88,88,88,88,88,88,88,88,88,88,88,88,88,88,88,88,91,91,94,97,100,100,100],"card_choices":[{"not_picked":["Armaments","Flame Barrier"],"picked":"Anger","floor":1},{"not_picked":["Flex","Havoc"],"picked":"Searing Blow","floor":3},{"not_picked":["Clothesline","Twin Strike"],"picked":"Dual Wield","floor":5},{"not_picked":["Clothesline","Pummel"],"picked":"Wild Strike","floor":7},{"not_picked":["Sever Soul","Havoc"],"picked":"Pommel Strike","floor":8},{"not_picked":["Second Wind","Heavy Blade"],"picked":"Shrug It Off","floor":10},{"not_picked":["True Grit","Twin Strike"],"picked":"Uppercut","floor":14},{"not_picked":["Reaper","Barricade"],"picked":"Feed","floor":16},{"not_picked":["Battle Trance","Feel No Pain"],"picked":"Perfected Strike","floor":18},{"not_picked":["Headbutt","Body Slam"],"picked":"Combust","floor":19},{"not_picked":["Fire Breathing","Cleave+1"],"picked":"Dual Wield+1","floor":20},{"not_picked":["Burning Pact","Combust"],"picked":"Infernal Blade","floor":21},{"not_picked":["Entrench","Heavy Blade+1"],"picked":"Impervious","floor":22}],"player_experience":67232,"relics_obtained":[{"floor":7,"key":"Kunai"}],"event_choices":[{"cards_removed":["Defend_R"],"damage_healed":0,"gold_gain":0,"player_choice":"Card Removal","damage_taken":7,"max_hp_gain":0,"max_hp_loss":0,"event_name":"Golden Wing","floor":2,"gold_loss":0},{"cards_removed":["Defend_R"],"damage_healed":0,"gold_gain":0,"player_choice":"Card Removal","damage_taken":0,"max_hp_gain":0,"max_hp_loss":0,"event_name":"The Cleric","floor":4,"gold_loss":50},{"damage_healed":0,"gold_gain":0,"player_choice":"Gave Potion","damage_taken":0,"relics_obtained":["Matryoshka"],"max_hp_gain":0,"max_hp_loss":0,"event_name":"WeMeetAgain","floor":13,"gold_loss":0}],"is_beta":false,"boss_relics":[{"not_picked":["Empty Cage","Mark of Pain"],"picked":"Coffee Dripper"}],"items_purged_floors":[],"is_endless":false,"potions_floor_spawned":[1,3,10,14,18,20],"killed_by":"Gremlin Leader","ascension_level":3}