{"gold_per_floor":[119,130,140,140,151,151,151,161,161,161,171,184,28,46,46,149,149,160,160,75,88,98,98,98,113,137,97,97,126,140,157,157,157],"floor_reached":33,"playtime":2593,"items_purged":[],"score":263,"play_id":"1ed2a037-7c13-410b-b01d-8d8d464ede58","local_time":"20190828203532","is_ascension_mode":false,"campfire_choices":[{"data":"Strike_R","floor":7,"key":"SMITH"},{"data":"Perfected Strike","floor":10,"key":"SMITH"},{"data":"Blood for Blood","floor":15,"key":"SMITH"},{"floor":23,"key":"REST"},{"data":"Cleave","floor":28,"key":"SMITH"},{"floor":32,"key":"REST"}],"neow_cost":"NONE","seed_source_timestamp":2411719848141229,"circlet_count":0,"master_deck":["Strike_R","Strike_R","Strike_R+1","Strike_R","Strike_R+1","Defend_R","Defend_R","Defend_R","Defend_R","Bash","Cleave+1","Thunderclap","Dropkick","Perfected Strike+1","Anger","Cleave","Dropkick","Blood for Blood+1","Fire Breathing","Anger","Shockwave","Reaper+1","Clothesline+1","RitualDagger","Pommel Strike","Searing Blow","Shrug It Off+1","Ghostly Armor+1","Iron Wave+1","Ghostly Armor+1"],"relics":["Black Blood","NeowsBlessing","Ornamental Fan","Nloth\u0027s Gift","Anchor","Letter Opener"],"potions_floor_usage":[12,16,16,16,22,29],"damage_taken":[{"damage":0,"enemies":"Cultist","floor":1,"turns":1},{"damage":0,"enemies":"Jaw Worm","floor":2,"turns":1},{"damage":0,"enemies":"2 Louse","floor":3,"turns":1},{"damage":13,"enemies":"Gremlin Gang","floor":5,"turns":3},{"damage":1,"enemies":"3 Louse","floor":8,"turns":2},{"damage":9,"enemies":"Lots of Slimes","floor":11,"turns":3},{"damage":0,"enemies":"Exordium Thugs","floor":12,"turns":3},{"damage":0,"enemies":"Large Slime","floor":14,"turns":4},{"damage":16,"enemies":"Slime Boss","floor":16,"turns":6},{"damage":17,"enemies":"Spheric Guardian","floor":18,"turns":4},{"damage":14,"enemies":"Shell Parasite","floor":21,"turns":3},{"damage":15,"enemies":"Centurion and Healer","floor":22,"turns":4},{"damage":20,"enemies":"Snecko","floor":25,"turns":5},{"damage":53,"enemies":"Gremlin Leader","floor":29,"turns":8},{"damage":3,"enemies":"Cultist and Chosen","floor":30,"turns":6},{"damage":23,"enemies":"Centurion and Healer","floor":31,"turns":10},{"damage":85,"enemies":"Automaton","floor":33,"turns":8}],"seed_played":"812316982212795709","potions_obtained":[{"floor":2,"key":"Weak Potion"},{"floor":6,"key":"SteroidPotion"},{"floor":6,"key":"Energy Potion"},{"floor":8,"key":"AttackPotion"},{"floor":12,"key":"AttackPotion"},{"floor":18,"key":"Weak Potion"},{"floor":25,"key":"Ancient Potion"}],"is_trial":false,"path_per_floor":["M","M","M","?","M","?","R","M","T","R","M","M","$","M","R","B",null,"M","?","?","M","M","R","?","M","T","?","R","E","M","M","R","B"],"character_chosen":"IRONCLAD","items_purchased":["Blood for Blood","Fire Breathing","Anger"],"campfire_rested":2,"item_purchase_floors":[13,13,13],"current_hp_per_floor":[80,80,80,85,78,78,78,83,83,83,80,85,85,85,85,75,85,78,72,72,68,69,85,85,79,79,79,79,51,58,55,80,0],"gold":157,"neow_bonus":"THREE_ENEMY_KILL","is_prod":false,"is_daily":false,"chose_seed":false,"campfire_upgraded":4,"win_rate":0.0,"timestamp":1567042532,"path_taken":["M","M","M","?","M","?","R","M","T","R","?","?","$","M","R","BOSS","M","?","?","M","M","R","?","?","T","?","R","E","M","?","R","BOSS"],"build_version":"2019-07-17","purchased_purges":0,"victory":false,"max_hp_per_floor":[80,80,80,85,85,85,85,85,85,85,85,85,85,85,85,85,85,85,85,85,85,85,85,85,85,85,85,85,85,85,85,85,85],"card_choices":[{"not_picked":["Shrug It Off","Pommel Strike"],"picked":"Cleave","floor":1},{"not_picked":["Warcry","Anger"],"picked":"Thunderclap","floor":2},{"not_picked":["Headbutt","Demon Form"],"picked":"Dropkick","floor":3},{"not_picked":["Headbutt","Pummel"],"picked":"Perfected Strike","floor":5},{"not_picked":["Pommel Strike","True Grit"],"picked":"Anger","floor":8},{"not_picked":["Body Slam","Intimidate"],"picked":"Cleave","floor":11},{"not_picked":["Burning Pact","Body Slam"],"picked":"Dropkick","floor":12},{"not_picked":["Bloodletting","Combust"],"picked":"Shockwave","floor":14},{"not_picked":["Dark Embrace","Juggernaut"],"picked":"Reaper","floor":16},{"not_picked":["Sword Boomerang+1","Anger+1"],"picked":"Clothesline+1","floor":18},{"not_picked":["Sword Boomerang","Pummel+1"],"picked":"Pommel Strike","floor":21},{"not_picked":["Perfected Strike","Entrench"],"picked":"Searing Blow","floor":22},{"not_picked":["Battle Trance","Perfected Strike"],"picked":"Shrug It Off+1","floor":25},{"not_picked":["Searing Blow","Clash"],"picked":"Ghostly Armor+1","floor":29},{"not_picked":["Second Wind","Pommel Strike"],"picked":"Iron Wave+1","floor":30},{"not_picked":["Battle Trance","Dropkick"],"picked":"Ghostly Armor+1","floor":31}],"player_experience":5944,"relics_obtained":[{"floor":9,"key":"Ornamental Fan"},{"floor":26,"key":"Anchor"},{"floor":29,"key":"Letter Opener"}],"event_choices":[{"damage_healed":0,"gold_gain":0,"player_choice":"Donut","damage_taken":0,"max_hp_gain":5,"max_hp_loss":0,"event_name":"Big Fish","floor":4,"gold_loss":0},{"damage_healed":0,"gold_gain":0,"player_choice":"Got Potions","damage_taken":0,"max_hp_gain":0,"max_hp_loss":0,"event_name":"Lab","floor":6,"gold_loss":0},{"damage_healed":0,"gold_gain":0,"player_choice":"Joined the Cult","damage_taken":6,"max_hp_gain":0,"max_hp_loss":0,"event_name":"Nest","floor":19,"gold_loss":0,"cards_obtained":["RitualDagger"]},{"damage_healed":0,"gold_gain":0,"player_choice":"Obtained Relic","damage_taken":0,"relics_obtained":["Pocketwatch"],"max_hp_gain":0,"max_hp_loss":0,"event_name":"Addict","floor":20,"gold_loss":85},{"damage_healed":0,"gold_gain":0,"player_choice":"Traded Relic","damage_taken":0,"relics_obtained":["Nloth\u0027s Gift"],"max_hp_gain":0,"max_hp_loss":0,"event_name":"N\u0027loth","floor":24,"relics_lost":["Pocketwatch"],"gold_loss":0},{"damage_healed":0,"gold_gain":0,"player_choice":"Upgraded Two","damage_taken":0,"max_hp_gain":0,"max_hp_loss":0,"event_name":"Designer","floor":27,"gold_loss":40,"cards_upgraded":["Strike_R","Reaper"]}],"is_beta":false,"boss_relics":[{"not_picked":["Eternal Feather","Mark of Pain"],"picked":"Black Blood"}],"items_purged_floors":[],"is_endless":false,"potions_floor_spawned":[2,8,12,18,25],"killed_by":"Automaton","ascension_level":0}