{"gold_per_floor":[118,128,128,146,146,175,175,191,260,260,1,14,14,44,44,149,149,164,164,4,4,104,104,133,133,133,164,89,99,99,115,115,115],"floor_reached":33,"playtime":1437,"items_purged":["Strike_R"],"score":437,"play_id":"7192c61c-1d78-47d4-8580-5206ec144019","local_time":"20190829214626","is_ascension_mode":true,"campfire_choices":[{"floor":7,"key":"REST"},{"floor":10,"key":"REST"},{"floor":13,"key":"REST"},{"floor":15,"key":"REST"},{"data":"Apotheosis","floor":23,"key":"SMITH"},{"floor":25,"key":"REST"},{"floor":32,"key":"REST"}],"neow_cost":"NONE","seed_source_timestamp":1251515721203500,"circlet_count":0,"master_deck":["AscendersBane","Strike_R","Strike_R","Defend_R","Defend_R","Defend_R","Bash","Clothesline","Headbutt","Anger","Flex","Infernal Blade","Apotheosis+1","Power Through","Intimidate","Impervious","Fiend Fire","J.A.X.","Havoc+1","Whirlwind+1","Pummel","Feel No Pain","Impervious","Spot Weakness"],"relics":["Burning Blood","WingedGreaves","Dodecahedron","Juzu Bracelet","Sozu","Dream Catcher","Calipers","Omamori"],"potions_floor_usage":[6,16,31],"damage_taken":[{"damage":15,"enemies":"Small Slimes","floor":1,"turns":3},{"damage":10,"enemies":"2 Louse","floor":2,"turns":3},{"damage":1,"enemies":"Cultist","floor":4,"turns":3},{"damage":18,"enemies":"Gremlin Nob","floor":6,"turns":4},{"damage":23,"enemies":"Large Slime","floor":8,"turns":5},{"damage":32,"enemies":"Lots of Slimes","floor":12,"turns":4},{"damage":27,"enemies":"Lagavulin","floor":14,"turns":7},{"damage":39,"enemies":"The Guardian","floor":16,"turns":8},{"damage":16,"enemies":"Spheric Guardian","floor":18,"turns":4},{"damage":57,"enemies":"Gremlin Leader","floor":24,"turns":7},{"damage":24,"enemies":"Book of Stabbing","floor":27,"turns":5},{"damage":8,"enemies":"2 Thieves","floor":29,"turns":3},{"damage":13,"enemies":"Centurion and Healer","floor":31,"turns":6},{"damage":42,"enemies":"Automaton","floor":33,"turns":8}],"seed_played":"8825263827614089222","potions_obtained":[{"floor":2,"key":"Explosive Potion"},{"floor":6,"key":"Strength Potion"},{"floor":8,"key":"SpeedPotion"}],"is_trial":false,"path_per_floor":["M","M","?","M","?","E","R","M","T","R","$","M","R","E","R","B",null,"M","?","$","?","?","R","E","R","T","E","?","M","?","M","R","B"],"character_chosen":"IRONCLAD","items_purchased":["Apotheosis","Fiend Fire"],"campfire_rested":6,"item_purchase_floors":[11,20],"current_hp_per_floor":[63,59,52,57,57,45,69,52,52,76,76,50,74,53,77,44,71,61,61,61,61,61,61,10,34,34,16,16,14,14,7,31,0],"gold":115,"neow_bonus":"REMOVE_CARD","is_prod":false,"is_daily":false,"chose_seed":false,"campfire_upgraded":1,"win_rate":0,"timestamp":1567082786,"path_taken":["M","M","?","M","?","E","R","M","T","R","$","M","R","E","R","BOSS","M","?","$","?","?","R","E","R","T","E","?","M","?","M","R","BOSS"],"build_version":"2019-07-17","purchased_purges":1,"victory":false,"max_hp_per_floor":[80,80,80,80,80,80,80,80,80,80,80,80,80,80,80,80,80,80,80,80,80,80,80,80,80,80,80,80,80,80,80,80,80],"card_choices":[{"not_picked":["Thunderclap","Flex"],"picked":"Clothesline","floor":1},{"not_picked":["Second Wind","Warcry"],"picked":"Headbutt","floor":2},{"not_picked":["Warcry","Headbutt"],"picked":"Anger","floor":4},{"not_picked":["Havoc","Pummel"],"picked":"Flex","floor":6},{"not_picked":["Feel No Pain","Clothesline"],"picked":"Infernal Blade","floor":8},{"not_picked":["Headbutt","Sever Soul"],"picked":"Power Through","floor":12},{"not_picked":["Armaments","Clothesline"],"picked":"Intimidate","floor":14},{"not_picked":["Berserk","Feed"],"picked":"Impervious","floor":16},{"not_picked":["Flex+1","Thunderclap","Perfected Strike+1"],"picked":"SKIP","floor":18},{"not_picked":["Carnage","Perfected Strike"],"picked":"Havoc+1","floor":24},{"not_picked":["Iron Wave","Blood for Blood"],"picked":"Whirlwind+1","floor":25},{"not_picked":["Perfected Strike","Clothesline+1"],"picked":"Pummel","floor":27},{"not_picked":["Twin Strike+1","Cleave"],"picked":"Feel No Pain","floor":29},{"not_picked":["Sword Boomerang","Rupture","Cleave"],"picked":"SKIP","floor":31},{"not_picked":["Pummel","Uppercut+1"],"picked":"Spot Weakness","floor":32}],"player_experience":234531,"relics_obtained":[{"floor":6,"key":"WingedGreaves"},{"floor":9,"key":"Dodecahedron"},{"floor":14,"key":"Juzu Bracelet"},{"floor":24,"key":"Dream Catcher"},{"floor":26,"key":"Calipers"},{"floor":27,"key":"Omamori"}],"event_choices":[{"cards_removed":["Strike_R"],"damage_healed":0,"gold_gain":0,"player_choice":"Card Removal","damage_taken":7,"max_hp_gain":0,"max_hp_loss":0,"event_name":"Golden Wing","floor":3,"gold_loss":0},{"damage_healed":0,"gold_gain":0,"player_choice":"Ignored","damage_taken":0,"max_hp_gain":0,"max_hp_loss":0,"event_name":"Liars Game","floor":5,"gold_loss":0},{"damage_healed":0,"gold_gain":0,"player_choice":"Ignored","damage_taken":0,"max_hp_gain":0,"max_hp_loss":0,"event_name":"Ghosts","floor":19,"gold_loss":0},{"damage_healed":0,"gold_gain":0,"player_choice":"Obtain J.A.X.","damage_taken":0,"max_hp_gain":0,"max_hp_loss":0,"event_name":"Drug Dealer","floor":21,"gold_loss":0,"cards_obtained":["J.A.X."]},{"damage_healed":0,"gold_gain":100,"player_choice":"Pray","damage_taken":0,"max_hp_gain":0,"max_hp_loss":0,"event_name":"Golden Shrine","floor":22,"gold_loss":0},{"cards_removed":["Strike_R"],"damage_healed":0,"gold_gain":0,"player_choice":"Gave Gold","damage_taken":0,"max_hp_gain":0,"max_hp_loss":0,"event_name":"Beggar","floor":28,"gold_loss":75},{"damage_healed":0,"gold_gain":0,"player_choice":"Copied","damage_taken":0,"max_hp_gain":0,"max_hp_loss":0,"event_name":"Duplicator","floor":30,"gold_loss":0,"cards_obtained":["Impervious"]}],"is_beta":false,"boss_relics":[{"not_picked":["Velvet Choker","Tiny House"],"picked":"Sozu"}],"items_purged_floors":[11],"is_endless":false,"potions_floor_spawned":[2,6,8,18,27,29],"killed_by":"Automaton","ascension_level":10}