{"gold_per_floor":[114,129,144,244,259,274,274,304,329,152,182,182,197,212,212,312,312,327,327,327,342,357,119,134,164,164,164,179,179,194,194,194,294,294,309,324,339,339],"floor_reached":38,"playtime":2553,"items_purged":[],"score":462,"play_id":"c2836b4e-d38f-47e2-aef5-5f6697f10efc","local_time":"20190803201811","daily_mods":["SealedDeck","Uncertain Future","DeadlyEvents"],"is_ascension_mode":false,"campfire_choices":[{"data":"Cloak And Dagger","floor":7,"key":"SMITH"},{"data":"Accuracy","floor":12,"key":"SMITH"},{"data":"Cloak And Dagger","floor":15,"key":"SMITH"},{"floor":27,"key":"REST"},{"data":"Choke","floor":29,"key":"SMITH"},{"floor":32,"key":"REST"}],"neow_cost":"","seed_source_timestamp":0,"circlet_count":0,"master_deck":["Well Laid Plans","Slice","Slice","Slice","Cloak And Dagger+1","Cloak And Dagger+1","Quick Slash","Quick Slash","Slice","Slice","Accuracy+1","Infinite Blades","Madness","Corpse Explosion","Blade Dance","Choke+1","After Image","Blade Dance","Escape Plan","Infinite Blades","Escape Plan+1","Infinite Blades+1","Adrenaline","A Thousand Cuts","Infinite Blades","Accuracy","Acrobatics+1","After Image"],"special_seed":18111,"relics":["Ring of the Serpent","Mercury Hourglass","Strawberry","Bronze Scales","Orrery","TheAbacus","Torii","Prayer Wheel"],"potions_floor_usage":[25,33,35,38],"damage_taken":[{"damage":0,"enemies":"Small Slimes","floor":1,"turns":2},{"damage":0,"enemies":"Cultist","floor":2,"turns":2},{"damage":0,"enemies":"Jaw Worm","floor":3,"turns":2},{"damage":0,"enemies":"Blue Slaver","floor":5,"turns":2},{"damage":0,"enemies":"3 Louse","floor":6,"turns":2},{"damage":6,"enemies":"3 Sentries","floor":8,"turns":5},{"damage":10,"enemies":"Gremlin Nob","floor":11,"turns":3},{"damage":0,"enemies":"2 Fungi Beasts","floor":13,"turns":2},{"damage":3,"enemies":"Gremlin Gang","floor":14,"turns":2},{"damage":30,"enemies":"Hexaghost","floor":16,"turns":5},{"damage":4,"enemies":"3 Byrds","floor":18,"turns":3},{"damage":16,"enemies":"Shell Parasite","floor":21,"turns":3},{"damage":14,"enemies":"Centurion and Healer","floor":22,"turns":2},{"damage":7,"enemies":"Cultist and Chosen","floor":24,"turns":4},{"damage":27,"enemies":"Book of Stabbing","floor":25,"turns":4},{"damage":8,"enemies":"Snake Plant","floor":28,"turns":2},{"damage":0,"enemies":"Sentry and Sphere","floor":30,"turns":3},{"damage":13,"enemies":"Collector","floor":33,"turns":5},{"damage":16,"enemies":"3 Darklings","floor":35,"turns":4},{"damage":10,"enemies":"Orb Walker","floor":36,"turns":2},{"damage":50,"enemies":"Writhing Mass","floor":37,"turns":4},{"damage":0,"enemies":"3 Darklings","floor":38,"turns":1}],"seed_played":"407684035303193076","potions_obtained":[{"floor":1,"key":"SpeedPotion"},{"floor":5,"key":"FairyPotion"},{"floor":11,"key":"Strength Potion"},{"floor":16,"key":"SpeedPotion"},{"floor":24,"key":"SteroidPotion"},{"floor":28,"key":"Weak Potion"},{"floor":30,"key":"SneckoOil"},{"floor":33,"key":"Swift Potion"},{"floor":35,"key":"Weak Potion"}],"is_trial":false,"path_per_floor":["M","M","M","?","M","M","R","E","T","$","E","R","M","M","R","B",null,"M","?","?","M","M","$","M","E","T","R","M","R","M","?","R","B",null,"M","M","M","M"],"character_chosen":"THE_SILENT","items_purchased":["Infinite Blades","Madness","Infinite Blades","TheAbacus"],"campfire_rested":2,"item_purchase_floors":[10,10,23,23],"current_hp_per_floor":[70,70,70,70,70,70,70,64,71,71,61,61,61,58,58,28,77,73,59,59,43,29,29,22,8,8,32,24,24,24,24,48,35,82,66,56,6,6],"gold":339,"neow_bonus":"","is_prod":false,"is_daily":true,"chose_seed":false,"campfire_upgraded":4,"win_rate":0,"timestamp":1564831091,"path_taken":["M","M","M","?","M","M","R","E","T","$","?","R","M","?","R","BOSS","M","?","?","M","M","$","M","E","T","R","M","R","M","?","R","BOSS","M","M","M","?"],"build_version":"2019-07-05","purchased_purges":0,"victory":false,"max_hp_per_floor":[70,70,70,70,70,70,70,70,77,77,77,77,77,77,77,77,77,77,82,82,82,82,82,82,82,82,82,82,82,82,82,82,82,82,82,82,82,82],"card_choices":[{"not_picked":["Well Laid Plans","Crippling Poison","Underhanded Strike"],"picked":"SKIP","floor":1},{"not_picked":["Poisoned Stab","Flechettes","Backflip"],"picked":"SKIP","floor":2},{"not_picked":["Endless Agony","Quick Slash","Calculated Gamble"],"picked":"SKIP","floor":3},{"not_picked":["Underhanded Strike","PiercingWail","Slice"],"picked":"SKIP","floor":5},{"not_picked":["All Out Attack","Poisoned Stab","Bouncing Flask"],"picked":"SKIP","floor":6},{"not_picked":["Skewer","Prepared"],"picked":"Accuracy","floor":8},{"not_picked":["Grand Finale","Acrobatics","Flying Knee"],"picked":"SKIP","floor":11},{"not_picked":["Leg Sweep","Distraction","Flying Knee"],"picked":"SKIP","floor":13},{"not_picked":["Footwork","Predator","Flying Knee"],"picked":"SKIP","floor":14},{"not_picked":["Burst","Bullet Time"],"picked":"Corpse Explosion","floor":16},{"not_picked":["Sucker Punch","Dagger Spray"],"picked":"Blade Dance","floor":17},{"not_picked":["Backflip","Cloak And Dagger"],"picked":"Choke","floor":17},{"not_picked":["Poisoned Stab","Terror"],"picked":"After Image","floor":18},{"not_picked":["PiercingWail+1","Footwork"],"picked":"Escape Plan","floor":21},{"not_picked":["Deflect","Catalyst","Flying Knee"],"picked":"SKIP","floor":22},{"not_picked":["Backflip","Outmaneuver+1"],"picked":"Escape Plan+1","floor":24},{"not_picked":["PiercingWail","Deflect","Prepared+1"],"picked":"SKIP","floor":25},{"not_picked":["Dagger Spray","Deflect+1"],"picked":"Infinite Blades+1","floor":28},{"not_picked":["Prepared+1","Backflip","Riddle With Holes"],"picked":"SKIP","floor":28},{"not_picked":["Dodge and Roll","Dagger Throw"],"picked":"Adrenaline","floor":30},{"not_picked":["PiercingWail+1","All Out Attack","Slice+1"],"picked":"SKIP","floor":30},{"not_picked":["Corpse Explosion","Phantasmal Killer"],"picked":"A Thousand Cuts","floor":33},{"not_picked":["Outmaneuver","Deflect+1"],"picked":"Infinite Blades","floor":35},{"not_picked":["Deadly Poison+1","Skewer+1","Quick Slash"],"picked":"SKIP","floor":35},{"not_picked":["Cloak And Dagger+1","Blur+1"],"picked":"Accuracy","floor":36},{"not_picked":["Deadly Poison+1","Poisoned Stab+1"],"picked":"Acrobatics+1","floor":36},{"not_picked":["Poisoned Stab","Bane"],"picked":"After Image","floor":37},{"not_picked":["Slice+1","Dodge and Roll+1","Quick Slash+1"],"picked":"SKIP","floor":37}],"player_experience":411912,"relics_obtained":[{"floor":8,"key":"Mercury Hourglass"},{"floor":9,"key":"Strawberry"},{"floor":11,"key":"Bronze Scales"},{"floor":25,"key":"Torii"},{"floor":26,"key":"Prayer Wheel"}],"event_choices":[{"damage_healed":0,"gold_gain":100,"player_choice":"Pray","damage_taken":0,"max_hp_gain":0,"max_hp_loss":0,"event_name":"Golden Shrine","floor":4,"gold_loss":0},{"damage_healed":0,"gold_gain":0,"player_choice":"Shed Blood","damage_taken":19,"max_hp_gain":5,"max_hp_loss":0,"event_name":"Forgotten Altar","floor":19,"gold_loss":0},{"damage_healed":0,"gold_gain":0,"player_choice":"Read","damage_taken":0,"max_hp_gain":0,"max_hp_loss":0,"event_name":"The Library","floor":20,"gold_loss":0,"cards_obtained":["Blade Dance"]},{"damage_healed":0,"gold_gain":0,"player_choice":"Bought 0 Potions","damage_taken":0,"max_hp_gain":0,"max_hp_loss":0,"event_name":"The Woman in Blue","floor":31,"gold_loss":0}],"is_beta":false,"boss_relics":[{"not_picked":["Busted Crown","HoveringKite"],"picked":"Orrery"},{"not_picked":["Black Star","White Beast Statue"],"picked":"Ring of the Serpent"}],"items_purged_floors":[],"is_endless":false,"potions_floor_spawned":[1,5,11,16,24,28,30,33,35],"killed_by":"3 Darklings","ascension_level":0}