{"gold_per_floor":[111,127,147,161,177,177,195,195,219,231,245,52,65,98,98,194,194,206,206,219,236,256,256,256,256,280,298,44,44,44,69,69,69],"floor_reached":33,"playtime":3323,"items_purged":["Defend_B"],"score":298,"play_id":"70b88765-e0b3-4ac7-8a91-05507b1e18e0","local_time":"20190717014611","is_ascension_mode":false,"campfire_choices":[{"data":"Recycle","floor":6,"key":"SMITH"},{"data":"Zap","floor":15,"key":"SMITH"},{"floor":23,"key":"REST"},{"data":"Loop","floor":25,"key":"SMITH"},{"data":"Capacitor","floor":29,"key":"SMITH"},{"floor":32,"key":"REST"}],"neow_cost":"NONE","seed_source_timestamp":431632956443388,"circlet_count":0,"master_deck":["Strike_B","Strike_B","Defend_B","Defend_B","Zap+1","Dualcast","Conserve Battery","Recycle+1","Leap","Conserve Battery","Buffer","Loop+1","Electrodynamics","Capacitor+1","Capacitor+1"],"relics":["Cracked Core","Mango","Bag of Preparation","Empty Cage","Nloth\u0027s Gift","Smiling Mask","Chemical X","Bag of Marbles"],"potions_floor_usage":[11,14,16,16,22,31,33],"damage_taken":[{"damage":1,"enemies":"Cultist","floor":1,"turns":3},{"damage":2,"enemies":"2 Louse","floor":2,"turns":3},{"damage":6,"enemies":"Jaw Worm","floor":3,"turns":3},{"damage":15,"enemies":"Exordium Thugs","floor":4,"turns":4},{"damage":13,"enemies":"Large Slime","floor":5,"turns":5},{"damage":18,"enemies":"Lots of Slimes","floor":7,"turns":5},{"damage":7,"enemies":"Red Slaver","floor":10,"turns":4},{"damage":16,"enemies":"Gremlin Gang","floor":11,"turns":5},{"damage":3,"enemies":"Looter","floor":13,"turns":4},{"damage":12,"enemies":"3 Sentries","floor":14,"turns":9},{"damage":44,"enemies":"Hexaghost","floor":16,"turns":12},{"damage":23,"enemies":"2 Thieves","floor":18,"turns":5},{"damage":25,"enemies":"Chosen","floor":20,"turns":6},{"damage":0,"enemies":"Snecko","floor":21,"turns":6},{"damage":33,"enemies":"Snake Plant","floor":22,"turns":5},{"damage":0,"enemies":"Centurion and Healer","floor":27,"turns":8},{"damage":24,"enemies":"Gremlin Leader","floor":31,"turns":7},{"damage":60,"enemies":"Champ","floor":33,"turns":15}],"seed_played":"-433319687585823753","potions_obtained":[{"floor":2,"key":"PowerPotion"},{"floor":3,"key":"LiquidBronze"},{"floor":4,"key":"SmokeBomb"},{"floor":11,"key":"Explosive Potion"},{"floor":13,"key":"LiquidBronze"},{"floor":14,"key":"EssenceOfSteel"},{"floor":18,"key":"Regen Potion"},{"floor":20,"key":"Explosive Potion"},{"floor":22,"key":"Block Potion"}],"is_trial":false,"path_per_floor":["M","M","M","M","M","R","M","?","T","M","M","$","M","E","R","B",null,"M","?","M","M","M","R","?","R","T","M","$","R","$","E","R","B"],"character_chosen":"DEFECT","items_purchased":["Lee\u0027s Waffle","Chemical X"],"campfire_rested":2,"item_purchase_floors":[12,28],"current_hp_per_floor":[74,72,66,51,38,38,20,34,34,27,11,96,93,81,81,37,96,73,73,48,48,27,55,55,55,55,55,55,55,55,31,59,0],"gold":69,"neow_bonus":"ONE_RANDOM_RARE_CARD","is_prod":false,"is_daily":false,"chose_seed":false,"campfire_upgraded":4,"win_rate":0,"timestamp":1563295571,"path_taken":["M","M","M","?","?","R","M","?","T","M","?","$","M","E","R","BOSS","M","?","?","M","M","R","?","R","T","M","$","R","?","E","R","BOSS"],"build_version":"2019-07-05","purchased_purges":1,"victory":false,"max_hp_per_floor":[75,75,75,75,75,75,75,89,89,89,89,96,96,96,96,96,96,96,96,96,96,96,96,96,96,96,96,96,96,96,96,96,96],"card_choices":[{"not_picked":["Capacitor","Heatsinks"],"picked":"Conserve Battery","floor":1},{"not_picked":["Undo","Compile Driver","Auto Shields"],"picked":"SKIP","floor":2},{"not_picked":["Consume","Undo"],"picked":"Recycle","floor":3},{"not_picked":["Go for the Eyes","Streamline","Sweeping Beam"],"picked":"SKIP","floor":4},{"not_picked":["Core Surge","Double Energy","Cold Snap"],"picked":"SKIP","floor":5},{"not_picked":["Compile Driver","Storm"],"picked":"Leap","floor":7},{"not_picked":["Rebound","Go for the Eyes","Gash"],"picked":"SKIP","floor":10},{"not_picked":["Redo","Turbo"],"picked":"Conserve Battery","floor":11},{"not_picked":["Cold Snap","Steam"],"picked":"Buffer","floor":13},{"not_picked":["Double Energy","Undo"],"picked":"Loop","floor":14},{"not_picked":["Thunder Strike","Fission"],"picked":"Electrodynamics","floor":16},{"not_picked":["Conserve Battery","Rebound","Turbo"],"picked":"SKIP","floor":18},{"not_picked":["Barrage","Go for the Eyes","Cold Snap"],"picked":"SKIP","floor":20},{"not_picked":["Buffer","Leap","Recycle"],"picked":"SKIP","floor":21},{"not_picked":["Amplify","Loop"],"picked":"Capacitor","floor":22},{"not_picked":["BootSequence","Sweeping Beam","Beam Cell+1"],"picked":"SKIP","floor":27},{"not_picked":["Thunder Strike","Beam Cell"],"picked":"Capacitor+1","floor":31}],"player_experience":253981,"relics_obtained":[{"floor":14,"key":"Bag of Preparation"},{"floor":26,"key":"Smiling Mask"},{"floor":31,"key":"Bag of Marbles"}],"event_choices":[{"cards_removed":["Reboot"],"damage_healed":0,"gold_gain":0,"player_choice":"Gave Card","damage_taken":0,"relics_obtained":["Mango"],"max_hp_gain":0,"max_hp_loss":0,"event_name":"WeMeetAgain","floor":8,"gold_loss":0},{"damage_healed":0,"gold_gain":0,"player_choice":"Traded Relic","damage_taken":0,"relics_obtained":["Nloth\u0027s Gift"],"max_hp_gain":0,"max_hp_loss":0,"event_name":"N\u0027loth","floor":19,"relics_lost":["Lee\u0027s Waffle"],"gold_loss":0},{"cards_removed":["Defend_B"],"damage_healed":0,"gold_gain":0,"player_choice":"Purged","damage_taken":0,"max_hp_gain":0,"max_hp_loss":0,"event_name":"Purifier","floor":24,"gold_loss":0}],"is_beta":false,"boss_relics":[{"not_picked":["Ectoplasm","Velvet Choker"],"picked":"Empty Cage"}],"items_purged_floors":[28],"is_endless":false,"potions_floor_spawned":[2,3,4,11,13,14,18,20,22],"killed_by":"Champ","ascension_level":0}