{"gold_per_floor":[117,117,136,136,156,183,183,109,136,136,13,13,13,23,23,127,127,139,154,154,154,32,32,47,61,61,61],"floor_reached":27,"playtime":1393,"items_purged":["Normality"],"score":253,"play_id":"0db31e79-6eaa-4ebd-adf1-25bbf3215197","local_time":"20181111131534","is_ascension_mode":true,"campfire_choices":[{"data":"Bash","floor":7,"key":"SMITH"},{"data":"Armaments","floor":12,"key":"SMITH"},{"data":"Metallicize","floor":15,"key":"SMITH"},{"data":"Limit Break","floor":23,"key":"SMITH"}],"neow_cost":"NONE","seed_source_timestamp":668725063007950,"circlet_count":0,"master_deck":["Strike_R","Strike_R","Strike_R","Strike_R","Defend_R","Defend_R+1","Defend_R+1","Defend_R","Bash+1","Shrug It Off","Pommel Strike","Warcry","Rampage","Dual Wield","Iron Wave","Shrug It Off","Armaments+1","Metallicize+1","Feed","Parasite","Decay","Spot Weakness","Battle Trance","Armaments+1","Rampage","Limit Break+1","Spot Weakness","Dropkick","Metallicize"],"relics":["Burning Blood","Happy Flower","Smiling Mask","War Paint","Dream Catcher","Calling Bell","Prayer Wheel","Shuriken","Anchor","MutagenicStrength","Dodecahedron"],"potions_floor_usage":[6,16,27],"damage_taken":[{"damage":7,"enemies":"Jaw Worm","floor":1,"turns":3},{"damage":4,"enemies":"2 Louse","floor":3,"turns":4},{"damage":2,"enemies":"Small Slimes","floor":5,"turns":5},{"damage":32,"enemies":"Lagavulin","floor":6,"turns":5},{"damage":3,"enemies":"2 Fungi Beasts","floor":14,"turns":4},{"damage":54,"enemies":"Slime Boss","floor":16,"turns":14},{"damage":3,"enemies":"Chosen","floor":18,"turns":8},{"damage":36,"enemies":"Spheric Guardian","floor":19,"turns":7},{"damage":17,"enemies":"Shelled Parasite and Fungi","floor":24,"turns":6},{"damage":37,"enemies":"Cultist and Chosen","floor":25,"turns":7},{"damage":37,"enemies":"Book of Stabbing","floor":27,"turns":5}],"seed_played":"325661968659758795","potions_obtained":[{"floor":3,"key":"SteroidPotion"},{"floor":6,"key":"SteroidPotion"},{"floor":25,"key":"Fire Potion"}],"is_trial":false,"path_per_floor":["M","?","M","?","M","E","R","$","T","?","$","R","$","M","R","B",null,"M","M","?","?","$","R","M","M","T","E"],"character_chosen":"IRONCLAD","items_purchased":["Rampage","Iron Wave","Shrug It Off","Armaments","Limit Break"],"campfire_rested":0,"item_purchase_floors":[8,11,11,11,22],"current_hp_per_floor":[79,79,80,77,80,54,54,54,54,54,54,54,54,57,57,9,80,80,50,76,76,76,76,68,37,37,0],"gold":61,"neow_bonus":"RANDOM_COMMON_RELIC","is_prod":false,"is_daily":false,"chose_seed":false,"campfire_upgraded":4,"win_rate":0,"timestamp":1541938534,"path_taken":["M","?","M","?","M","E","R","?","T","?","$","R","?","M","R","BOSS","M","M","?","?","$","R","M","M","T","E"],"build_version":"2018-11-08","purchased_purges":1,"victory":false,"max_hp_per_floor":[80,80,80,80,80,80,80,80,80,80,80,80,80,80,80,80,80,80,80,80,80,80,80,83,83,83,83],"card_choices":[{"not_picked":["Twin Strike","True Grit"],"picked":"Shrug It Off","floor":1},{"not_picked":["Sentinel","Dual Wield","Wild Strike"],"picked":"SKIP","floor":3},{"not_picked":["Sword Boomerang","Shrug It Off"],"picked":"Pommel Strike","floor":5},{"not_picked":["Bludgeon","Sentinel"],"picked":"Warcry","floor":6},{"not_picked":["Havoc","Twin Strike"],"picked":"Metallicize","floor":14},{"not_picked":["Exhume","Reaper"],"picked":"Feed","floor":16},{"not_picked":["Warcry","Twin Strike"],"picked":"Spot Weakness","floor":18},{"not_picked":["Pommel Strike","Havoc"],"picked":"Battle Trance","floor":18},{"not_picked":["Twin Strike","Iron Wave"],"picked":"Armaments+1","floor":19},{"not_picked":["Clash+1","Anger+1"],"picked":"Rampage","floor":19},{"not_picked":["Cleave","Carnage"],"picked":"Spot Weakness","floor":24},{"not_picked":["Power Through+1","Reckless Charge","Warcry+1"],"picked":"SKIP","floor":24},{"not_picked":["Cleave+1","Thunderclap"],"picked":"Dropkick","floor":25},{"not_picked":["Cleave","Anger"],"picked":"Metallicize","floor":25}],"player_experience":264136,"relics_obtained":[{"floor":6,"key":"War Paint"},{"floor":9,"key":"Dream Catcher"},{"floor":17,"key":"Prayer Wheel"},{"floor":17,"key":"Shuriken"},{"floor":17,"key":"Anchor"},{"floor":26,"key":"Dodecahedron"}],"event_choices":[{"damage_healed":0,"gold_gain":0,"player_choice":"Leave","damage_taken":0,"max_hp_gain":0,"max_hp_loss":0,"event_name":"The Cleric","floor":2,"gold_loss":0},{"damage_healed":0,"gold_gain":0,"player_choice":"Success","damage_taken":3,"relics_obtained":["Smiling Mask"],"max_hp_gain":0,"max_hp_loss":0,"event_name":"Scrap Ooze","floor":4,"gold_loss":0},{"damage_healed":0,"gold_gain":0,"cards_transformed":["Strike_R"],"player_choice":"Change","damage_taken":0,"max_hp_gain":0,"max_hp_loss":0,"event_name":"Living Wall","floor":10,"gold_loss":0,"cards_obtained":["Dual Wield"]},{"damage_healed":26,"gold_gain":0,"player_choice":"Heal","damage_taken":0,"max_hp_gain":0,"max_hp_loss":0,"event_name":"The Library","floor":20,"gold_loss":0},{"damage_healed":0,"gold_gain":0,"player_choice":"Inject Mutagens","damage_taken":0,"relics_obtained":["MutagenicStrength"],"max_hp_gain":0,"max_hp_loss":0,"event_name":"Drug Dealer","floor":21,"gold_loss":0}],"is_beta":false,"boss_relics":[{"not_picked":["Eternal Feather","Black Star"],"picked":"Calling Bell"}],"items_purged_floors":[22],"is_endless":false,"potions_floor_spawned":[3,6,25],"killed_by":"Book of Stabbing","ascension_level":4}