{"gold_per_floor":[16,35,35,35,35,60,70,70,70,70,90,105,105,115,115,220,220,240,240,257,64,64],"floor_reached":22,"playtime":1043,"items_purged":["Strike_R"],"score":243,"play_id":"04517bf5-1b0a-4e9b-98d9-e7c34d0cddae","local_time":"20190101175457","is_ascension_mode":true,"campfire_choices":[{"floor":8,"key":"REST"},{"floor":10,"key":"REST"},{"floor":15,"key":"REST"}],"neow_cost":"NO_GOLD","seed_source_timestamp":268315826113902,"circlet_count":0,"master_deck":["Strike_R","Defend_R","Defend_R","Defend_R","Defend_R","Bash+1","Limit Break","Demon Form","Heavy Blade+1","Clothesline","Shrug It Off","Pummel","Offering","Spot Weakness","Inflame","Shockwave","Enlightenment"],"relics":["Burning Blood","The Courier","Whetstone","Sundial","Velvet Choker"],"potions_floor_usage":[16,16],"damage_taken":[{"damage":4,"enemies":"2 Louse","floor":1,"turns":4},{"damage":10,"enemies":"Small Slimes","floor":2,"turns":4},{"damage":40,"enemies":"3 Sentries","floor":6,"turns":8},{"damage":13,"enemies":"Jaw Worm","floor":7,"turns":4},{"damage":14,"enemies":"Exordium Wildlife","floor":11,"turns":4},{"damage":13,"enemies":"Blue Slaver","floor":12,"turns":4},{"damage":35,"enemies":"Exordium Thugs","floor":14,"turns":6},{"damage":29,"enemies":"Hexaghost","floor":16,"turns":5},{"damage":52,"enemies":"3 Byrds","floor":18,"turns":6},{"damage":31,"enemies":"Colosseum Slavers","floor":19,"turns":4},{"damage":10,"enemies":"Shell Parasite","floor":20,"turns":5},{"damage":16,"enemies":"Chosen and Byrds","floor":22,"turns":4}],"seed_played":"3894057255867848476","potions_obtained":[{"floor":11,"key":"LiquidBronze"},{"floor":12,"key":"Fruit Juice"},{"floor":20,"key":"GamblersBrew"}],"is_trial":false,"path_per_floor":["M","M","?","?","?","E","M","R","T","R","M","M","?","M","R","B",null,"M","?","M","$","M"],"character_chosen":"IRONCLAD","items_purchased":["Shockwave","Enlightenment"],"campfire_rested":3,"item_purchase_floors":[21,21],"current_hp_per_floor":[80,76,69,74,67,33,26,51,51,76,68,61,61,32,57,39,90,44,19,15,15,0],"gold":64,"neow_bonus":"TRANSFORM_TWO_CARDS","is_prod":false,"is_daily":false,"chose_seed":false,"campfire_upgraded":0,"win_rate":0,"timestamp":1546332897,"path_taken":["M","M","?","?","?","E","M","R","T","R","M","M","?","?","R","BOSS","M","?","M","$","M"],"build_version":"2018-12-20","purchased_purges":1,"victory":false,"max_hp_per_floor":[80,80,80,85,85,85,85,85,85,85,85,85,85,85,85,90,90,90,90,90,90,90],"card_choices":[{"not_picked":["Anger","Iron Wave","Sentinel"],"picked":"SKIP","floor":1},{"not_picked":["Corruption","Rampage"],"picked":"Heavy Blade","floor":2},{"not_picked":["Berserk","Perfected Strike","Burning Pact"],"picked":"SKIP","floor":6},{"not_picked":["Dropkick","Armaments"],"picked":"Clothesline","floor":7},{"not_picked":["Pommel Strike","Evolve"],"picked":"Shrug It Off","floor":11},{"not_picked":["Anger","Heavy Blade","Berserk"],"picked":"SKIP","floor":12},{"not_picked":["Perfected Strike","Iron Wave"],"picked":"Pummel","floor":14},{"not_picked":["Demon Form","Double Tap"],"picked":"Offering","floor":16},{"not_picked":["Heavy Blade","Body Slam"],"picked":"Spot Weakness","floor":18},{"not_picked":["Infernal Blade","Uppercut"],"picked":"Inflame","floor":20}],"player_experience":102161,"relics_obtained":[{"floor":6,"key":"Whetstone"},{"floor":9,"key":"Sundial"}],"event_choices":[{"damage_healed":0,"gold_gain":0,"player_choice":"Success","damage_taken":7,"relics_obtained":["The Courier"],"max_hp_gain":0,"max_hp_loss":0,"event_name":"Scrap Ooze","floor":3,"gold_loss":0},{"damage_healed":0,"gold_gain":0,"player_choice":"Donut","damage_taken":0,"max_hp_gain":5,"max_hp_loss":0,"event_name":"Big Fish","floor":4,"gold_loss":0},{"cards_removed":["Strike_R"],"damage_healed":0,"gold_gain":0,"player_choice":"Card Removal","damage_taken":7,"max_hp_gain":0,"max_hp_loss":0,"event_name":"Golden Wing","floor":5,"gold_loss":0},{"damage_healed":0,"gold_gain":0,"player_choice":"Ignored","damage_taken":0,"max_hp_gain":0,"max_hp_loss":0,"event_name":"Liars Game","floor":13,"gold_loss":0},{"damage_healed":0,"gold_gain":0,"player_choice":"Fight","damage_taken":0,"max_hp_gain":0,"max_hp_loss":0,"event_name":"Colosseum","floor":19,"gold_loss":0},{"damage_healed":0,"gold_gain":0,"player_choice":"Fled From Nobs","damage_taken":0,"max_hp_gain":0,"max_hp_loss":0,"event_name":"Colosseum","floor":19,"gold_loss":0}],"is_beta":false,"boss_relics":[{"not_picked":["Pandora\u0027s Box","Black Blood"],"picked":"Velvet Choker"}],"items_purged_floors":[21],"is_endless":false,"potions_floor_spawned":[11,12,19,20],"killed_by":"Chosen and Byrds","ascension_level":3}