{"path_per_floor":["M","M","M","M","M","R","?","R","T","?","?","M","$","?","R","B",null,"M","?","?","M","?","M","M","$","T","R","M","M","R","M","R"],"character_chosen":"THE_SILENT","items_purchased":["Girya","Bronze Scales","Noxious Fumes","Finisher"],"gold_per_floor":[116,127,147,157,172,172,172,172,472,472,472,488,21,196,196,292,292,304,229,229,249,249,259,269,151,175,175,190,200,200,212,212],"floor_reached":33,"campfire_rested":3,"playtime":1932,"current_hp_per_floor":[70,70,70,67,63,63,52,75,75,75,75,76,76,76,76,38,77,70,70,70,59,59,59,35,35,35,35,24,10,33,16,39],"items_purged":[],"gold":212,"score":253,"play_id":"35ae5ad4-a20c-449b-888c-2139d73b3940","local_time":"20180315174734","is_prod":false,"is_daily":false,"is_ascension_mode":true,"campfire_upgraded":1,"timestamp":1521132454,"path_taken":["M","M","M","M","M","R","?","R","T","?","?","M","$","?","R","BOSS","M","?","?","M","?","M","M","$","T","R","M","M","R","M","R","BOSS"],"build_version":"2018-03-01-PROD1","purchased_purges":0,"victory":false,"master_deck":["Defend_G","Defend_G","Defend_G","Defend_G","Strike_G","Strike_G","Strike_G","Strike_G","Strike_G","Survivor","Neutralize+1","Well Laid Plans","Dagger Throw","Flying Knee","Bouncing Flask+1","Bane","Crippling Poison","Burst","Backflip","Dash","Bouncing Flask+1","Prepared+1","Flying Knee","Noxious Fumes","Finisher","PiercingWail","Dash+1","Adrenaline"],"max_hp_per_floor":[70,70,70,70,70,70,77,77,77,77,77,77,77,77,77,77,77,77,77,77,77,77,77,77,77,77,77,77,77,77,77,77],"relics":["White Beast Statue","Strawberry","Old Coin","Girya","Bronze Scales","Sozu","Happy Flower"],"card_choices":[{"not_picked":["Backflip","Dodge and Roll"],"picked":"Well Laid Plans"},{"not_picked":["Dagger Spray","Quick Slash"],"picked":"Dagger Throw"},{"not_picked":["Accuracy","Reflex"],"picked":"Flying Knee"},{"not_picked":["Flying Knee","PiercingWail"],"picked":"Bouncing Flask"},{"not_picked":["Deflect","Acrobatics"],"picked":"Bane"},{"not_picked":["Finisher","Deadly Poison"],"picked":"Crippling Poison"},{"not_picked":["Venomology","After Image"],"picked":"Burst"},{"not_picked":["Underhanded Strike","Leg Sweep"],"picked":"Backflip"},{"not_picked":["Underhanded Strike","Flying Knee"],"picked":"Dash"},{"not_picked":["Backflip","Underhanded Strike"],"picked":"Prepared"},{"not_picked":["Prepared","Blade Dance"],"picked":"Flying Knee"},{"not_picked":["Terror","Deadly Poison"],"picked":"PiercingWail"},{"not_picked":["Deflect","Calculated Gamble"],"picked":"Dash"},{"not_picked":["Backflip","Underhanded Strike"],"picked":"Adrenaline"}],"player_experience":108011,"potions_floor_usage":[5,12,16,28],"damage_taken":[{"damage":0.0,"enemies":"Jaw Worm","floor":1.0,"turns":4.0},{"damage":0.0,"enemies":"Small Slimes","floor":2.0,"turns":4.0},{"damage":0.0,"enemies":"Cultist","floor":3.0,"turns":4.0},{"damage":3,"enemies":"3 Louse","floor":4,"turns":4},{"damage":4,"enemies":"Blue Slaver","floor":5,"turns":2},{"damage":10,"enemies":"2 Fungi Beasts","floor":12,"turns":5},{"damage":38,"enemies":"Slime Boss","floor":16,"turns":11},{"damage":7,"enemies":"Spheric Guardian","floor":18,"turns":4},{"damage":11,"enemies":"2 Thieves","floor":21,"turns":4},{"damage":0,"enemies":"Sentry and Sphere","floor":23,"turns":3},{"damage":24,"enemies":"3 Cultists","floor":24,"turns":4},{"damage":11,"enemies":"Snecko","floor":28,"turns":3},{"damage":14,"enemies":"Cultist and Chosen","floor":29,"turns":5},{"damage":17,"enemies":"Centurion and Healer","floor":31,"turns":4},{"damage":44,"enemies":"Champ","floor":33,"turns":7}],"event_choices":[{"event_name":"Scrap Ooze","player_choice":"success","floor":7,"damage_taken":18},{"event_name":"Wheel of Change","player_choice":"Card Removal","floor":10,"damage_taken":0},{"event_name":"Living Wall","player_choice":"Grow","floor":11,"damage_taken":0},{"event_name":"Liars Game","player_choice":"agreed","floor":14,"damage_taken":0},{"event_name":"Beggar","player_choice":"Gave Gold","floor":19,"damage_taken":0},{"event_name":"The Woman in Blue","player_choice":"Bought 0 Potions","floor":20,"damage_taken":0},{"event_name":"Duplicator","player_choice":"One dupe","floor":22,"damage_taken":0}],"boss_relics":[{"not_picked":["Question Card","Calling Bell"],"picked":"Sozu"}],"potions_floor_spawned":[1,2,3,4,5,12,16,18,21,23,24,28,29,31],"seed_played":"-6236215580208202842","killed_by":"Champ","ascension_level":1,"is_trial":false}