{"gold_per_floor":[114,125,125,125,140,140,8,8,33,65,65,84,104,123,123,219,219,238,238,238,258,258],"floor_reached":22,"playtime":1293,"items_purged":["Regret"],"score":372,"play_id":"9314ab64-17e5-4a67-b5d3-17aaec380eb4","local_time":"20190817202902","is_ascension_mode":true,"campfire_choices":[{"data":"Sunder","floor":6.0,"key":"SMITH"},{"floor":8.0,"key":"REST"},{"data":"Electrodynamics","floor":15.0,"key":"SMITH"}],"neow_cost":"NONE","seed_source_timestamp":1046244469799,"circlet_count":0,"master_deck":["AscendersBane","Strike_B","Strike_B","Strike_B","Defend_B","Defend_B","Defend_B","Defend_B","Zap","Dualcast","Sunder+1","Rip and Tear","Stack","Hologram","Electrodynamics+1","Injury","Reinforced Body","Cold Snap","Turbo","Fission","Steam","RitualDagger","Loop+1"],"special_seed":0,"relics":["FrozenCore","Question Card","Boot","Regal Pillow","Ornamental Fan","Golden Idol","MutagenicStrength"],"potions_floor_usage":[22,22],"damage_taken":[{"damage":4.0,"enemies":"Jaw Worm","floor":1.0,"turns":3.0},{"damage":1.0,"enemies":"2 Louse","floor":2.0,"turns":3.0},{"damage":6.0,"enemies":"Small Slimes","floor":5.0,"turns":3.0},{"damage":10.0,"enemies":"3 Sentries","floor":10.0,"turns":5.0},{"damage":0.0,"enemies":"2 Fungi Beasts","floor":12.0,"turns":2.0},{"damage":4.0,"enemies":"Looter","floor":13.0,"turns":2.0},{"damage":0.0,"enemies":"Gremlin Gang","floor":14.0,"turns":2.0},{"damage":33.0,"enemies":"Slime Boss","floor":16.0,"turns":8.0},{"damage":10,"enemies":"Spheric Guardian","floor":18,"turns":4},{"damage":12,"enemies":"Shell Parasite","floor":21,"turns":8},{"damage":32,"enemies":"Chosen and Byrds","floor":22,"turns":5}],"seed_played":"-6619990995077125627","potions_obtained":[{"floor":10.0,"key":"Explosive Potion"},{"floor":12.0,"key":"Block Potion"},{"floor":14.0,"key":"Block Potion"},{"floor":18,"key":"SneckoOil"}],"is_trial":false,"path_per_floor":["M","M","?","?","M","R","$","R","T","E","?","M","M","M","R","B",null,"M","?","?","M","M"],"character_chosen":"DEFECT","items_purchased":["Hologram"],"campfire_rested":1,"item_purchase_floors":[7],"current_hp_per_floor":[60,59,33,33,27,27,27,48,48,38,38,38,34,34,34,1,54,44,44,38,26,0],"gold":258,"neow_bonus":"REMOVE_CARD","is_prod":false,"is_daily":false,"chose_seed":false,"campfire_upgraded":2,"win_rate":0,"timestamp":1566088142,"path_taken":["M","M","?","?","M","R","$","R","T","E","?","M","M","M","R","BOSS","M","?","?","M","M"],"build_version":"2019-07-17","purchased_purges":1,"victory":false,"max_hp_per_floor":[71,71,71,71,71,71,71,71,71,71,71,71,71,71,71,71,71,71,71,71,71,71],"card_choices":[{"not_picked":["Redo","Compile Driver"],"picked":"Sunder","floor":1.0},{"not_picked":["Conserve Battery","Hologram"],"picked":"Rip and Tear","floor":2.0},{"not_picked":["Melter","Barrage","Streamline"],"picked":"Stack","floor":5.0},{"not_picked":["Buffer","Cold Snap","Skim"],"picked":"Electrodynamics","floor":10.0},{"not_picked":["White Noise","Coolheaded","Blizzard"],"picked":"Reinforced Body","floor":12.0},{"not_picked":["Hologram","Conserve Battery","Leap"],"picked":"Cold Snap","floor":13.0},{"not_picked":["Hologram","Streamline","Sweeping Beam"],"picked":"Turbo","floor":14.0},{"not_picked":["Machine Learning","Creative AI","Biased Cognition"],"picked":"Fission","floor":16.0},{"not_picked":["Hologram","Consume","Barrage"],"picked":"Steam","floor":18},{"not_picked":["Fusion","BootSequence","Storm+1"],"picked":"Loop+1","floor":21}],"player_experience":410056,"relics_obtained":[{"floor":9.0,"key":"Regal Pillow"},{"floor":10.0,"key":"Ornamental Fan"}],"event_choices":[{"damage_healed":0.0,"max_hp_gain":0.0,"max_hp_loss":0.0,"gold_gain":0.0,"event_name":"Scrap Ooze","player_choice":"Success","floor":3.0,"gold_loss":0.0,"damage_taken":26.0,"relics_obtained":["Question Card"]},{"damage_healed":0.0,"max_hp_gain":0.0,"max_hp_loss":0.0,"gold_gain":0.0,"event_name":"Big Fish","player_choice":"Box","floor":4.0,"gold_loss":0.0,"damage_taken":0.0,"relics_obtained":["Boot"],"cards_obtained":["Regret"]},{"damage_healed":0.0,"max_hp_gain":0.0,"max_hp_loss":0.0,"gold_gain":0.0,"event_name":"Golden Idol","player_choice":"Take Wound","floor":11.0,"gold_loss":0.0,"damage_taken":0.0,"relics_obtained":["Golden Idol"],"cards_obtained":["Injury"]},{"damage_healed":0,"gold_gain":0,"player_choice":"Inject Mutagens","damage_taken":0,"relics_obtained":["MutagenicStrength"],"max_hp_gain":0,"max_hp_loss":0,"event_name":"Drug Dealer","floor":19,"gold_loss":0},{"damage_healed":0,"gold_gain":0,"player_choice":"Joined the Cult","damage_taken":6,"max_hp_gain":0,"max_hp_loss":0,"event_name":"Nest","floor":20,"gold_loss":0,"cards_obtained":["RitualDagger"]}],"is_beta":false,"boss_relics":[{"not_picked":["Sozu","Velvet Choker"],"picked":"FrozenCore"}],"items_purged_floors":[7],"is_endless":false,"potions_floor_spawned":[10,12,14,18],"killed_by":"Chosen and Byrds","ascension_level":20}