{"path_per_floor":["M","?","T","?","?","E","R","M","T","$","M","?","M","M","R","B",null,"M","M","M","$","?","R","M","M","T","R","$","M","?"],"character_chosen":"THE_SILENT","items_purchased":["Lee\u0027s Waffle","Transmutation","Crippling Poison","All Out Attack","Slice","Regen Potion"],"gold_per_floor":[117,192,192,367,367,394,394,413,413,33,51,71,84,103,103,206,236,246,258,271,39,39,39,59,79,79,79,30,42,42],"floor_reached":31,"campfire_rested":4,"playtime":1923,"current_hp_per_floor":[59,48,48,48,70,25,46,46,46,77,77,64,54,49,72,20,82,76,60,26,26,26,50,7,2,2,26,26,13,13],"items_purged":["Doubt"],"gold":42,"score":262,"play_id":"730a8f0e-834f-49f1-bc43-1c1841b82d7d","is_prod":false,"is_daily":false,"is_ascension_mode":false,"campfire_upgraded":0,"path_taken":["M","?","?","?","?","E","R","M","T","?","?","?","M","M","R","BOSS","M","M","M","$","?","R","?","M","T","R","?","M","?","M"],"build_version":"2018-02-15-PROD1","purchased_purges":1,"victory":false,"master_deck":["Defend_G","Defend_G","Defend_G","Defend_G","Defend_G","Strike_G","Strike_G","Strike_G","Strike_G","Strike_G","Survivor","Neutralize","Dagger Throw+1","Finisher","Bane","Noxious Fumes","Bane","Deflect","Deflect","Dodge and Roll","Transmutation","Bane","Deadly Poison","Well Laid Plans","Skewer","Adrenaline","Finisher","Bouncing Flask+1","Terror+1","All Out Attack","Crippling Poison","All Out Attack","Slice","Footwork","Prepared+1","Acrobatics"],"max_hp_per_floor":[70,70,70,70,70,70,70,70,70,77,77,77,77,77,77,77,82,82,82,82,82,82,82,82,82,82,82,82,82,82],"relics":["Orrery","Ice Cream","Calipers","Lee\u0027s Waffle","Odd Mushroom","Tiny House","Dream Catcher"],"card_choices":[{"not_picked":["Acrobatics","Flechettes"],"picked":"Dagger Throw"},{"not_picked":["Caltrops","Masterful Stab"],"picked":"Finisher"},{"not_picked":["Eviscerate","Flying Knee"],"picked":"Bane"},{"not_picked":["Reflex","Skewer"],"picked":"Noxious Fumes"},{"not_picked":["Acrobatics","Distraction"],"picked":"Bane"},{"not_picked":["Dash","Dagger Spray"],"picked":"Deflect"},{"not_picked":["Leg Sweep","Dagger Throw"],"picked":"Deflect"},{"not_picked":["Outmaneuver","Reflex"],"picked":"Dodge and Roll"},{"not_picked":["Calculated Gamble","Footwork"],"picked":"Bane"},{"not_picked":["Terror","Blade Dance"],"picked":"Deadly Poison"},{"not_picked":["Deflect","Dodge and Roll"],"picked":"Well Laid Plans"},{"not_picked":["Wraith Form","Caltrops"],"picked":"Skewer"},{"not_picked":["Corpse Explosion","Doppelganger"],"picked":"Adrenaline"},{"not_picked":["Deflect","Slice"],"picked":"Finisher"},{"not_picked":["Dodge and Roll","Prepared"],"picked":"Bouncing Flask"},{"not_picked":["Masterful Stab","Underhanded Strike"],"picked":"Terror"},{"not_picked":["Escape Plan","Finisher"],"picked":"All Out Attack"},{"not_picked":["Sucker Punch","Underhanded Strike"],"picked":"Footwork"},{"not_picked":["Leg Sweep","Glass Knife"],"picked":"Prepared"},{"not_picked":["Underhanded Strike","Heel Hook"],"picked":"Acrobatics"}],"player_experience":94905,"potions_floor_usage":[14,16,19,20,24,25,25,29],"damage_taken":[{"damage":11,"enemies":"Jaw Worm","floor":1,"turns":2},{"damage":45,"enemies":"Lagavulin","floor":6,"turns":9},{"damage":0,"enemies":"2 Louse","floor":8,"turns":2},{"damage":0,"enemies":"Small Slimes","floor":11,"turns":5},{"damage":13,"enemies":"The Mushroom Lair","floor":12,"turns":6},{"damage":10,"enemies":"Looter","floor":13,"turns":2},{"damage":5,"enemies":"Exordium Wildlife","floor":14,"turns":3},{"damage":52,"enemies":"Slime Boss","floor":16,"turns":11},{"damage":6,"enemies":"3 Byrds","floor":18,"turns":5},{"damage":16,"enemies":"Spheric Guardian","floor":19,"turns":5},{"damage":34,"enemies":"Chosen and Byrds","floor":20,"turns":9},{"damage":43,"enemies":"Centurion and Healer","floor":24,"turns":5},{"damage":5,"enemies":"Snake Plant","floor":25,"turns":4},{"damage":28,"enemies":"Cultist and Chosen","floor":29,"turns":5},{"damage":23,"enemies":"3 Cultists","floor":31,"turns":4}],"event_choices":[{"event_name":"World of Goop","player_choice":"Gather Gold","floor":2,"damage_taken":0},{"event_name":"Liars Game","player_choice":"agreed","floor":4,"damage_taken":0},{"event_name":"Big Fish","player_choice":"Banana","floor":5,"damage_taken":0},{"event_name":"Mushrooms","player_choice":"Fought Mushrooms","floor":12,"damage_taken":0},{"event_name":"Accursed Blacksmith","player_choice":"Forge","floor":22,"damage_taken":0},{"event_name":"The Mausoleum","player_choice":"Yes","floor":30,"damage_taken":0}],"boss_relics":[{"not_picked":["Snecko Eye","Cursed Key"],"picked":"Tiny House"}],"potions_floor_spawned":[8,12,13,18,19,24],"seed_played":"-5374589772159434196","killed_by":"3 Cultists","ascension_level":0,"is_trial":false}