{"gold_per_floor":[115,115,4,14,164,194,194,194,270,304,316,316,333,22,22,97,97,117,148,73,73,84,84],"floor_reached":23,"playtime":1609,"items_purged":["Defend_B"],"score":419,"play_id":"8a0dfa43-3158-4c8b-a1d0-af3de086ddfc","local_time":"20190826231246","is_ascension_mode":true,"campfire_choices":[{"data":"Defragment","floor":7.0,"key":"SMITH"},{"data":"Coolheaded","floor":12.0,"key":"SMITH"},{"floor":15.0,"key":"REST"}],"neow_cost":"NONE","seed_source_timestamp":532263670341799,"circlet_count":0,"master_deck":["AscendersBane","Defend_B","Defend_B","Zap","Dualcast","Coolheaded+1","Defragment+1","Barrage","Lockon","Hologram","Cold Snap","Sweeping Beam","Cold Snap","Finesse","Stack","Fission","Ball Lightning","Bite","Bite","Bite","Bite","Bite","Steam"],"special_seed":0,"relics":["Busted Crown","Art of War","Shuriken","Anchor","Inserter","Red Mask"],"potions_floor_usage":[],"damage_taken":[{"damage":4.0,"enemies":"Small Slimes","floor":1.0,"turns":3.0},{"damage":0.0,"enemies":"Cultist","floor":4.0,"turns":4.0},{"damage":23.0,"enemies":"Lagavulin","floor":6.0,"turns":9.0},{"damage":4.0,"enemies":"Gremlin Nob","floor":10.0,"turns":3.0},{"damage":0.0,"enemies":"Jaw Worm","floor":11.0,"turns":4.0},{"damage":1.0,"enemies":"Looter","floor":13.0,"turns":2.0},{"damage":15.0,"enemies":"Hexaghost","floor":16.0,"turns":9.0},{"damage":11.0,"enemies":"3 Byrds","floor":18.0,"turns":6.0},{"damage":29.0,"enemies":"Masked Bandits","floor":19.0,"turns":4.0},{"damage":2,"enemies":"Shell Parasite","floor":22,"turns":5},{"damage":39,"enemies":"Book of Stabbing","floor":23,"turns":5}],"seed_played":"3139105337961725315","potions_obtained":[{"floor":1.0,"key":"Poison Potion"},{"floor":2.0,"key":"FocusPotion"},{"floor":4.0,"key":"Fire Potion"},{"floor":13.0,"key":"Block Potion"}],"is_trial":false,"path_per_floor":["M","?","$","M","?","E","R","?","T","E","M","R","M","$","R","B",null,"M","?","?","?","M","E"],"character_chosen":"DEFECT","items_purchased":["Coolheaded","Defragment","Sweeping Beam","Cold Snap","Finesse","Stack"],"campfire_rested":1,"item_purchase_floors":[3,3,14,14,14,14],"current_hp_per_floor":[60,60,60,60,60,37,37,30,30,26,26,26,25,25,46,31,61,50,21,21,21,33,0],"gold":84,"neow_bonus":"BOSS_RELIC","is_prod":false,"is_daily":false,"chose_seed":false,"campfire_upgraded":2,"win_rate":0,"timestamp":1566875566,"path_taken":["M","?","?","M","?","E","R","?","T","E","M","R","M","$","R","BOSS","M","?","?","?","M","E"],"build_version":"2019-07-17","purchased_purges":1,"victory":false,"max_hp_per_floor":[71,71,71,71,71,71,71,71,71,71,71,71,71,71,71,71,71,71,71,71,49,49,49],"card_choices":[{"not_picked":["Heatsinks"],"picked":"SKIP","floor":1.0},{"not_picked":[],"picked":"Barrage","floor":4.0},{"not_picked":[],"picked":"Lockon","floor":6.0},{"not_picked":[],"picked":"Hologram","floor":10.0},{"not_picked":["Scrape"],"picked":"SKIP","floor":11.0},{"not_picked":[],"picked":"Cold Snap","floor":13.0},{"not_picked":[],"picked":"Fission","floor":16.0},{"not_picked":[],"picked":"Ball Lightning","floor":18.0},{"not_picked":[],"picked":"Steam","floor":22}],"player_experience":444520,"relics_obtained":[{"floor":6.0,"key":"Art of War"},{"floor":9.0,"key":"Shuriken"},{"floor":10.0,"key":"Anchor"},{"floor":19.0,"key":"Red Mask"}],"event_choices":[{"damage_healed":0.0,"max_hp_gain":0.0,"max_hp_loss":0.0,"gold_gain":0.0,"event_name":"Lab","player_choice":"Got Potions","floor":2.0,"gold_loss":0.0,"damage_taken":0.0},{"damage_healed":0.0,"max_hp_gain":0.0,"max_hp_loss":0.0,"gold_gain":150.0,"event_name":"Liars Game","player_choice":"AGREE","floor":5.0,"gold_loss":0.0,"damage_taken":0.0,"cards_obtained":["Doubt"]},{"cards_removed":["Doubt"],"damage_healed":0.0,"max_hp_gain":0.0,"max_hp_loss":0.0,"gold_gain":0.0,"event_name":"Golden Wing","player_choice":"Card Removal","floor":8.0,"gold_loss":0.0,"damage_taken":7.0},{"damage_healed":0.0,"max_hp_gain":0.0,"max_hp_loss":0.0,"gold_gain":0.0,"event_name":"Masked Bandits","player_choice":"Fought Bandits","floor":19.0,"gold_loss":0.0,"damage_taken":0.0},{"cards_removed":["Defend_B"],"damage_healed":0.0,"max_hp_gain":0.0,"max_hp_loss":0.0,"gold_gain":0.0,"event_name":"Beggar","player_choice":"Gave Gold","floor":20.0,"gold_loss":75.0,"damage_taken":0.0},{"damage_healed":0.0,"max_hp_gain":0.0,"max_hp_loss":22.0,"gold_gain":0.0,"event_name":"Vampires","player_choice":"Became a vampire","floor":21.0,"gold_loss":0.0,"damage_taken":0.0,"cards_obtained":["Bite","Bite","Bite","Bite","Bite"]}],"is_beta":false,"boss_relics":[{"not_picked":["Runic Dome","Nuclear Battery"],"picked":"Inserter"}],"items_purged_floors":[14],"is_endless":false,"potions_floor_spawned":[1,4,13],"killed_by":"Book of Stabbing","ascension_level":20}