{"gold_per_floor":[110,127,144,160,79,79,111,130,130,130,130,34,34,61,61,61],"floor_reached":16,"playtime":1045,"items_purged":[],"score":215,"play_id":"2310d6ca-bbe1-4683-a9af-30dae6c57e3a","local_time":"20190802193843","is_ascension_mode":true,"campfire_choices":[{"data":"Hologram","floor":6,"key":"SMITH"},{"floor":10,"key":"REST"},{"floor":13,"key":"REST"},{"data":"Beam Cell","floor":15,"key":"SMITH"}],"neow_cost":"NONE","seed_source_timestamp":7396441225016,"circlet_count":0,"master_deck":["AscendersBane","Strike_B","Strike_B","Strike_B","Strike_B","Defend_B","Defend_B","Defend_B","Zap","Dualcast","Go for the Eyes","Defragment","Beam Cell+1","Hologram+1","BootSequence","Sweeping Beam","Self Repair","Ball Lightning","Scrape","Leap","Capacitor"],"relics":["Cracked Core","Bag of Marbles","Centennial Puzzle","Ancient Tea Set"],"potions_floor_usage":[7,14,16],"damage_taken":[{"damage":1,"enemies":"2 Louse","floor":1,"turns":2},{"damage":1,"enemies":"Cultist","floor":2,"turns":3},{"damage":7,"enemies":"Jaw Worm","floor":3,"turns":4},{"damage":17,"enemies":"Large Slime","floor":4,"turns":6},{"damage":39,"enemies":"Gremlin Nob","floor":7,"turns":4},{"damage":0,"enemies":"2 Fungi Beasts","floor":8,"turns":3},{"damage":8,"enemies":"3 Sentries","floor":14,"turns":7},{"damage":46,"enemies":"Hexaghost","floor":16,"turns":9}],"seed_played":"-9041177047778729234","potions_obtained":[{"floor":4,"key":"Fire Potion"},{"floor":7,"key":"Fire Potion"},{"floor":8,"key":"EssenceOfSteel"}],"is_trial":false,"path_per_floor":["M","M","M","M","$","R","E","M","T","R","?","$","R","E","R","B"],"character_chosen":"DEFECT","items_purchased":["BootSequence","Scrape","Leap"],"campfire_rested":2,"item_purchase_floors":[5,12,12],"current_hp_per_floor":[70,69,62,45,45,45,6,6,6,29,29,29,52,44,44,0],"gold":61,"neow_bonus":"TEN_PERCENT_HP_BONUS","is_prod":false,"is_daily":false,"chose_seed":false,"campfire_upgraded":2,"win_rate":0,"timestamp":1564789123,"path_taken":["M","M","M","M","$","R","E","M","T","R","?","?","R","E","R","BOSS"],"build_version":"2019-07-17","purchased_purges":0,"victory":false,"max_hp_per_floor":[78,78,78,78,78,78,78,78,78,78,78,78,78,78,78,78],"card_choices":[{"not_picked":["Hologram","Coolheaded"],"picked":"Go for the Eyes","floor":1},{"not_picked":["Barrage","Turbo"],"picked":"Defragment","floor":2},{"not_picked":["Rebound","Hologram"],"picked":"Beam Cell","floor":3},{"not_picked":["Leap","Turbo"],"picked":"Hologram","floor":4},{"not_picked":["Turbo","Beam Cell"],"picked":"Sweeping Beam","floor":7},{"not_picked":["Blizzard","Static Discharge"],"picked":"Self Repair","floor":8},{"not_picked":["Hello World","Barrage"],"picked":"Capacitor","floor":14}],"player_experience":330209,"relics_obtained":[{"floor":7,"key":"Bag of Marbles"},{"floor":9,"key":"Centennial Puzzle"},{"floor":14,"key":"Ancient Tea Set"}],"event_choices":[{"damage_healed":0,"gold_gain":0,"cards_transformed":["Defend_B"],"player_choice":"Transformed","damage_taken":0,"max_hp_gain":0,"max_hp_loss":0,"event_name":"Transmorgrifier","floor":11,"gold_loss":0,"cards_obtained":["Ball Lightning"]}],"is_beta":false,"boss_relics":[],"items_purged_floors":[],"is_endless":false,"potions_floor_spawned":[4,7,8],"killed_by":"Hexaghost","ascension_level":19}