{"gold_per_floor":[111,125,1,11,86,86,112,112,112,112,128,140,167,20,20,97,97,108,125,125,125,139,139,155,186,212,247,272,284,296,321,333,424,436,461,264,364,384,394,394],"floor_reached":40,"playtime":3820,"items_purged":[],"score":736,"play_id":"dc2001bc-6a21-47ef-9e5c-f9cdd733c733","local_time":"20190721184820","is_ascension_mode":true,"campfire_choices":[{"data":"Hologram","floor":6,"key":"SMITH"},{"data":"Zap","floor":8,"key":"SMITH"},{"floor":10,"key":"REST"},{"floor":15,"key":"REST"},{"floor":23,"key":"REST"},{"floor":32,"key":"REST"}],"neow_cost":"NONE","seed_source_timestamp":236400774836823,"circlet_count":0,"master_deck":["AscendersBane","Strike_B+1","Strike_B+1","Strike_B+1","Strike_B+1","Defend_B+1","Defend_B+1","Defend_B+1","Defend_B+1","Zap+1","Dualcast","Rebound","FTL","Core Surge","Hologram+1","Undo","White Noise","Auto Shields","Rainbow","Streamline","Multi-Cast","Ball Lightning+1","Auto Shields+1","Chill","Redo","Darkness+1","Ball Lightning+1","Defragment","Machine Learning","Reprogram+1","Redo+1","Tempest","Defragment+1"],"relics":["Cracked Core","Calipers","StoneCalendar","Potion Belt","Blood Vial","Fusion Hammer","Red Mask","Strawberry","MawBank","White Beast Statue","Chemical X","Nunchaku"],"potions_floor_usage":[13,13,18,22,27,31,33,39],"damage_taken":[{"damage":5,"enemies":"Small Slimes","floor":1,"turns":4},{"damage":6,"enemies":"2 Louse","floor":2,"turns":2},{"damage":6,"enemies":"Cultist","floor":4,"turns":3},{"damage":12,"enemies":"Lagavulin","floor":7,"turns":8},{"damage":2,"enemies":"2 Fungi Beasts","floor":11,"turns":3},{"damage":0,"enemies":"Exordium Wildlife","floor":12,"turns":3},{"damage":32,"enemies":"Gremlin Nob","floor":13,"turns":4},{"damage":13,"enemies":"Hexaghost","floor":16,"turns":8},{"damage":19,"enemies":"2 Thieves","floor":18,"turns":4},{"damage":12,"enemies":"Chosen","floor":19,"turns":3},{"damage":0,"enemies":"Sentry and Sphere","floor":22,"turns":5},{"damage":19,"enemies":"Snake Plant","floor":24,"turns":3},{"damage":14,"enemies":"Masked Bandits","floor":25,"turns":5},{"damage":13,"enemies":"Book of Stabbing","floor":27,"turns":6},{"damage":29,"enemies":"Shelled Parasite and Fungi","floor":28,"turns":6},{"damage":10,"enemies":"Cultist and Chosen","floor":31,"turns":5},{"damage":10,"enemies":"Champ","floor":33,"turns":7},{"damage":14,"enemies":"Orb Walker","floor":35,"turns":4},{"damage":0,"enemies":"Mind Bloom Boss Battle","floor":37,"turns":8},{"damage":26,"enemies":"3 Darklings","floor":38,"turns":5},{"damage":18,"enemies":"4 Shapes","floor":39,"turns":4},{"damage":68,"enemies":"Nemesis","floor":40,"turns":4}],"seed_played":"515595046030644535","potions_obtained":[{"floor":2,"key":"Fire Potion"},{"floor":11,"key":"SkillPotion"},{"floor":12,"key":"Fruit Juice"},{"floor":13,"key":"Weak Potion"},{"floor":18,"key":"FairyPotion"},{"floor":19,"key":"SteroidPotion"},{"floor":21,"key":"GamblersBrew"},{"floor":21,"key":"Fire Potion"},{"floor":22,"key":"SpeedPotion"},{"floor":31,"key":"SkillPotion"},{"floor":35,"key":"Fire Potion"},{"floor":37,"key":"Energy Potion"},{"floor":39,"key":"FocusPotion"}],"is_trial":false,"path_per_floor":["M","M","$","M","?","R","E","R","T","R","M","M","E","$","R","B",null,"M","M","?","?","M","R","M","?","T","E","M","$","?","M","R","B",null,"M","$","?","M","M","E"],"character_chosen":"DEFECT","items_purchased":["Core Surge","Hologram","Blood Vial","Chemical X"],"campfire_rested":4,"item_purchase_floors":[3,3,14,36],"current_hp_per_floor":[66,60,60,54,43,43,31,31,31,54,52,52,25,25,49,38,72,55,45,45,45,47,71,54,42,49,38,11,11,11,3,30,22,73,61,61,63,39,23,0],"gold":394,"neow_bonus":"TEN_PERCENT_HP_BONUS","is_prod":false,"is_daily":false,"chose_seed":false,"campfire_upgraded":2,"win_rate":0,"timestamp":1563749300,"path_taken":["M","M","$","M","?","R","E","R","T","R","M","M","E","$","R","BOSS","M","M","?","?","?","R","M","?","T","E","M","$","?","?","R","BOSS","M","$","?","M","M","E"],"build_version":"2019-07-17","purchased_purges":0,"victory":false,"max_hp_per_floor":[78,78,78,78,78,78,78,78,78,78,78,78,83,83,83,83,83,83,83,83,83,83,83,83,83,90,90,90,90,90,90,90,90,90,90,90,90,90,90,90],"card_choices":[{"not_picked":["Redo","Beam Cell"],"picked":"Rebound","floor":1},{"not_picked":["Redo","Auto Shields"],"picked":"FTL","floor":2},{"not_picked":["Stack","Streamline"],"picked":"Undo","floor":4},{"not_picked":["Static Discharge","Gash"],"picked":"White Noise","floor":7},{"not_picked":["Coolheaded","Gash"],"picked":"Auto Shields","floor":11},{"not_picked":["Loop","Barrage"],"picked":"Rainbow","floor":12},{"not_picked":["Lockon","Rebound"],"picked":"Streamline","floor":13},{"not_picked":["Reboot","Creative AI"],"picked":"Multi-Cast","floor":16},{"not_picked":["Stack","Melter"],"picked":"Ball Lightning+1","floor":18},{"not_picked":["Consume","Genetic Algorithm"],"picked":"Auto Shields+1","floor":19},{"not_picked":["Chaos","Rebound"],"picked":"Chill","floor":22},{"not_picked":["Hologram","Chill"],"picked":"Redo","floor":24},{"not_picked":["Rip and Tear","Barrage"],"picked":"Darkness","floor":25},{"not_picked":["Force Field+1","Cold Snap+1"],"picked":"Ball Lightning+1","floor":27},{"not_picked":["Gash","Meteor Strike"],"picked":"Defragment","floor":28},{"not_picked":["Gash","Melter+1","Chill"],"picked":"SKIP","floor":31},{"not_picked":["Hyperbeam","Fission"],"picked":"Machine Learning","floor":33},{"not_picked":["Darkness","Aggregate"],"picked":"Reprogram+1","floor":35},{"not_picked":["Consume+1","Rip and Tear"],"picked":"Redo+1","floor":37},{"not_picked":["Cold Snap+1","Leap"],"picked":"Tempest","floor":38},{"not_picked":["Compile Driver","Ball Lightning+1"],"picked":"Defragment+1","floor":39}],"player_experience":278589,"relics_obtained":[{"floor":7,"key":"Calipers"},{"floor":9,"key":"StoneCalendar"},{"floor":13,"key":"Potion Belt"},{"floor":25,"key":"Red Mask"},{"floor":26,"key":"Strawberry"},{"floor":27,"key":"MawBank"},{"floor":37,"key":"Nunchaku"}],"event_choices":[{"damage_healed":0,"gold_gain":75,"player_choice":"Gather Gold","damage_taken":11,"max_hp_gain":0,"max_hp_loss":0,"event_name":"World of Goop","floor":5,"gold_loss":0},{"damage_healed":0,"gold_gain":0,"player_choice":"Simplicity","damage_taken":0,"max_hp_gain":0,"max_hp_loss":0,"event_name":"Back to Basics","floor":20,"gold_loss":0,"cards_upgraded":["Strike_B","Strike_B","Strike_B","Strike_B","Defend_B","Defend_B","Defend_B","Defend_B"]},{"damage_healed":0,"gold_gain":0,"player_choice":"Got Potions","damage_taken":0,"max_hp_gain":0,"max_hp_loss":0,"event_name":"Lab","floor":21,"gold_loss":0},{"damage_healed":0,"gold_gain":0,"player_choice":"Fought Bandits","damage_taken":0,"max_hp_gain":0,"max_hp_loss":0,"event_name":"Masked Bandits","floor":25,"gold_loss":0},{"damage_healed":0,"gold_gain":0,"player_choice":"Upgraded","damage_taken":0,"max_hp_gain":0,"max_hp_loss":0,"event_name":"Upgrade Shrine","floor":30,"gold_loss":0,"cards_upgraded":["Darkness"]},{"damage_healed":0,"gold_gain":0,"player_choice":"Fight","damage_taken":0,"max_hp_gain":0,"max_hp_loss":0,"event_name":"MindBloom","floor":37,"gold_loss":0}],"is_beta":false,"boss_relics":[{"not_picked":["Astrolabe","Empty Cage"],"picked":"Fusion Hammer"},{"not_picked":["Busted Crown","Coffee Dripper"],"picked":"White Beast Statue"}],"items_purged_floors":[],"is_endless":false,"potions_floor_spawned":[2,11,12,13,18,19,22,31,35,37,38,39],"killed_by":"Nemesis","ascension_level":14}