{"gold_per_floor":[117,128,303,320,44,44,61,76,121,70,104,114,114,125,125,225,225,237,190,190,50,60,60,72,92,167,167,201,236,58,74,74,171,171,187,13,359,375,375,375,385,412,438,438,456,456,106,125,125,125],"floor_reached":50,"playtime":3218,"items_purged":["Doubt","Strike_R","Defend_R"],"score":766,"play_id":"07d2c3c8-58b2-4043-865d-70ea83667e6f","local_time":"20190825173746","is_ascension_mode":true,"campfire_choices":[{"data":"Bludgeon","floor":6,"key":"SMITH"},{"floor":13,"key":"REST"},{"data":"True Grit","floor":15,"key":"SMITH"},{"data":"Uppercut","floor":23,"key":"SMITH"},{"floor":27,"key":"REST"},{"floor":32,"key":"REST"},{"floor":40,"key":"REST"},{"floor":44,"key":"REST"},{"floor":46,"key":"REST"},{"floor":49,"key":"REST"}],"neow_cost":"NONE","seed_source_timestamp":889220973181800,"circlet_count":0,"master_deck":["AscendersBane","Strike_R","Strike_R","Defend_R","Defend_R","Defend_R","Bash","Bludgeon+1","Uppercut+1","Battle Trance","Cleave","Flame Barrier","Shrug It Off","True Grit+1","Metallicize+1","Seeing Red","Immolate","Thunderclap","Barricade+1","Body Slam+1","Entrench","Corruption+1","Fiend Fire","Shrug It Off+1","Clothesline+1","Inflame+1"],"relics":["Burning Blood","Happy Flower","Centennial Puzzle","Frozen Egg 2","Potion Belt","Velvet Choker","Tiny Chest","Dream Catcher","Red Mask","Empty Cage","Old Coin","Pen Nib","Red Skull","Cauldron"],"potions_floor_usage":[11,16,16,16,16,25,28,33,38,42,42,48,50,50,50,50,50],"damage_taken":[{"damage":7,"enemies":"Small Slimes","floor":1,"turns":3},{"damage":0,"enemies":"2 Louse","floor":2,"turns":3},{"damage":0,"enemies":"Cultist","floor":4,"turns":2},{"damage":31,"enemies":"Gremlin Gang","floor":7,"turns":5},{"damage":6,"enemies":"Looter","floor":8,"turns":3},{"damage":27,"enemies":"3 Sentries","floor":11,"turns":7},{"damage":2,"enemies":"2 Fungi Beasts","floor":12,"turns":4},{"damage":9,"enemies":"Exordium Wildlife","floor":14,"turns":3},{"damage":48,"enemies":"Hexaghost","floor":16,"turns":9},{"damage":3,"enemies":"Spheric Guardian","floor":18,"turns":3},{"damage":8,"enemies":"Shell Parasite","floor":22,"turns":5},{"damage":27,"enemies":"Cultist and Chosen","floor":24,"turns":7},{"damage":8,"enemies":"3 Cultists","floor":25,"turns":4},{"damage":23,"enemies":"Book of Stabbing","floor":28,"turns":5},{"damage":12,"enemies":"Masked Bandits","floor":29,"turns":3},{"damage":16,"enemies":"Snake Plant","floor":31,"turns":3},{"damage":50,"enemies":"Champ","floor":33,"turns":14},{"damage":20,"enemies":"Orb Walker","floor":35,"turns":5},{"damage":29,"enemies":"2 Orb Walkers","floor":37,"turns":4},{"damage":4,"enemies":"3 Darklings","floor":38,"turns":4},{"damage":22,"enemies":"Maw","floor":41,"turns":9},{"damage":3,"enemies":"Nemesis","floor":42,"turns":15},{"damage":36,"enemies":"Spire Growth","floor":45,"turns":6},{"damage":20,"enemies":"Writhing Mass","floor":48,"turns":4},{"damage":82,"enemies":"Time Eater","floor":50,"turns":8}],"seed_played":"-973046273926945930","potions_obtained":[{"floor":1,"key":"Regen Potion"},{"floor":4,"key":"LiquidBronze"},{"floor":12,"key":"Regen Potion"},{"floor":14,"key":"Dexterity Potion"},{"floor":22,"key":"GamblersBrew"},{"floor":25,"key":"Poison Potion"},{"floor":31,"key":"Poison Potion"},{"floor":33,"key":"Dexterity Potion"},{"floor":38,"key":"LiquidBronze"},{"floor":45,"key":"SkillPotion"},{"floor":47,"key":"LiquidBronze"},{"floor":47,"key":"Dexterity Potion"},{"floor":47,"key":"Ancient Potion"},{"floor":48,"key":"Explosive Potion"}],"is_trial":false,"path_per_floor":["M","M","?","M","$","R","M","M","T","?","E","M","R","M","R","B",null,"M","$","?","$","M","R","M","M","T","R","E","?","$","M","R","B",null,"M","$","?","M","?","R","M","E","T","R","M","R","$","M","R","B"],"character_chosen":"IRONCLAD","items_purchased":["Happy Flower","Fire Potion","Thunderclap","Barricade+1","Corruption+1","Swift Potion","Inflame+1","GamblersBrew","Cauldron"],"campfire_rested":7,"item_purchase_floors":[5,5,19,21,30,36,47,47,47],"current_hp_per_floor":[71,77,77,80,80,80,55,55,55,55,49,53,77,74,74,47,72,75,75,75,75,73,73,52,50,50,74,57,51,51,41,65,21,65,51,51,28,30,30,54,38,41,41,65,35,59,59,45,69,0],"gold":125,"neow_bonus":"ONE_RANDOM_RARE_CARD","is_prod":false,"is_daily":false,"chose_seed":false,"campfire_upgraded":3,"win_rate":0,"timestamp":1566722266,"path_taken":["M","M","?","M","$","R","M","M","T","?","E","?","R","?","R","BOSS","M","$","?","$","M","R","M","M","T","R","E","?","?","?","R","BOSS","M","$","?","M","?","R","?","E","T","R","M","R","?","?","R","BOSS"],"build_version":"2019-07-17","purchased_purges":3,"victory":false,"max_hp_per_floor":[80,80,80,80,80,80,80,80,80,80,80,80,80,80,80,80,80,80,80,80,80,80,80,80,80,80,80,80,80,80,80,80,80,80,80,80,80,80,80,80,80,80,80,80,80,80,80,80,80,80],"card_choices":[{"not_picked":["Sever Soul","Cleave"],"picked":"Uppercut","floor":1},{"not_picked":["Blood for Blood","Armaments"],"picked":"Battle Trance","floor":2},{"not_picked":["Clash","Bloodletting"],"picked":"Cleave","floor":4},{"not_picked":["Uppercut","Armaments"],"picked":"Flame Barrier","floor":7},{"not_picked":["Sentinel","Sever Soul"],"picked":"Shrug It Off","floor":8},{"not_picked":["Entrench","Armaments"],"picked":"True Grit","floor":11},{"not_picked":["Shrug It Off","Second Wind"],"picked":"Metallicize+1","floor":12},{"not_picked":["Rupture+1","Dual Wield"],"picked":"Seeing Red","floor":14},{"not_picked":["Impervious","Feed"],"picked":"Immolate","floor":16},{"not_picked":["Seeing Red","Sword Boomerang","Bloodletting+1"],"picked":"SKIP","floor":18},{"not_picked":["Shrug It Off","Thunderclap"],"picked":"Body Slam+1","floor":22},{"not_picked":["Infernal Blade","Perfected Strike","Pummel"],"picked":"SKIP","floor":24},{"not_picked":["Thunderclap","Perfected Strike","Bloodletting"],"picked":"SKIP","floor":25},{"not_picked":["Flame Barrier","Iron Wave"],"picked":"Entrench","floor":28},{"not_picked":["Body Slam+1","Sword Boomerang","Flex"],"picked":"SKIP","floor":31},{"not_picked":["Reaper","Barricade+1"],"picked":"Fiend Fire","floor":33},{"not_picked":["Disarm+1","Rage"],"picked":"Shrug It Off+1","floor":35},{"not_picked":["Dual Wield","Twin Strike","Cleave"],"picked":"SKIP","floor":38},{"not_picked":["Anger","Clash"],"picked":"Clothesline+1","floor":40},{"not_picked":["Pummel+1","Clothesline+1","Reckless Charge"],"picked":"SKIP","floor":41},{"not_picked":["Cleave","Thunderclap","Iron Wave+1"],"picked":"SKIP","floor":42},{"not_picked":["Rampage","Clash+1","Pummel+1"],"picked":"SKIP","floor":45},{"not_picked":["Anger+1","Fire Breathing+1","Armaments+1"],"picked":"SKIP","floor":48}],"player_experience":204920,"relics_obtained":[{"floor":9,"key":"Centennial Puzzle"},{"floor":11,"key":"Potion Belt"},{"floor":26,"key":"Tiny Chest"},{"floor":28,"key":"Dream Catcher"},{"floor":29,"key":"Red Mask"},{"floor":37,"key":"Old Coin"},{"floor":42,"key":"Pen Nib"},{"floor":43,"key":"Red Skull"}],"event_choices":[{"damage_healed":0,"gold_gain":175,"player_choice":"AGREE","damage_taken":0,"max_hp_gain":0,"max_hp_loss":0,"event_name":"Liars Game","floor":3,"gold_loss":0,"cards_obtained":["Doubt"]},{"damage_healed":0,"gold_gain":0,"player_choice":"Paid Gold","damage_taken":0,"relics_obtained":["Frozen Egg 2"],"max_hp_gain":0,"max_hp_loss":0,"event_name":"WeMeetAgain","floor":10,"gold_loss":51},{"damage_healed":0,"gold_gain":0,"player_choice":"Fought Bandits","damage_taken":0,"max_hp_gain":0,"max_hp_loss":0,"event_name":"Masked Bandits","floor":29,"gold_loss":0},{"damage_healed":0,"gold_gain":0,"player_choice":"Fight","damage_taken":0,"max_hp_gain":0,"max_hp_loss":0,"event_name":"Mysterious Sphere","floor":37,"gold_loss":0},{"damage_healed":0,"gold_gain":0,"player_choice":"Leave","damage_taken":0,"max_hp_gain":0,"max_hp_loss":0,"event_name":"FaceTrader","floor":39,"gold_loss":0}],"is_beta":false,"boss_relics":[{"not_picked":["Sozu","Runic Dome"],"picked":"Velvet Choker"},{"not_picked":["Philosopher\u0027s Stone","Calling Bell"],"picked":"Empty Cage"}],"items_purged_floors":[5,30,36],"is_endless":false,"potions_floor_spawned":[1,4,7,12,14,22,25,31,33,38,45,48],"killed_by":"Time Eater","ascension_level":10}