{"gold_per_floor":[118,137,151,161,175,175,194,205,205,205,225,243,243,269,269,368,368,384,402,413,413],"floor_reached":21,"playtime":1426,"items_purged":[],"score":189,"play_id":"1df0f765-292c-4c76-9559-9b78fe6de2f4","local_time":"20190826124142","is_ascension_mode":false,"campfire_choices":[{"data":"Dualcast","floor":6,"key":"SMITH"},{"data":"Chaos","floor":13,"key":"SMITH"},{"floor":15,"key":"REST"}],"neow_cost":"NONE","seed_source_timestamp":833678694595363,"circlet_count":0,"master_deck":["Strike_B","Strike_B","Strike_B","Defend_B","Defend_B","Defend_B","Defend_B","Zap","Dualcast+1","Rainbow","Capacitor","Chaos+1","Reboot","Echo Form","Loop"],"relics":["Cracked Core","FossilizedHelix","White Beast Statue"],"potions_floor_usage":[14,16,20,21,21,21],"damage_taken":[{"damage":0,"enemies":"2 Louse","floor":1,"turns":2},{"damage":0,"enemies":"Small Slimes","floor":2,"turns":3},{"damage":3,"enemies":"Jaw Worm","floor":3,"turns":4},{"damage":6,"enemies":"2 Fungi Beasts","floor":4,"turns":4},{"damage":2,"enemies":"Blue Slaver","floor":5,"turns":4},{"damage":8,"enemies":"Red Slaver","floor":7,"turns":4},{"damage":1,"enemies":"Exordium Wildlife","floor":8,"turns":4},{"damage":7,"enemies":"Blue Slaver","floor":11,"turns":5},{"damage":18,"enemies":"Large Slime","floor":12,"turns":7},{"damage":16,"enemies":"Gremlin Nob","floor":14,"turns":4},{"damage":28,"enemies":"Slime Boss","floor":16,"turns":11},{"damage":27,"enemies":"Shell Parasite","floor":18,"turns":6},{"damage":27,"enemies":"Spheric Guardian","floor":19,"turns":6},{"damage":14,"enemies":"Snake Plant","floor":20,"turns":4},{"damage":10,"enemies":"Centurion and Healer","floor":21,"turns":3}],"seed_played":"6118505124087553883","potions_obtained":[{"floor":1,"key":"Poison Potion"},{"floor":4,"key":"GamblersBrew"},{"floor":14,"key":"Regen Potion"},{"floor":16,"key":"Explosive Potion"},{"floor":18,"key":"SpeedPotion"},{"floor":19,"key":"Block Potion"},{"floor":20,"key":"Swift Potion"}],"is_trial":false,"path_per_floor":["M","M","M","M","M","R","M","M","T","?","M","M","R","E","R","B",null,"M","M","M","M"],"character_chosen":"DEFECT","items_purchased":[],"campfire_rested":1,"item_purchase_floors":[],"current_hp_per_floor":[75,75,72,66,64,64,56,55,55,48,41,23,23,7,29,16,75,48,21,7,0],"gold":413,"neow_bonus":"ONE_RANDOM_RARE_CARD","is_prod":false,"is_daily":false,"chose_seed":false,"campfire_upgraded":2,"win_rate":0,"timestamp":1566790902,"path_taken":["M","M","M","M","M","R","M","M","T","?","M","M","R","E","R","BOSS","M","M","M","M"],"build_version":"2019-07-05","purchased_purges":0,"victory":false,"max_hp_per_floor":[75,75,75,75,75,75,75,75,75,75,75,75,75,75,75,75,75,75,75,75,75],"card_choices":[{"not_picked":["Aggregate","Leap","Steam"],"picked":"SKIP","floor":1},{"not_picked":["Coolheaded","Steam","Ball Lightning"],"picked":"SKIP","floor":2},{"not_picked":["Sweeping Beam","Cold Snap","Hello World"],"picked":"SKIP","floor":3},{"not_picked":["Glacier","Hologram"],"picked":"Capacitor","floor":4},{"not_picked":["Aggregate","Reprogram","Tempest"],"picked":"SKIP","floor":5},{"not_picked":["Gash","Steam"],"picked":"Chaos","floor":7},{"not_picked":["Gash","Undo","Steam"],"picked":"SKIP","floor":8},{"not_picked":["Gash","BootSequence"],"picked":"Reboot","floor":11},{"not_picked":["Chill","Streamline","Undo"],"picked":"SKIP","floor":12},{"not_picked":["Coolheaded","Hologram","Tempest"],"picked":"SKIP","floor":14},{"not_picked":["Rainbow","Thunder Strike"],"picked":"Echo Form","floor":16},{"not_picked":["Leap","Turbo+1"],"picked":"Loop","floor":18},{"not_picked":["Sunder","Chill","Sweeping Beam"],"picked":"SKIP","floor":19},{"not_picked":["Chill","Reprogram+1","Hologram"],"picked":"SKIP","floor":20}],"player_experience":599910,"relics_obtained":[{"floor":14,"key":"FossilizedHelix"}],"event_choices":[{"cards_removed":["Strike_B"],"damage_healed":0,"gold_gain":0,"player_choice":"Card Removal","damage_taken":7,"max_hp_gain":0,"max_hp_loss":0,"event_name":"Golden Wing","floor":10,"gold_loss":0}],"is_beta":false,"boss_relics":[{"not_picked":["Lizard Tail","Runic Pyramid"],"picked":"White Beast Statue"}],"items_purged_floors":[],"is_endless":false,"potions_floor_spawned":[1,4,14,16,18,19,20],"killed_by":"Centurion and Healer","ascension_level":0}