{"gold_per_floor":[112,38,51,65,115,144,144,154,154,168,201,201,217,230,230,307,307,307,227,227,227,227,227,227],"floor_reached":24,"playtime":1201,"items_purged":[],"score":420,"play_id":"7160e0e2-6974-4de9-b066-fa89c465e486","local_time":"20190830151305","is_ascension_mode":true,"campfire_choices":[{"floor":7,"key":"REST"},{"data":"Whirlwind","floor":12,"key":"SMITH"},{"data":"1","floor":15,"key":"LIFT"},{"floor":23,"key":"REST"}],"neow_cost":"TEN_PERCENT_HP_LOSS","seed_source_timestamp":61711793927800,"circlet_count":0,"master_deck":["AscendersBane","Strike_R","Strike_R","Strike_R","Strike_R","Strike_R","Defend_R","Defend_R","Defend_R","Defend_R","Bash","Reaper","Cleave","Feed","Inflame","Cleave","Anger","Whirlwind+1","Demon Form","Headbutt","Shrug It Off","Fiend Fire","Flame Barrier","Heavy Blade","Writhe"],"relics":["Burning Blood","Gremlin Horn","Girya","Incense Burner","Ectoplasm","Red Skull"],"potions_floor_usage":[6,11,13,16,22],"damage_taken":[{"damage":9,"enemies":"Jaw Worm","floor":1,"turns":5},{"damage":1,"enemies":"Cultist","floor":3,"turns":3},{"damage":7,"enemies":"Small Slimes","floor":4,"turns":3},{"damage":59,"enemies":"Gremlin Nob","floor":6,"turns":5},{"damage":12,"enemies":"2 Fungi Beasts","floor":8,"turns":2},{"damage":16,"enemies":"3 Louse","floor":10,"turns":3},{"damage":28,"enemies":"3 Sentries","floor":11,"turns":5},{"damage":21,"enemies":"Exordium Thugs","floor":13,"turns":3},{"damage":7,"enemies":"Looter","floor":14,"turns":3},{"damage":26,"enemies":"Hexaghost","floor":16,"turns":7},{"damage":15,"enemies":"3 Byrds","floor":18,"turns":3},{"damage":14,"enemies":"2 Thieves","floor":19,"turns":3},{"damage":46,"enemies":"Snecko","floor":22,"turns":5},{"damage":42,"enemies":"Slavers","floor":24,"turns":3}],"seed_played":"-6336042425941920403","potions_obtained":[{"floor":3,"key":"GamblersBrew"},{"floor":8,"key":"Weak Potion"},{"floor":10,"key":"Block Potion"},{"floor":13,"key":"Energy Potion"},{"floor":19,"key":"Ancient Potion"}],"is_trial":false,"path_per_floor":["M","$","M","M","?","E","R","M","T","M","E","R","M","M","R","B",null,"M","M","?","?","M","R","E"],"character_chosen":"IRONCLAD","items_purchased":["Feed"],"campfire_rested":2,"item_purchase_floors":[2],"current_hp_per_floor":[65,65,68,70,63,11,32,37,37,39,32,32,28,27,27,7,62,53,55,55,55,18,42,0],"gold":227,"neow_bonus":"THREE_RARE_CARDS","is_prod":false,"is_daily":false,"chose_seed":false,"campfire_upgraded":1,"win_rate":0,"timestamp":1567192385,"path_taken":["M","$","M","M","?","E","R","M","T","M","E","R","?","M","R","BOSS","M","M","?","?","M","R","E"],"build_version":"2019-07-17","purchased_purges":0,"victory":false,"max_hp_per_floor":[68,68,68,71,71,71,71,74,74,74,77,77,80,80,80,80,80,80,80,80,80,83,83,83],"card_choices":[{"not_picked":["Berserk","Exhume"],"picked":"Reaper","floor":0},{"not_picked":["Pommel Strike","True Grit"],"picked":"Cleave","floor":1},{"not_picked":["Evolve","Reaper"],"picked":"Inflame","floor":3},{"not_picked":["Thunderclap","Infernal Blade"],"picked":"Cleave","floor":4},{"not_picked":["Rampage","Sentinel"],"picked":"Anger","floor":6},{"not_picked":["Combust","Seeing Red"],"picked":"Whirlwind","floor":8},{"not_picked":["Sword Boomerang","Whirlwind"],"picked":"Demon Form","floor":10},{"not_picked":["Dual Wield","Clash","Second Wind"],"picked":"SKIP","floor":11},{"not_picked":["Evolve","Blood for Blood"],"picked":"Headbutt","floor":13},{"not_picked":["Wild Strike","Cleave"],"picked":"Shrug It Off","floor":14},{"not_picked":["Bludgeon","Demon Form"],"picked":"Fiend Fire","floor":16},{"not_picked":["Searing Blow","Anger","Cleave"],"picked":"SKIP","floor":18},{"not_picked":["Sword Boomerang+1","Searing Blow"],"picked":"Flame Barrier","floor":19},{"not_picked":["Body Slam","Twin Strike","Perfected Strike"],"picked":"SKIP","floor":22}],"player_experience":204443,"relics_obtained":[{"floor":6,"key":"Gremlin Horn"},{"floor":9,"key":"Girya"},{"floor":11,"key":"Incense Burner"}],"event_choices":[{"damage_healed":0,"gold_gain":50,"player_choice":"Touch","damage_taken":7,"max_hp_gain":0,"max_hp_loss":0,"event_name":"FaceTrader","floor":5,"gold_loss":0},{"damage_healed":0,"gold_gain":0,"player_choice":"Read","damage_taken":0,"max_hp_gain":0,"max_hp_loss":0,"event_name":"The Library","floor":20,"gold_loss":0,"cards_obtained":["Heavy Blade"]},{"damage_healed":0,"gold_gain":0,"player_choice":"Opened","damage_taken":0,"relics_obtained":["Red Skull"],"max_hp_gain":0,"max_hp_loss":0,"event_name":"The Mausoleum","floor":21,"gold_loss":0,"cards_obtained":["Writhe"]}],"is_beta":false,"boss_relics":[{"not_picked":["White Beast Statue","Astrolabe"],"picked":"Ectoplasm"}],"items_purged_floors":[],"is_endless":false,"potions_floor_spawned":[3,8,10,13,19],"killed_by":"Slavers","ascension_level":20}