{"gold_per_floor":[214,231,36,46,56,56,56,56,56,72,90,90,105,120,120,225,225,243,243,143,162,162,162,37,53,53,53,83,83,99,131,131,131],"floor_reached":33,"playtime":1604,"items_purged":["Strike_R","Strike_R","Strike_R"],"score":377,"play_id":"2d315e7f-a77f-46b0-8547-a87b319d6ee8","local_time":"20190104184311","is_ascension_mode":true,"campfire_choices":[{"data":"Pommel Strike","floor":6,"key":"SMITH"},{"data":"Shrug It Off","floor":8,"key":"SMITH"},{"data":"Whirlwind","floor":12,"key":"SMITH"},{"data":"Inflame","floor":15,"key":"SMITH"},{"data":"True Grit","floor":23,"key":"SMITH"},{"floor":27,"key":"REST"},{"floor":29,"key":"REST"},{"floor":32,"key":"REST"}],"neow_cost":"NONE","seed_source_timestamp":464763045766260,"circlet_count":0,"master_deck":["Strike_R","Strike_R","Defend_R","Defend_R","Defend_R","Defend_R","Bash","Pommel Strike+1","Thunderclap+1","Shrug It Off+1","Battle Trance","Ghostly Armor","Headbutt","Whirlwind+1","Inflame+1","Double Tap","Spot Weakness","True Grit+1","True Grit+1","Whirlwind+1","Uppercut","Intimidate","Battle Trance"],"relics":["Burning Blood","Darkstone Periapt","Mark of Pain","Question Card","Thread and Needle","WingedGreaves"],"potions_floor_usage":[25,28,31,31],"damage_taken":[{"damage":6,"enemies":"Cultist","floor":1,"turns":3},{"damage":12,"enemies":"Small Slimes","floor":2,"turns":3},{"damage":0,"enemies":"2 Louse","floor":4,"turns":2},{"damage":10,"enemies":"Looter","floor":5,"turns":4},{"damage":5,"enemies":"Gremlin Gang","floor":10,"turns":4},{"damage":6,"enemies":"3 Louse","floor":11,"turns":3},{"damage":0,"enemies":"Lots of Slimes","floor":13,"turns":1},{"damage":0,"enemies":"2 Fungi Beasts","floor":14,"turns":2},{"damage":39,"enemies":"The Guardian","floor":16,"turns":11},{"damage":18,"enemies":"2 Thieves","floor":18,"turns":4},{"damage":2,"enemies":"Chosen","floor":21,"turns":3},{"damage":9,"enemies":"Snecko","floor":25,"turns":8},{"damage":40,"enemies":"Book of Stabbing","floor":28,"turns":5},{"damage":22,"enemies":"Snake Plant","floor":30,"turns":5},{"damage":26,"enemies":"Slavers","floor":31,"turns":4},{"damage":70,"enemies":"Collector","floor":33,"turns":6}],"seed_played":"-3961505412440083541","potions_obtained":[{"floor":1,"key":"Swift Potion"},{"floor":2,"key":"FearPotion"},{"floor":5,"key":"Strength Potion"},{"floor":16,"key":"EssenceOfSteel"},{"floor":21,"key":"Weak Potion"},{"floor":25,"key":"Energy Potion"}],"is_trial":false,"path_per_floor":["M","M","$","M","M","R","?","R","T","M","M","R","M","M","R","B",null,"M","?","$","M","?","R","$","M","T","R","E","R","M","E","R","B"],"character_chosen":"IRONCLAD","items_purchased":["Shrug It Off","Battle Trance"],"campfire_rested":3,"item_purchase_floors":[3,3],"current_hp_per_floor":[72,66,66,72,68,68,68,68,68,69,69,69,75,80,80,47,72,60,60,60,64,64,64,64,61,61,80,46,70,54,34,58,0],"gold":131,"neow_bonus":"HUNDRED_GOLD","is_prod":false,"is_daily":false,"chose_seed":false,"campfire_upgraded":5,"win_rate":0,"timestamp":1546594991,"path_taken":["M","M","$","M","?","R","?","R","T","M","M","R","?","M","R","BOSS","M","?","$","M","?","R","$","?","T","R","E","R","M","E","R","BOSS"],"build_version":"2019-01-03v3","purchased_purges":3,"victory":false,"max_hp_per_floor":[80,80,80,80,80,80,80,80,80,80,80,80,80,80,80,80,80,80,80,80,80,80,80,80,80,80,80,80,80,80,80,80,80],"card_choices":[{"not_picked":["Disarm","Intimidate"],"picked":"Pommel Strike","floor":1},{"not_picked":["Headbutt","Wild Strike"],"picked":"Thunderclap","floor":2},{"not_picked":["Flame Barrier","Rampage"],"picked":"Ghostly Armor","floor":4},{"not_picked":["Thunderclap","Clash","Twin Strike"],"picked":"SKIP","floor":5},{"not_picked":["Dropkick","Heavy Blade"],"picked":"Headbutt","floor":10},{"not_picked":["Second Wind","Cleave"],"picked":"Whirlwind","floor":11},{"not_picked":["Iron Wave","Bloodletting","Power Through"],"picked":"SKIP","floor":13},{"not_picked":["Sword Boomerang","Burning Pact"],"picked":"Inflame","floor":14},{"not_picked":["Berserk","Juggernaut"],"picked":"Double Tap","floor":16},{"not_picked":["Sentinel","Power Through"],"picked":"Spot Weakness","floor":18},{"not_picked":["Ghostly Armor","Flex"],"picked":"True Grit+1","floor":21},{"not_picked":["Rampage+1","Infernal Blade","Armaments"],"picked":"SKIP","floor":25},{"not_picked":["Pummel+1","Clash","Entrench"],"picked":"Uppercut","floor":28},{"not_picked":["Perfected Strike+1","Twin Strike+1","Armaments"],"picked":"Intimidate","floor":30},{"not_picked":["Clash","True Grit","Twin Strike"],"picked":"Battle Trance","floor":31}],"player_experience":150616,"relics_obtained":[{"floor":9,"key":"Darkstone Periapt"},{"floor":26,"key":"Question Card"},{"floor":28,"key":"Thread and Needle"},{"floor":31,"key":"WingedGreaves"}],"event_choices":[{"damage_healed":0,"gold_gain":0,"player_choice":"Forge","damage_taken":0,"max_hp_gain":0,"max_hp_loss":0,"event_name":"Accursed Blacksmith","floor":7,"gold_loss":0,"cards_upgraded":["Thunderclap"]},{"damage_healed":0,"gold_gain":0,"player_choice":"Read","damage_taken":0,"max_hp_gain":0,"max_hp_loss":0,"event_name":"The Library","floor":19,"gold_loss":0,"cards_obtained":["True Grit"]},{"damage_healed":0,"gold_gain":0,"player_choice":"Copied","damage_taken":0,"max_hp_gain":0,"max_hp_loss":0,"event_name":"Duplicator","floor":22,"gold_loss":0,"cards_obtained":["Whirlwind"]}],"is_beta":false,"boss_relics":[{"not_picked":["Lizard Tail","Ectoplasm"],"picked":"Mark of Pain"}],"items_purged_floors":[3,20,24],"is_endless":false,"potions_floor_spawned":[1,2,5,16,21,25],"killed_by":"Collector","ascension_level":7}