{"gold_per_floor":[111,121,121,121,4,33,49,81,81,6,24,24,39,55,55,154,154,169,94,94,114,0,17,17],"floor_reached":24,"playtime":1304,"items_purged":["Writhe"],"score":302,"play_id":"2cb7a520-8ca9-43b0-ad16-9266fb8971a8","local_time":"20190825120019","is_ascension_mode":true,"campfire_choices":[{"floor":15.0,"key":"REST"}],"neow_cost":"CURSE","seed_source_timestamp":0,"circlet_count":0,"master_deck":["Strike_R","Strike_R","Defend_R","Defend_R","Defend_R","Bash","Armaments","Cleave","Flex","Evolve","Wild Strike","Heavy Blade","Wild Strike","Feed","Rage","Limit Break","Heavy Blade+1","Pommel Strike+1"],"special_seed":0,"relics":["Burning Blood","Ginger","Girya","Gambling Chip","Charon\u0027s Ashes","Empty Cage"],"potions_floor_usage":[21],"damage_taken":[{"damage":1.0,"enemies":"Cultist","floor":1.0,"turns":4.0},{"damage":4.0,"enemies":"Jaw Worm","floor":2.0,"turns":6.0},{"damage":35.0,"enemies":"3 Sentries","floor":6.0,"turns":7.0},{"damage":0.0,"enemies":"Small Slimes","floor":7.0,"turns":3.0},{"damage":55.0,"enemies":"Lagavulin","floor":8.0,"turns":6.0},{"damage":15.0,"enemies":"Gremlin Gang","floor":11.0,"turns":4.0},{"damage":14.0,"enemies":"Red Slaver","floor":13.0,"turns":2.0},{"damage":0.0,"enemies":"2 Fungi Beasts","floor":14.0,"turns":2.0},{"damage":51.0,"enemies":"Slime Boss","floor":16.0,"turns":8.0},{"damage":25,"enemies":"Chosen","floor":18,"turns":5},{"damage":28,"enemies":"2 Thieves","floor":21,"turns":4},{"damage":15,"enemies":"Snake Plant","floor":23,"turns":4},{"damage":0,"enemies":"Sentry and Sphere","floor":24,"turns":1}],"seed_played":"-2763588189528997121","potions_obtained":[{"floor":6.0,"key":"SteroidPotion"},{"floor":8.0,"key":"BloodPotion"},{"floor":13.0,"key":"GamblersBrew"},{"floor":14.0,"key":"Regen Potion"},{"floor":16.0,"key":"Fire Potion"},{"floor":23,"key":"SpeedPotion"}],"is_trial":false,"path_per_floor":["M","M","?","?","$","E","M","E","T","$","M","$","M","M","R","B",null,"M","?","T","M","?","M","M"],"character_chosen":"IRONCLAD","items_purchased":["Evolve","Wild Strike"],"campfire_rested":1,"item_purchase_floors":[5,5],"current_hp_per_floor":[77,79,79,79,79,50,56,7,7,7,22,22,18,27,54,24,74,55,55,55,36,36,27,27],"gold":17,"neow_bonus":"ONE_RARE_RELIC","is_prod":false,"is_daily":false,"chose_seed":false,"campfire_upgraded":0,"win_rate":0,"timestamp":1566759619,"path_taken":["M","?","?","?","$","E","M","E","T","$","?","?","M","M","R","BOSS","M","?","?","M","?","M","M"],"build_version":"2019-07-17","purchased_purges":1,"victory":false,"max_hp_per_floor":[80,80,80,80,80,80,80,80,80,80,84,84,88,91,91,91,91,91,91,91,94,94,94,94],"card_choices":[{"not_picked":["Pommel Strike","Clothesline"],"picked":"Armaments","floor":1.0},{"not_picked":["Clash","True Grit"],"picked":"Cleave","floor":2.0},{"not_picked":["Iron Wave","Thunderclap"],"picked":"Heavy Blade","floor":6.0},{"not_picked":["Intimidate","Carnage"],"picked":"Wild Strike","floor":7.0},{"not_picked":["Sword Boomerang","Headbutt"],"picked":"Feed","floor":8.0},{"not_picked":["Evolve","True Grit","Body Slam"],"picked":"SKIP","floor":11.0},{"not_picked":["Armaments","Perfected Strike"],"picked":"Rage","floor":13.0},{"not_picked":["Body Slam","Armaments","Perfected Strike"],"picked":"SKIP","floor":14.0},{"not_picked":["Double Tap","Exhume"],"picked":"Limit Break","floor":16.0},{"not_picked":["Sever Soul","Flex","True Grit"],"picked":"SKIP","floor":18},{"not_picked":["Headbutt","Pummel"],"picked":"Heavy Blade+1","floor":21},{"not_picked":["Whirlwind","Perfected Strike"],"picked":"Pommel Strike+1","floor":23}],"player_experience":164851,"relics_obtained":[{"floor":6.0,"key":"Girya"},{"floor":8.0,"key":"Gambling Chip"},{"floor":9.0,"key":"Charon\u0027s Ashes"}],"event_choices":[{"damage_healed":0.0,"max_hp_gain":0.0,"max_hp_loss":0.0,"gold_gain":0.0,"cards_transformed":["Defend_R"],"event_name":"Living Wall","player_choice":"Change","floor":3.0,"gold_loss":0.0,"damage_taken":0.0,"cards_obtained":["Flex"]},{"damage_healed":0.0,"max_hp_gain":0.0,"max_hp_loss":0.0,"gold_gain":0.0,"event_name":"The Woman in Blue","player_choice":"Bought 0 Potions","floor":4.0,"gold_loss":0.0,"damage_taken":0.0},{"cards_removed":["Strike_R"],"damage_healed":0,"gold_gain":0,"player_choice":"Gave Gold","damage_taken":0,"max_hp_gain":0,"max_hp_loss":0,"event_name":"Beggar","floor":19,"gold_loss":75},{"damage_healed":0,"gold_gain":0,"player_choice":"Paid Fearfully","damage_taken":0,"max_hp_gain":0,"max_hp_loss":0,"event_name":"Masked Bandits","floor":22,"gold_loss":114}],"is_beta":false,"boss_relics":[{"not_picked":["Runic Dome","Philosopher\u0027s Stone"],"picked":"Empty Cage"}],"items_purged_floors":[10],"is_endless":false,"potions_floor_spawned":[6,8,13,14,16,23],"killed_by":"Sentry and Sphere","ascension_level":9}