{"gold_per_floor":[363,41,51,51,64,95,95,124,124,147,147,165,177,203,203,305,305,317,330,347,347,360,391,407,407,407,407,322,354,279,289,289,387,387,402,362,380,391,143,173,173,183,183,197,32,32,66,76,76,76,76,76,31,64,64],"floor_reached":55,"playtime":5279,"items_purged":["Brutality","Anger","Defend_R"],"score":1155,"play_id":"f94652b4-4b5a-458e-b395-d6835a5884b8","local_time":"20190803183950","is_ascension_mode":true,"campfire_choices":[{"floor":7.0,"key":"REST"},{"floor":11.0,"key":"REST"},{"floor":15.0,"key":"REST"},{"data":"Double Tap","floor":25.0,"key":"SMITH"},{"data":"Double Tap","floor":27.0,"key":"SMITH"},{"floor":32.0,"key":"REST"},{"data":"Demon Form","floor":41.0,"key":"SMITH"},{"floor":46.0,"key":"RECALL"},{"data":"Armaments","floor":49.0,"key":"SMITH"},{"floor":52,"key":"REST"}],"neow_cost":"PERCENT_DAMAGE","seed_source_timestamp":85749340251056,"circlet_count":0,"master_deck":["Strike_R+1","Strike_R","Strike_R","Strike_R+1","Strike_R","Defend_R","Defend_R","Bash","Seeing Red","Carnage","Shockwave","True Grit","Armaments+1","Inflame","Rage","Flame Barrier","Havoc","Iron Wave","Havoc","Double Tap+1","Clothesline","Sever Soul","Ghostly Armor","Double Tap+1","Searing Blow+1","Uppercut+1","Heavy Blade","Thunderclap+1","Barricade","Dual Wield+1","Demon Form+1","Armaments","Juggernaut","Heavy Blade+1","Armaments+1","Metallicize+1","Pummel+1","Whirlwind","Feel No Pain+1","Juggernaut","Shrug It Off+1","Iron Wave","Power Through+1"],"special_seed":0,"relics":["Burning Blood","Kunai","Dream Catcher","Bottled Tornado","Pen Nib","Whetstone","Blood Vial","Snecko Eye","Potion Belt","Du-Vu Doll","Bag of Preparation","Matryoshka","Philosopher\u0027s Stone","Bag of Marbles","Art of War","Happy Flower","Oddly Smooth Stone","Torii"],"potions_floor_usage":[50,50,50,50,55],"damage_taken":[{"damage":6.0,"enemies":"Jaw Worm","floor":1.0,"turns":5.0},{"damage":6.0,"enemies":"Cultist","floor":3.0,"turns":4.0},{"damage":6.0,"enemies":"2 Louse","floor":5.0,"turns":3.0},{"damage":33.0,"enemies":"3 Sentries","floor":6.0,"turns":9.0},{"damage":34.0,"enemies":"Gremlin Nob","floor":8.0,"turns":4.0},{"damage":12.0,"enemies":"Red Slaver","floor":12.0,"turns":4.0},{"damage":4.0,"enemies":"3 Louse","floor":13.0,"turns":4.0},{"damage":31.0,"enemies":"3 Sentries","floor":14.0,"turns":8.0},{"damage":6.0,"enemies":"Hexaghost","floor":16.0,"turns":8.0},{"damage":24.0,"enemies":"2 Thieves","floor":18.0,"turns":5.0},{"damage":0.0,"enemies":"Shell Parasite","floor":19.0,"turns":2.0},{"damage":13.0,"enemies":"Snake Plant","floor":20.0,"turns":2.0},{"damage":11.0,"enemies":"Snecko","floor":22.0,"turns":4.0},{"damage":39.0,"enemies":"Book of Stabbing","floor":23.0,"turns":6.0},{"damage":8.0,"enemies":"3 Cultists","floor":24.0,"turns":5.0},{"damage":20.0,"enemies":"Slavers","floor":29.0,"turns":4.0},{"damage":19.0,"enemies":"Snake Plant","floor":31.0,"turns":2.0},{"damage":50.0,"enemies":"Automaton","floor":33.0,"turns":8.0},{"damage":4.0,"enemies":"3 Darklings","floor":35.0,"turns":2.0},{"damage":9.0,"enemies":"3 Shapes","floor":37.0,"turns":4.0},{"damage":9.0,"enemies":"Spire Growth","floor":38.0,"turns":3.0},{"damage":16.0,"enemies":"Giant Head","floor":40.0,"turns":6.0},{"damage":21.0,"enemies":"Jaw Worm Horde","floor":42.0,"turns":3.0},{"damage":0.0,"enemies":"Transient","floor":44.0,"turns":5.0},{"damage":0.0,"enemies":"Nemesis","floor":47.0,"turns":7.0},{"damage":4.0,"enemies":"4 Shapes","floor":48.0,"turns":4.0},{"damage":66,"enemies":"Awakened One","floor":50,"turns":11},{"damage":63,"enemies":"Shield and Spear","floor":54,"turns":6},{"damage":32,"enemies":"The Heart","floor":55,"turns":2}],"seed_played":"526679121652026348","potions_obtained":[{"floor":3.0,"key":"AttackPotion"},{"floor":5.0,"key":"AttackPotion"},{"floor":8.0,"key":"LiquidBronze"},{"floor":12.0,"key":"LiquidBronze"},{"floor":16.0,"key":"LiquidBronze"},{"floor":19.0,"key":"Swift Potion"},{"floor":20.0,"key":"Regen Potion"},{"floor":22.0,"key":"Regen Potion"},{"floor":24.0,"key":"PowerPotion"},{"floor":31.0,"key":"Block Potion"},{"floor":36.0,"key":"Poison Potion"},{"floor":36.0,"key":"SkillPotion"},{"floor":36.0,"key":"SneckoOil"},{"floor":40.0,"key":"FearPotion"},{"floor":48.0,"key":"SpeedPotion"},{"floor":54,"key":"SkillPotion"}],"is_trial":false,"path_per_floor":["M","$","M","?","M","E","R","E","T","T","R","M","M","E","R","B",null,"M","M","M","?","M","E","M","R","T","R","?","E","$","M","R","B",null,"M","?","M","M","$","E","R","M","T","M","$","R","E","M","R","B",null,"R","$","E","B"],"character_chosen":"IRONCLAD","items_purchased":["Kunai","Carnage","Bag of Marbles","Whirlwind","Iron Wave"],"campfire_rested":5,"item_purchase_floors":[2,2,39,45,53],"current_hp_per_floor":[51,51,51,51,51,24,48,20,20,20,44,38,40,15,39,41,70,54,62,57,57,54,63,63,63,63,63,63,51,51,40,64,22,66,70,70,69,68,68,60,60,47,47,55,55,55,63,67,67,9,62,80,80,23,0],"gold":64,"neow_bonus":"TWO_FIFTY_GOLD","is_prod":false,"is_daily":false,"chose_seed":false,"campfire_upgraded":4,"win_rate":0,"timestamp":1564871990,"path_taken":["M","$","M","?","M","E","R","E","T","?","R","M","M","E","R","BOSS","M","M","M","?","?","E","M","R","T","R","?","E","$","M","R","BOSS","M","?","?","M","$","E","R","M","T","M","$","R","E","M","R","BOSS","R","$","E","BOSS"],"build_version":"2019-07-17","purchased_purges":3,"victory":false,"max_hp_per_floor":[80,80,80,80,80,80,80,80,80,80,80,80,80,80,80,80,80,80,80,80,80,80,80,80,80,80,80,80,80,80,80,80,80,80,80,80,80,80,80,80,80,80,80,80,80,80,80,80,80,80,80,80,80,80,80],"card_choices":[{"not_picked":["Flex","Bloodletting"],"picked":"Seeing Red","floor":1.0},{"not_picked":["Hemokinesis","Blood for Blood"],"picked":"Shockwave","floor":3.0},{"not_picked":["Thunderclap","Clothesline"],"picked":"True Grit","floor":5.0},{"not_picked":["Searing Blow","True Grit"],"picked":"Armaments","floor":6.0},{"not_picked":["Entrench","Shockwave"],"picked":"Inflame","floor":7.0},{"not_picked":["Body Slam","Flex"],"picked":"Rage","floor":8.0},{"not_picked":["Cleave","Evolve"],"picked":"Flame Barrier","floor":11.0},{"not_picked":["Evolve","Spot Weakness"],"picked":"Havoc","floor":12.0},{"not_picked":["Perfected Strike","Warcry"],"picked":"Anger","floor":13.0},{"not_picked":["Headbutt","Shrug It Off"],"picked":"Iron Wave","floor":14.0},{"not_picked":["Armaments","Combust"],"picked":"Havoc","floor":15.0},{"not_picked":["Fiend Fire","Limit Break"],"picked":"Double Tap","floor":16.0},{"not_picked":["True Grit","Warcry"],"picked":"Clothesline","floor":18.0},{"not_picked":["Pommel Strike","Havoc"],"picked":"Sever Soul","floor":19.0},{"not_picked":["Reckless Charge","Thunderclap"],"picked":"Ghostly Armor","floor":20.0},{"not_picked":["Hemokinesis","Armaments"],"picked":"Searing Blow+1","floor":22.0},{"not_picked":["Rampage+1","Disarm"],"picked":"Uppercut+1","floor":23.0},{"not_picked":["Clothesline","Sentinel"],"picked":"Heavy Blade","floor":24.0},{"not_picked":["Anger","Infernal Blade"],"picked":"Thunderclap+1","floor":29.0},{"not_picked":["Perfected Strike+1","Pommel Strike"],"picked":"Barricade","floor":31.0},{"not_picked":["Whirlwind","Headbutt+1"],"picked":"Dual Wield+1","floor":32.0},{"not_picked":["Impervious","Feed"],"picked":"Demon Form","floor":33.0},{"not_picked":["Pommel Strike","Body Slam"],"picked":"Armaments","floor":35.0},{"not_picked":["Shrug It Off+1","Metallicize"],"picked":"Juggernaut","floor":37.0},{"not_picked":["Thunderclap","Wild Strike+1"],"picked":"Heavy Blade+1","floor":38.0},{"not_picked":["Evolve+1","Disarm"],"picked":"Armaments+1","floor":40.0},{"not_picked":["Whirlwind+1","Shrug It Off+1"],"picked":"Metallicize+1","floor":42.0},{"not_picked":["Uppercut+1","Thunderclap+1"],"picked":"Pummel+1","floor":44.0},{"not_picked":["Body Slam","Combust+1"],"picked":"Feel No Pain+1","floor":47.0},{"not_picked":["Shrug It Off+1","Headbutt"],"picked":"Juggernaut","floor":48.0},{"not_picked":["Clash","Wild Strike"],"picked":"Shrug It Off+1","floor":52},{"not_picked":["Whirlwind","Pommel Strike"],"picked":"Power Through+1","floor":54}],"player_experience":343674,"relics_obtained":[{"floor":6.0,"key":"Dream Catcher"},{"floor":8.0,"key":"Bottled Tornado"},{"floor":9.0,"key":"Pen Nib"},{"floor":10.0,"key":"Whetstone"},{"floor":14.0,"key":"Blood Vial"},{"floor":23.0,"key":"Potion Belt"},{"floor":26.0,"key":"Du-Vu Doll"},{"floor":29.0,"key":"Matryoshka"},{"floor":40.0,"key":"Art of War"},{"floor":43.0,"key":"Happy Flower"},{"floor":47.0,"key":"Oddly Smooth Stone"},{"floor":54,"key":"Torii"}],"event_choices":[{"damage_healed":0.0,"max_hp_gain":0.0,"max_hp_loss":0.0,"gold_gain":0.0,"cards_transformed":["Defend_R"],"event_name":"Living Wall","player_choice":"Change","floor":4.0,"gold_loss":0.0,"damage_taken":0.0,"cards_obtained":["Brutality"]},{"damage_healed":0.0,"max_hp_gain":0.0,"max_hp_loss":0.0,"gold_gain":0.0,"event_name":"Duplicator","player_choice":"Copied","floor":21.0,"gold_loss":0.0,"damage_taken":0.0,"cards_obtained":["Double Tap"]},{"damage_healed":0.0,"max_hp_gain":0.0,"max_hp_loss":0.0,"gold_gain":0.0,"event_name":"Addict","player_choice":"Obtained Relic","floor":28.0,"gold_loss":85.0,"damage_taken":0.0,"relics_obtained":["Bag of Preparation"]},{"damage_healed":0.0,"max_hp_gain":0.0,"max_hp_loss":0.0,"gold_gain":0.0,"event_name":"The Woman in Blue","player_choice":"Bought 3 Potions","floor":36.0,"gold_loss":0.0,"damage_taken":0.0}],"is_beta":false,"boss_relics":[{"not_picked":["Empty Cage","Busted Crown"],"picked":"Snecko Eye"},{"not_picked":["White Beast Statue","Black Blood"],"picked":"Philosopher\u0027s Stone"}],"items_purged_floors":[30,39,45],"is_endless":false,"potions_floor_spawned":[3,5,8,12,16,19,20,22,24,31,40,48,54],"killed_by":"The Heart","ascension_level":8}