{"gold_per_floor":[117,137,149,48,66,66,100,118,118,130,146,208,222,234,234,234],"floor_reached":16,"playtime":1303,"items_purged":["Brutality"],"score":108,"play_id":"f47fd96f-fbb3-423c-92f1-1bc8d755a61b","local_time":"20190820223310","is_ascension_mode":false,"campfire_choices":[{"floor":6,"key":"REST"},{"floor":15,"key":"REST"}],"neow_cost":"PERCENT_DAMAGE","seed_source_timestamp":192224048486242,"circlet_count":0,"master_deck":["Strike_R","Strike_R","Strike_R","Strike_R","Strike_R","Defend_R","Defend_R","Defend_R","Iron Wave","Reckless Charge","Ghostly Armor","Clash","Clothesline","Heavy Blade","Cleave","Flex","Anger","Flex","Anger","Flex+1","Anger"],"relics":["Burning Blood","Ice Cream","Gremlin Horn","Toxic Egg 2"],"potions_floor_usage":[7,8,10,16],"damage_taken":[{"damage":2,"enemies":"Small Slimes","floor":1,"turns":3},{"damage":5,"enemies":"Jaw Worm","floor":2,"turns":4},{"damage":5,"enemies":"2 Louse","floor":3,"turns":3},{"damage":4,"enemies":"2 Fungi Beasts","floor":5,"turns":3},{"damage":31,"enemies":"Lagavulin","floor":7,"turns":5},{"damage":9,"enemies":"Red Slaver","floor":8,"turns":3},{"damage":18,"enemies":"Exordium Thugs","floor":10,"turns":4},{"damage":9,"enemies":"Blue Slaver","floor":11,"turns":2},{"damage":18,"enemies":"Gremlin Nob","floor":12,"turns":4},{"damage":0,"enemies":"2 Fungi Beasts","floor":13,"turns":3},{"damage":0,"enemies":"3 Louse","floor":14,"turns":1},{"damage":76,"enemies":"Hexaghost","floor":16,"turns":9}],"seed_played":"6585375473631223107","potions_obtained":[{"floor":2,"key":"SteroidPotion"},{"floor":7,"key":"Weak Potion"},{"floor":8,"key":"Regen Potion"},{"floor":13,"key":"Block Potion"},{"floor":14,"key":"Dexterity Potion"}],"is_trial":false,"path_per_floor":["M","M","M","$","M","R","E","M","T","M","M","?","M","M","R","B"],"character_chosen":"IRONCLAD","items_purchased":["Clothesline"],"campfire_rested":2,"item_purchase_floors":[4],"current_hp_per_floor":[60,61,62,62,64,80,55,52,52,52,49,37,43,49,73,0],"gold":234,"neow_bonus":"TRANSFORM_TWO_CARDS","is_prod":false,"is_daily":false,"chose_seed":false,"campfire_upgraded":0,"win_rate":0.0,"timestamp":1566311590,"path_taken":["M","M","M","$","M","R","E","M","T","M","M","?","M","M","R","BOSS"],"build_version":"2019-07-17","purchased_purges":1,"victory":false,"max_hp_per_floor":[80,80,80,80,80,80,80,80,80,80,80,80,80,80,80,80],"card_choices":[{"not_picked":["Perfected Strike","Iron Wave"],"picked":"Reckless Charge","floor":1},{"not_picked":["Hemokinesis","Second Wind"],"picked":"Ghostly Armor","floor":2},{"not_picked":["Sword Boomerang","Pommel Strike"],"picked":"Clash","floor":3},{"not_picked":["Thunderclap","Pummel"],"picked":"Heavy Blade","floor":5},{"not_picked":["Perfected Strike","Sword Boomerang"],"picked":"Cleave","floor":7},{"not_picked":["Perfected Strike","Shrug It Off"],"picked":"Flex","floor":8},{"not_picked":["Disarm","Thunderclap"],"picked":"Anger","floor":10},{"not_picked":["Sword Boomerang","Body Slam"],"picked":"Flex","floor":11},{"not_picked":["Clothesline","Dark Embrace"],"picked":"Anger","floor":12},{"not_picked":["Thunderclap","Iron Wave"],"picked":"Flex+1","floor":13},{"not_picked":["Sever Soul","Pummel"],"picked":"Anger","floor":14}],"player_experience":28402,"relics_obtained":[{"floor":7,"key":"Ice Cream"},{"floor":9,"key":"Gremlin Horn"}],"event_choices":[{"damage_healed":0,"gold_gain":30,"player_choice":"Searched \u00273\u0027 times","damage_taken":0,"relics_obtained":["Toxic Egg 2"],"max_hp_gain":0,"max_hp_loss":0,"event_name":"Dead Adventurer","floor":12,"gold_loss":0}],"is_beta":false,"boss_relics":[],"items_purged_floors":[4],"is_endless":false,"potions_floor_spawned":[2,7,8,13,14],"killed_by":"Hexaghost","ascension_level":0}