{"gold_per_floor":[118,129,183,195,205,205,233,249,249,266,266,366,383,397,397,493,493,504,504,518,531,531,531,8,23,50,50,69,69,0,18,18,18],"floor_reached":33,"playtime":3216,"items_purged":[],"score":278,"play_id":"1270998b-7751-4bdf-886e-b469b0e97ace","local_time":"20190829215741","is_ascension_mode":false,"campfire_choices":[{"floor":6,"key":"REST"},{"floor":11,"key":"REST"},{"data":"Dagger Throw","floor":15,"key":"SMITH"},{"floor":23,"key":"REST"},{"floor":29,"key":"REST"},{"floor":32,"key":"REST"}],"neow_cost":"NONE","seed_source_timestamp":2502419204885962,"circlet_count":0,"master_deck":["Strike_G","Strike_G","Strike_G","Strike_G","Defend_G","Defend_G","Defend_G","Defend_G","Survivor","Neutralize","Quick Slash+1","Endless Agony","PiercingWail","Sucker Punch+1","Blade Dance","Dodge and Roll","Sucker Punch","Dagger Throw+1","Poisoned Stab","Die Die Die","Terror","Malaise","Underhanded Strike","Well Laid Plans","Deadly Poison","Finisher","Enlightenment","PiercingWail","Deflect","Dagger Spray","Secret Technique","Footwork","Tactician","Deadly Poison","Quick Slash"],"relics":["Ring of the Snake","Bag of Marbles","Orichalcum","Whetstone","Gremlin Horn","White Beast Statue","Bronze Scales"],"potions_floor_usage":[18,18,20,25,27,27,27,33,33],"damage_taken":[{"damage":7,"enemies":"Cultist","floor":1,"turns":5},{"damage":0,"enemies":"2 Louse","floor":2,"turns":2},{"damage":2,"enemies":"Small Slimes","floor":4,"turns":4},{"damage":3,"enemies":"Blue Slaver","floor":5,"turns":3},{"damage":17,"enemies":"3 Sentries","floor":7,"turns":10},{"damage":0,"enemies":"Exordium Wildlife","floor":8,"turns":3},{"damage":0,"enemies":"2 Fungi Beasts","floor":10,"turns":2},{"damage":0,"enemies":"Blue Slaver","floor":13,"turns":3},{"damage":0,"enemies":"3 Louse","floor":14,"turns":2},{"damage":34,"enemies":"Slime Boss","floor":16,"turns":12},{"damage":2,"enemies":"Shell Parasite","floor":18,"turns":3},{"damage":0,"enemies":"Chosen","floor":20,"turns":4},{"damage":7,"enemies":"Snecko","floor":21,"turns":5},{"damage":15,"enemies":"Snake Plant","floor":25,"turns":4},{"damage":10,"enemies":"Colosseum Slavers","floor":27,"turns":5},{"damage":11,"enemies":"Centurion and Healer","floor":28,"turns":6},{"damage":17,"enemies":"Shelled Parasite and Fungi","floor":31,"turns":4},{"damage":60,"enemies":"Collector","floor":33,"turns":8}],"seed_played":"5166518910262106458","potions_obtained":[{"floor":5,"key":"GhostInAJar"},{"floor":8,"key":"Fire Potion"},{"floor":13,"key":"AttackPotion"},{"floor":18,"key":"Poison Potion"},{"floor":20,"key":"Weak Potion"},{"floor":21,"key":"PowerPotion"},{"floor":25,"key":"Poison Potion"},{"floor":28,"key":"SkillPotion"},{"floor":31,"key":"FearPotion"}],"is_trial":false,"path_per_floor":["M","M","T","M","M","R","E","M","T","M","R","?","M","M","R","B",null,"M","?","M","M","?","R","$","M","T","?","M","R","?","M","R","B"],"character_chosen":"THE_SILENT","items_purchased":["Finisher","Enlightenment","PiercingWail","Deflect","Dagger Spray","Secret Technique","Footwork"],"campfire_rested":5,"item_purchase_floors":[24,24,24,24,24,24,24],"current_hp_per_floor":[63,63,63,61,58,70,53,53,53,53,70,70,70,70,70,36,70,68,68,68,61,45,66,66,51,51,41,30,51,51,34,55,0],"gold":18,"neow_bonus":"RANDOM_COMMON_RELIC","is_prod":false,"is_daily":false,"chose_seed":false,"campfire_upgraded":1,"win_rate":0.0,"timestamp":1567133861,"path_taken":["M","?","?","M","M","R","E","M","T","M","R","?","?","M","R","BOSS","M","?","M","M","?","R","$","M","T","?","?","R","?","M","R","BOSS"],"build_version":"2019-07-17","purchased_purges":0,"victory":false,"max_hp_per_floor":[70,70,70,70,70,70,70,70,70,70,70,70,70,70,70,70,70,70,70,70,70,70,70,70,70,70,70,70,70,70,70,70,70],"card_choices":[{"not_picked":["Outmaneuver","Slice"],"picked":"Quick Slash","floor":1},{"not_picked":["Deadly Poison","Caltrops"],"picked":"Endless Agony","floor":2},{"not_picked":["Reflex","Footwork"],"picked":"PiercingWail","floor":4},{"not_picked":["Dodge and Roll","Heel Hook"],"picked":"Sucker Punch","floor":5},{"not_picked":["Slice","After Image"],"picked":"Blade Dance","floor":7},{"not_picked":["Eviscerate","PiercingWail"],"picked":"Dodge and Roll","floor":8},{"not_picked":["Slice","PiercingWail"],"picked":"Sucker Punch","floor":10},{"not_picked":["Dodge and Roll","Deflect"],"picked":"Dagger Throw","floor":13},{"not_picked":["Flying Knee","Endless Agony"],"picked":"Poisoned Stab","floor":14},{"not_picked":["A Thousand Cuts","Tools of the Trade"],"picked":"Die Die Die","floor":16},{"not_picked":["Flying Knee+1","Sucker Punch+1"],"picked":"Terror","floor":18},{"not_picked":["Sucker Punch+1","Masterful Stab"],"picked":"Well Laid Plans","floor":20},{"not_picked":["Outmaneuver","Acrobatics"],"picked":"Deadly Poison","floor":21},{"not_picked":["Backflip","Dodge and Roll"],"picked":"Tactician","floor":25},{"not_picked":["Dodge and Roll","Caltrops"],"picked":"Deadly Poison","floor":28},{"not_picked":["Blade Dance","Tactician"],"picked":"Quick Slash","floor":31}],"player_experience":13747,"relics_obtained":[{"floor":3,"key":"Orichalcum"},{"floor":7,"key":"Whetstone"},{"floor":9,"key":"Gremlin Horn"},{"floor":26,"key":"Bronze Scales"}],"event_choices":[{"damage_healed":0,"gold_gain":100,"player_choice":"Pray","damage_taken":0,"max_hp_gain":0,"max_hp_loss":0,"event_name":"Golden Shrine","floor":12,"gold_loss":0},{"damage_healed":0,"gold_gain":0,"cards_transformed":["Defend_G","Strike_G"],"player_choice":"Became Test Subject","damage_taken":0,"max_hp_gain":0,"max_hp_loss":0,"event_name":"Drug Dealer","floor":19,"gold_loss":0,"cards_obtained":["Malaise","Underhanded Strike"]},{"damage_healed":0,"gold_gain":0,"player_choice":"Obtained Book","damage_taken":16,"max_hp_gain":0,"max_hp_loss":0,"event_name":"Cursed Tome","floor":22,"gold_loss":0},{"damage_healed":0,"gold_gain":0,"player_choice":"Fight","damage_taken":0,"max_hp_gain":0,"max_hp_loss":0,"event_name":"Colosseum","floor":27,"gold_loss":0},{"damage_healed":0,"gold_gain":0,"player_choice":"Fled From Nobs","damage_taken":0,"max_hp_gain":0,"max_hp_loss":0,"event_name":"Colosseum","floor":27,"gold_loss":0},{"damage_healed":0,"gold_gain":0,"player_choice":"Paid Fearfully","damage_taken":0,"max_hp_gain":0,"max_hp_loss":0,"event_name":"Masked Bandits","floor":30,"gold_loss":69}],"is_beta":false,"boss_relics":[{"not_picked":["Fusion Hammer","Runic Dome"],"picked":"White Beast Statue"}],"items_purged_floors":[],"is_endless":false,"potions_floor_spawned":[5,8,13,14,16,18,20,21,25,27,28,31],"killed_by":"Collector","ascension_level":0}