{"gold_per_floor":[115,127,143,159,170,205,205,222,296,296,471,490,490,500,500,597,597,613,64,64,74,74,102,102],"floor_reached":24,"playtime":1433,"items_purged":["Doubt"],"score":242,"play_id":"9e2b3a99-cc1d-43e5-a3a5-21a756436a9b","local_time":"20190822103447","is_ascension_mode":true,"campfire_choices":[{"data":"Rampage","floor":7,"key":"SMITH"},{"floor":10,"key":"RECALL"},{"floor":15,"key":"REST"}],"neow_cost":"NONE","seed_source_timestamp":218367931048600,"circlet_count":0,"master_deck":["Strike_R","Strike_R","Strike_R","Strike_R","Strike_R","Defend_R","Defend_R","Defend_R","Defend_R","Bash","Perfected Strike","Pommel Strike","Rage","Heavy Blade","Armaments","Rampage+1","Perfected Strike","Carnage","Twin Strike","Limit Break","Seeing Red","Demon Form","Rage","Transmutation","Perfected Strike","Shrug It Off","Shrug It Off+1","Inflame"],"relics":["Burning Blood","NeowsBlessing","Mango","Velvet Choker","Chemical X","Red Skull","Pocketwatch"],"potions_floor_usage":[16,16,16,24,24],"damage_taken":[{"damage":0,"enemies":"Cultist","floor":1,"turns":1},{"damage":0,"enemies":"Jaw Worm","floor":2,"turns":1},{"damage":0,"enemies":"Small Slimes","floor":3,"turns":1},{"damage":2,"enemies":"Looter","floor":4,"turns":2},{"damage":8,"enemies":"Red Slaver","floor":5,"turns":4},{"damage":39,"enemies":"3 Sentries","floor":6,"turns":8},{"damage":13,"enemies":"Exordium Wildlife","floor":8,"turns":5},{"damage":9,"enemies":"Blue Slaver","floor":12,"turns":4},{"damage":23,"enemies":"Exordium Thugs","floor":14,"turns":5},{"damage":46,"enemies":"Hexaghost","floor":16,"turns":8},{"damage":30,"enemies":"Shell Parasite","floor":18,"turns":5},{"damage":19,"enemies":"3 Byrds","floor":21,"turns":5},{"damage":41,"enemies":"Slavers","floor":23,"turns":6},{"damage":22,"enemies":"Snake Plant","floor":24,"turns":2}],"seed_played":"2345855505465266871","potions_obtained":[{"floor":3,"key":"PowerPotion"},{"floor":5,"key":"LiquidBronze"},{"floor":6,"key":"FearPotion"},{"floor":12,"key":"Strength Potion"},{"floor":16,"key":"PowerPotion"},{"floor":21,"key":"SkillPotion"}],"is_trial":false,"path_per_floor":["M","M","M","M","M","E","R","M","T","R","?","M","?","M","R","B",null,"M","$","?","M","?","E","M"],"character_chosen":"IRONCLAD","items_purchased":["Transmutation","Chemical X","Perfected Strike","Shrug It Off"],"campfire_rested":1,"item_purchase_floors":[19,19,19,19],"current_hp_per_floor":[80,80,80,80,78,59,59,52,52,52,52,49,49,32,60,20,94,70,70,70,57,57,22,0],"gold":102,"neow_bonus":"THREE_ENEMY_KILL","is_prod":false,"is_daily":false,"chose_seed":false,"campfire_upgraded":1,"win_rate":0,"timestamp":1566495287,"path_taken":["M","M","M","M","M","E","R","M","T","R","?","M","?","?","R","BOSS","M","$","?","M","?","E","M"],"build_version":"2019-07-17","purchased_purges":1,"victory":false,"max_hp_per_floor":[80,80,80,80,80,94,94,94,94,94,94,94,94,94,94,94,94,94,94,94,94,94,94,94],"card_choices":[{"not_picked":["Bloodletting","Shrug It Off"],"picked":"Perfected Strike","floor":1},{"not_picked":["Thunderclap","Warcry"],"picked":"Pommel Strike","floor":2},{"not_picked":["Twin Strike","Reckless Charge"],"picked":"Rage","floor":3},{"not_picked":["Headbutt","Shrug It Off"],"picked":"Heavy Blade","floor":4},{"not_picked":["Uppercut","Body Slam"],"picked":"Armaments","floor":5},{"not_picked":["Anger","Bloodletting"],"picked":"Rampage","floor":6},{"not_picked":["Metallicize","Feed"],"picked":"Perfected Strike","floor":8},{"not_picked":["Body Slam","True Grit"],"picked":"Carnage","floor":12},{"not_picked":["Clothesline","Sentinel"],"picked":"Seeing Red","floor":14},{"not_picked":["Bludgeon","Impervious"],"picked":"Demon Form","floor":16},{"not_picked":["Havoc","Warcry"],"picked":"Rage","floor":18},{"not_picked":["Twin Strike","Disarm+1"],"picked":"Shrug It Off+1","floor":21},{"not_picked":["Corruption+1","Sentinel"],"picked":"Inflame","floor":23}],"player_experience":60868,"relics_obtained":[{"floor":6,"key":"Mango"},{"floor":23,"key":"Pocketwatch"}],"event_choices":[{"damage_healed":0,"gold_gain":175,"player_choice":"AGREE","damage_taken":0,"max_hp_gain":0,"max_hp_loss":0,"event_name":"Liars Game","floor":11,"gold_loss":0,"cards_obtained":["Doubt"]},{"damage_healed":0,"gold_gain":0,"player_choice":"2 cards matched","damage_taken":0,"max_hp_gain":0,"max_hp_loss":0,"event_name":"Match and Keep!","floor":13,"gold_loss":0,"cards_obtained":["Twin Strike","Limit Break"]},{"damage_healed":0,"gold_gain":0,"player_choice":"Ignored","damage_taken":0,"max_hp_gain":0,"max_hp_loss":0,"event_name":"Vampires","floor":20,"gold_loss":0},{"damage_healed":0,"gold_gain":0,"player_choice":"Opened","damage_taken":0,"relics_obtained":["Red Skull"],"max_hp_gain":0,"max_hp_loss":0,"event_name":"The Mausoleum","floor":22,"gold_loss":0}],"is_beta":false,"boss_relics":[{"not_picked":["Runic Dome","White Beast Statue"],"picked":"Velvet Choker"}],"items_purged_floors":[19],"is_endless":false,"potions_floor_spawned":[3,5,6,8,12,16,21],"killed_by":"Snake Plant","ascension_level":2}