{"gold_per_floor":[116,116,116,134,145,176,176,193,220,238,238,255,288,305,305,404,404,419,369,369,294,307,307,320,320,320,320,351,351,351,367,367,367],"floor_reached":33,"playtime":1838,"items_purged":["Strike_B"],"score":416,"play_id":"a4aa83c2-e8dc-4c8a-a459-9b5aabd1c373","local_time":"20190830202014","is_ascension_mode":true,"campfire_choices":[{"data":"Zap","floor":7,"key":"SMITH"},{"floor":11,"key":"REST"},{"floor":15,"key":"REST"},{"floor":23,"key":"REST"},{"floor":25,"key":"REST"},{"data":"Coolheaded","floor":27,"key":"SMITH"},{"floor":29,"key":"REST"},{"floor":32,"key":"REST"}],"neow_cost":"NONE","seed_source_timestamp":1332345018294300,"circlet_count":0,"master_deck":["AscendersBane","Strike_B+1","Defend_B","Defend_B","Defend_B","Defend_B","Zap+1","Dualcast","Beam Cell","Echo Form","Rebound+1","Turbo","Sunder","Hologram","Electrodynamics","Coolheaded+1","Biased Cognition","Cold Snap","Conserve Battery+1","Skim"],"relics":["Cracked Core","DataDisk","Pen Nib","Smiling Mask","Centennial Puzzle","Matryoshka","Cursed Key","Whetstone"],"potions_floor_usage":[13,16,16,16,24,28,33],"damage_taken":[{"damage":1,"enemies":"2 Louse","floor":1,"turns":2},{"damage":0,"enemies":"Small Slimes","floor":4,"turns":3},{"damage":2,"enemies":"Jaw Worm","floor":5,"turns":3},{"damage":12,"enemies":"Gremlin Nob","floor":6,"turns":3},{"damage":4,"enemies":"Large Slime","floor":8,"turns":4},{"damage":13,"enemies":"Lots of Slimes","floor":10,"turns":3},{"damage":7,"enemies":"Exordium Wildlife","floor":12,"turns":2},{"damage":13,"enemies":"Lagavulin","floor":13,"turns":5},{"damage":11,"enemies":"3 Louse","floor":14,"turns":2},{"damage":34,"enemies":"Hexaghost","floor":16,"turns":7},{"damage":18,"enemies":"Shell Parasite","floor":18,"turns":5},{"damage":22,"enemies":"2 Thieves","floor":22,"turns":3},{"damage":0,"enemies":"Centurion and Healer","floor":24,"turns":6},{"damage":36,"enemies":"Book of Stabbing","floor":28,"turns":5},{"damage":30,"enemies":"Snecko","floor":31,"turns":4},{"damage":49,"enemies":"Collector","floor":33,"turns":7}],"seed_played":"3867174405707416215","potions_obtained":[{"floor":6,"key":"EssenceOfSteel"},{"floor":8,"key":"LiquidBronze"},{"floor":12,"key":"Swift Potion"},{"floor":14,"key":"Swift Potion"},{"floor":16,"key":"Energy Potion"},{"floor":22,"key":"AttackPotion"},{"floor":28,"key":"LiquidBronze"}],"is_trial":false,"path_per_floor":["M","?","?","M","M","E","R","M","T","M","R","M","E","M","R","B",null,"M","$","?","?","M","R","M","R","T","R","E","R","?","M","R","B"],"character_chosen":"DEFECT","items_purchased":[],"campfire_rested":6,"item_purchase_floors":[],"current_hp_per_floor":[67,55,75,75,73,61,61,57,57,44,66,59,46,35,57,23,62,44,44,44,44,22,44,44,66,66,66,30,52,52,22,44,0],"gold":367,"neow_bonus":"RANDOM_COMMON_RELIC","is_prod":false,"is_daily":false,"chose_seed":false,"campfire_upgraded":2,"win_rate":0,"timestamp":1567164014,"path_taken":["M","?","?","M","M","E","R","M","T","M","R","M","E","M","R","BOSS","M","$","?","?","M","R","M","R","T","R","E","R","?","?","R","BOSS"],"build_version":"2019-07-17","purchased_purges":1,"victory":false,"max_hp_per_floor":[75,75,75,75,75,75,75,75,75,75,75,75,75,75,75,75,75,75,75,75,75,75,75,75,75,75,75,75,75,75,75,75,75],"card_choices":[{"not_picked":["Compile Driver","Turbo"],"picked":"Beam Cell","floor":1},{"not_picked":["Stack","Conserve Battery"],"picked":"Echo Form","floor":4},{"not_picked":["Leap","Go for the Eyes"],"picked":"Rebound","floor":5},{"not_picked":["Heatsinks","Barrage"],"picked":"Turbo","floor":6},{"not_picked":["Beam Cell","Gash","Fusion"],"picked":"SKIP","floor":8},{"not_picked":["Ball Lightning","Skim"],"picked":"Sunder","floor":10},{"not_picked":["Turbo","Steam"],"picked":"Hologram","floor":12},{"not_picked":["Cold Snap","Storm"],"picked":"Electrodynamics","floor":13},{"not_picked":["Ball Lightning","Rebound"],"picked":"Coolheaded","floor":14},{"not_picked":["Echo Form","All For One"],"picked":"Biased Cognition","floor":16},{"not_picked":["Streamline","Leap"],"picked":"Cold Snap","floor":18},{"not_picked":["Echo Form","Leap"],"picked":"Conserve Battery+1","floor":22},{"not_picked":["Gash","Lockon"],"picked":"Skim","floor":24},{"not_picked":["Loop","Rip and Tear","Tempest"],"picked":"SKIP","floor":28},{"not_picked":["Streamline","Hologram","Auto Shields"],"picked":"SKIP","floor":31}],"player_experience":239922,"relics_obtained":[{"floor":6,"key":"Smiling Mask"},{"floor":9,"key":"Centennial Puzzle"},{"floor":13,"key":"Matryoshka"},{"floor":28,"key":"Whetstone"}],"event_choices":[{"damage_healed":0,"gold_gain":0,"player_choice":"Success","damage_taken":12,"relics_obtained":["Pen Nib"],"max_hp_gain":0,"max_hp_loss":0,"event_name":"Scrap Ooze","floor":2,"gold_loss":0},{"damage_healed":25,"gold_gain":0,"player_choice":"Banana","damage_taken":0,"max_hp_gain":0,"max_hp_loss":0,"event_name":"Big Fish","floor":3,"gold_loss":0},{"damage_healed":0,"gold_gain":0,"player_choice":"Ignored","damage_taken":0,"max_hp_gain":0,"max_hp_loss":0,"event_name":"The Mausoleum","floor":20,"gold_loss":0},{"cards_removed":["Strike_B"],"damage_healed":0,"gold_gain":0,"player_choice":"Gave Gold","damage_taken":0,"max_hp_gain":0,"max_hp_loss":0,"event_name":"Beggar","floor":21,"gold_loss":75},{"cards_removed":["Strike_B"],"damage_healed":0,"gold_gain":0,"player_choice":"Offered Basic","damage_taken":0,"max_hp_gain":0,"max_hp_loss":0,"event_name":"Bonfire Elementals","floor":30,"gold_loss":0}],"is_beta":false,"boss_relics":[{"not_picked":["Nuclear Battery","Inserter"],"picked":"Cursed Key"}],"items_purged_floors":[19],"is_endless":false,"potions_floor_spawned":[6,8,12,14,16,22,28],"killed_by":"Collector","ascension_level":10}