{"path_per_floor":["M","M","M","$","?","R","E","R","T","R","M","M","$","M","R","B",null,"M","?","?","?","M","R","M","R","T","M","R"],"character_chosen":"THE_SILENT","items_purchased":["Bag of Marbles","Panacea","Skewer+1"],"gold_per_floor":[217,233,249,8,8,8,42,42,42,42,63,82,43,63,63,192,230,248,248,248,248,261,261,286,286,286,311,311,311],"floor_reached":29,"campfire_rested":4,"playtime":1369,"item_purchase_floors":[4,4,13],"current_hp_per_floor":[69,69,69,69,69,69,38,59,59,59,49,33,33,33,54,28,75,51,51,51,51,36,36,21,43,43,22,44,0],"items_purged":[],"gold":311,"score":236,"play_id":"3437a9b8-1cc9-423c-88dc-f0c0402183e3","local_time":"20180601180855","is_prod":false,"is_daily":false,"chose_seed":false,"is_ascension_mode":true,"campfire_upgraded":3,"win_rate":0,"timestamp":1527869335,"campfire_choices":[{"data":"Neutralize","floor":6,"key":"SMITH"},{"floor":8,"key":"REST"},{"data":"Panacea","floor":10,"key":"SMITH"},{"floor":15,"key":"REST"},{"data":"Envenom","floor":23,"key":"SMITH"},{"floor":25,"key":"REST"},{"floor":28,"key":"REST"}],"path_taken":["M","?","?","$","?","R","E","R","T","R","M","M","?","M","R","BOSS","M","?","?","?","M","R","M","R","T","M","R","E"],"build_version":"2018-05-31","seed_source_timestamp":81593374179654,"purchased_purges":0,"victory":false,"master_deck":["Defend_G","Defend_G","Defend_G","Defend_G","Defend_G","Strike_G","Strike_G+1","Strike_G","Strike_G","Strike_G","Survivor","Neutralize+1","Bane","Deadly Poison","Flying Knee","Panacea+1","Injury","Bouncing Flask","Bane+1","Bouncing Flask","Skewer+1","Flying Knee+1","Envenom+1","Prepared","Dagger Spray+1","Underhanded Strike+1","Neutralize+1","Noxious Fumes","Noxious Fumes","Envenom"],"max_hp_per_floor":[70,70,70,70,70,70,70,70,70,70,70,70,70,70,70,70,75,75,75,75,75,75,75,75,75,75,75,75,75],"relics":["Ring of the Snake","Bag of Marbles","Golden Idol","Molten Egg 2","Darkstone Periapt","Tiny House","Boot","Matryoshka"],"card_choices":[{"not_picked":["Reflex","Sucker Punch"],"picked":"Bane","floor":1},{"not_picked":["PiercingWail","Flying Knee"],"picked":"Deadly Poison","floor":2},{"not_picked":["Cloak And Dagger","Acrobatics"],"picked":"Flying Knee","floor":3},{"not_picked":["Slice","Reflex"],"picked":"Bouncing Flask","floor":7},{"not_picked":["Tools of the Trade","Eviscerate+1"],"picked":"Bane+1","floor":11},{"not_picked":["Infinite Blades","Blade Dance"],"picked":"Bouncing Flask","floor":12},{"not_picked":["Catalyst","Prepared"],"picked":"Flying Knee+1","floor":14},{"not_picked":["Bullet Time","Storm of Steel"],"picked":"Envenom","floor":16},{"not_picked":["Deflect","Backflip"],"picked":"Prepared","floor":17},{"not_picked":["Concentrate","Choke+1"],"picked":"Dagger Spray+1","floor":18},{"not_picked":["Quick Slash+1","Leg Sweep+1"],"picked":"Noxious Fumes","floor":22},{"not_picked":["Deadly Poison","Choke+1"],"picked":"Noxious Fumes","floor":24},{"not_picked":["Deadly Poison","Quick Slash+1"],"picked":"Envenom","floor":27}],"player_experience":137726,"potions_floor_usage":[7,16,18,18,29,29],"damage_taken":[{"damage":1,"enemies":"Cultist","floor":1,"turns":3},{"damage":0,"enemies":"Small Slimes","floor":2,"turns":4},{"damage":0,"enemies":"Jaw Worm","floor":3,"turns":3},{"damage":31,"enemies":"Lagavulin","floor":7,"turns":6},{"damage":10,"enemies":"Looter","floor":11,"turns":2},{"damage":16,"enemies":"Exordium Wildlife","floor":12,"turns":4},{"damage":0,"enemies":"3 Louse","floor":14,"turns":3},{"damage":26,"enemies":"Hexaghost","floor":16,"turns":7},{"damage":24,"enemies":"Chosen","floor":18,"turns":5},{"damage":15,"enemies":"Shell Parasite","floor":22,"turns":4},{"damage":15,"enemies":"Snake Plant","floor":24,"turns":3},{"damage":21,"enemies":"Centurion and Healer","floor":27,"turns":6},{"damage":57,"enemies":"Slavers","floor":29,"turns":3}],"relics_obtained":[{"floor":7,"key":"Molten Egg 2"},{"floor":9,"key":"Darkstone Periapt"},{"floor":26,"key":"Matryoshka"}],"event_choices":[{"event_name":"Golden Idol","player_choice":"Take Wound","floor":5,"damage_taken":0},{"event_name":"Vampires","player_choice":"Ignored","floor":19,"damage_taken":0},{"event_name":"The Mausoleum","player_choice":"Yes","floor":20,"damage_taken":0},{"event_name":"Match and Keep!","player_choice":"2 cards matched","floor":21,"damage_taken":0},{"event_name":"Match and Keep!","player_choice":"2 cards matched","floor":21,"damage_taken":0}],"boss_relics":[{"not_picked":["Runic Pyramid","Philosopher\u0027s Stone"],"picked":"Tiny House"}],"items_purged_floors":[],"potions_floor_spawned":[1,3,12,16,27],"seed_played":"-1357843514167197024","killed_by":"Slavers","ascension_level":1,"potions_obtained":[{"floor":1,"key":"FairyPotion"},{"floor":3,"key":"LiquidBronze"},{"floor":12,"key":"Swift Potion"},{"floor":16,"key":"Ancient Potion"},{"floor":17,"key":"SkillPotion"},{"floor":27,"key":"FearPotion"}],"is_trial":false}