{"path_per_floor":["M","M","M","T","$","E","M","R","T","M","E","$","M","M","R","B",null,"M","M","M","?","?","E","?","R","T","R","E","M","M","M","R","B",null,"M","?","$","M","M","E","M","M","T","T","M","?"],"character_chosen":"IRONCLAD","items_purchased":["Inflame","Twin Strike","Heavy Blade","Armaments","Mummified Hand","Master of Strategy","Anger"],"gold_per_floor":[119,134,153,153,61,90,100,100,176,195,221,122,140,158,158,253,253,267,284,300,215,215,241,241,241,309,309,337,349,369,386,386,481,481,496,496,3,17,35,66,82,95,150,174,192,0],"floor_reached":47,"campfire_rested":2,"playtime":4424,"current_hp_per_floor":[62,67,72,72,72,72,51,51,51,47,33,33,44,47,47,40,80,64,68,54,54,54,19,19,43,43,67,77,65,61,63,63,32,80,58,78,78,70,65,58,58,56,56,56,49,49],"items_purged":[],"gold":0,"play_id":"0baabeea-c703-4230-87d7-c1737f9bd179","is_prod":false,"is_daily":false,"is_ascension_mode":false,"campfire_upgraded":3,"path_taken":["M","M","?","?","?","E","?","R","T","M","E","$","M","M","R","BOSS","M","M","M","?","?","E","?","R","T","R","E","M","M","M","R","BOSS","M","?","?","M","?","E","M","?","T","?","M","?","E"],"build_version":"2018-02-01-PROD3","purchased_purges":0,"victory":false,"master_deck":["Strike_R+1","Strike_R+1","Strike_R+1","Strike_R+1","Strike_R+1","Defend_R+1","Defend_R+1","Defend_R+1","Defend_R+1","Bash","Rampage","Iron Wave","Shrug It Off","Clash","Inflame+1","Twin Strike+1","Reaper","Warcry","Pommel Strike","Headbutt","Limit Break+1","Heavy Blade","Armaments+1","Whirlwind","Flex","Demon Form","Thunderclap","Warcry","Whirlwind+1","Pummel","Sever Soul","Clash+1","Flex+1","Armaments+1","Shockwave+1","Decay","Shrug It Off+1","Double Tap","Pommel Strike+1","Flex+1","Perfected Strike","Berserk","Intimidate+1","Writhe","Master of Strategy","Anger","Clothesline+1","Feed","Inflame+1","Rupture+1","Warcry+1","Brutality","Inflame+1","Heavy Blade"],"max_hp_per_floor":[80,80,80,80,80,80,80,80,80,80,80,80,80,80,80,80,80,80,80,80,80,80,80,80,80,80,80,80,80,80,80,80,80,80,80,80,80,80,80,80,80,80,80,80,80,80],"relics":["Burning Blood","Sundial","Prayer Wheel","Self Forming Clay","Ancient Tea Set","Orrery","Bag of Preparation","Vajra","Matryoshka","Pen Nib","Mark of Pain","Mummified Hand","Whetstone","Omamori","Tiny Chest","Blood Vial","Bronze Scales","Red Mask"],"card_choices":[{"not_picked":["Warcry","Twin Strike"],"picked":"Rampage"},{"not_picked":["Shrug It Off","Flex"],"picked":"Iron Wave"},{"not_picked":["Twin Strike","Metallicize"],"picked":"Shrug It Off"},{"not_picked":["Body Slam","Pommel Strike"],"picked":"Clash"},{"not_picked":["Pummel","Impervious"],"picked":"Reaper"},{"not_picked":["Perfected Strike","Armaments"],"picked":"Warcry"},{"not_picked":["Cleave","Clothesline"],"picked":"Pommel Strike"},{"not_picked":["Sword Boomerang","Iron Wave"],"picked":"Headbutt"},{"not_picked":["Metallicize","Rupture"],"picked":"Limit Break"},{"not_picked":["Thunderclap","Corruption"],"picked":"Whirlwind"},{"not_picked":["Armaments","Fire Breathing"],"picked":"Flex"},{"not_picked":["Brutality","Limit Break"],"picked":"Demon Form"},{"not_picked":["Sword Boomerang","Hemokinesis"],"picked":"Thunderclap"},{"not_picked":["Inflame","Sever Soul"],"picked":"Warcry"},{"not_picked":["Shrug It Off","Fire Breathing"],"picked":"Whirlwind"},{"not_picked":["Armaments","Reckless Charge"],"picked":"Pummel"},{"not_picked":["Battle Trance","Power Through"],"picked":"Sever Soul"},{"not_picked":["Pummel","Iron Wave"],"picked":"Clash"},{"not_picked":["Rage","Shrug It Off"],"picked":"Flex"},{"not_picked":["Wild Strike","Body Slam"],"picked":"Armaments"},{"not_picked":["Bloodletting","Wild Strike"],"picked":"Shockwave"},{"not_picked":["Flex","Flame Barrier"],"picked":"Shrug It Off"},{"not_picked":["Combust","Armaments"],"picked":"Double Tap"},{"not_picked":["Reckless Charge","Burning Pact"],"picked":"Pommel Strike"},{"not_picked":["Clash","Body Slam"],"picked":"Flex"},{"not_picked":["Battle Trance","Body Slam"],"picked":"Perfected Strike"},{"not_picked":["Dark Embrace","Immolate"],"picked":"Berserk"},{"not_picked":["Warcry","Headbutt"],"picked":"Intimidate"},{"not_picked":["Rage","Armaments"],"picked":"Clothesline"},{"not_picked":["Headbutt","Second Wind"],"picked":"Feed"},{"not_picked":["Hemokinesis","Flex"],"picked":"Inflame"},{"not_picked":["Clash","Twin Strike"],"picked":"Rupture"},{"not_picked":["Thunderclap","Flex"],"picked":"Warcry"},{"not_picked":["Anger","Sword Boomerang"],"picked":"Brutality"},{"not_picked":["Flex","Perfected Strike"],"picked":"Inflame"},{"not_picked":["Dropkick","Clothesline"],"picked":"Heavy Blade"}],"player_experience":58871,"potions_floor_usage":[7,13,16,18,19,23,31,31,31,40,45,47,47],"damage_taken":[{"damage":24,"enemies":"Blue Slaver","floor":1,"turns":3},{"damage":1,"enemies":"Cultist","floor":2,"turns":4},{"damage":1,"enemies":"Jaw Worm","floor":3,"turns":3},{"damage":6,"enemies":"3 Sentries","floor":6,"turns":6},{"damage":27,"enemies":"Exordium Wildlife","floor":7,"turns":4},{"damage":10,"enemies":"Looter","floor":10,"turns":3},{"damage":25,"enemies":"Lagavulin","floor":11,"turns":5},{"damage":0,"enemies":"2 Fungi Beasts","floor":13,"turns":3},{"damage":5,"enemies":"3 Louse","floor":14,"turns":3},{"damage":20,"enemies":"Hexaghost","floor":16,"turns":5},{"damage":27,"enemies":"Shell Parasite","floor":18,"turns":6},{"damage":2,"enemies":"Spheric Guardian","floor":19,"turns":3},{"damage":26,"enemies":"Centurion and Healer","floor":20,"turns":7},{"damage":54,"enemies":"Slavers","floor":23,"turns":7},{"damage":17,"enemies":"Book of Stabbing","floor":28,"turns":4},{"damage":19,"enemies":"Snake Plant","floor":29,"turns":5},{"damage":10,"enemies":"Cultist and Chosen","floor":30,"turns":4},{"damage":4,"enemies":"Centurion and Healer","floor":31,"turns":4},{"damage":67,"enemies":"Collector","floor":33,"turns":8},{"damage":28,"enemies":"3 Shapes","floor":35,"turns":4},{"damage":14,"enemies":"Orb Walker","floor":38,"turns":4},{"damage":11,"enemies":"Sphere and 2 Shapes","floor":39,"turns":3},{"damage":13,"enemies":"Giant Head","floor":40,"turns":6},{"damage":6,"enemies":"Maw","floor":41,"turns":6},{"damage":8,"enemies":"3 Darklings","floor":42,"turns":4},{"damage":15,"enemies":"Sphere and 2 Shapes","floor":45,"turns":2},{"damage":73,"enemies":"Nemesis","floor":47,"turns":9}],"event_choices":[{"event_name":"Addict","player_choice":"Obtained Relic","floor":21,"damage_taken":0},{"event_name":"Back to Basics","player_choice":"Simplicity","floor":22,"damage_taken":0},{"event_name":"Forgotten Altar","player_choice":"Smashed Altar","floor":24,"damage_taken":0},{"event_name":"Winding Halls","player_choice":"Writhe","floor":36,"damage_taken":0},{"event_name":"Tomb of Lord Red Mask","player_choice":"Paid","floor":46,"damage_taken":0}],"boss_relics":[{"not_picked":["Philosopher\u0027s Stone","Cursed Key"],"picked":"Orrery"},{"not_picked":["Snecko Eye","Lizard Tail"],"picked":"Mark of Pain"}],"potions_floor_spawned":[6,7,10,11,16,20,23,29,30,35,40,41,45],"seed_played":"423601416210627370","killed_by":"Nemesis","ascension_level":0,"is_trial":false}