{"gold_per_floor":[115,145,156,180,198,198,83,83,83,118,118,132,158,158,158,257,257,268,268,293,307,326,326,326,342,342,342,359,359],"floor_reached":29,"playtime":1968,"items_purged":[],"score":256,"play_id":"6e87af97-c55a-4011-899f-9f14106c2fc4","local_time":"20180728161343","is_ascension_mode":true,"campfire_choices":[{"data":"Dash","floor":6.0,"key":"SMITH"},{"floor":8.0,"key":"REST"},{"floor":15.0,"key":"REST"},{"floor":23,"key":"REST"}],"neow_cost":"NONE","seed_source_timestamp":0,"circlet_count":0,"master_deck":["Defend_G","Defend_G","Defend_G","Defend_G","Defend_G+1","Strike_G","Strike_G","Strike_G","Strike_G","Strike_G","Survivor","Neutralize","Prepared+1","Dash+1","Sucker Punch","Setup","All Out Attack","Skewer","Leg Sweep","Underhanded Strike+1","Venomology","Sucker Punch+1","Dagger Spray+1"],"special_seed":0,"relics":["Ring of the Snake","Lantern","Tiny Chest","War Paint","Centennial Puzzle","Anchor","Molten Egg 2","Ninja Scroll","Eternal Feather","Singing Bowl","Happy Flower","Turnip","Strawberry","Blue Candle"],"potions_floor_usage":[21,22,22,25,25,28,28,29,29,29],"damage_taken":[{"damage":5.0,"enemies":"Small Slimes","floor":1.0,"turns":5.0},{"damage":10.0,"enemies":"Cultist","floor":3.0,"turns":5.0},{"damage":0.0,"enemies":"Jaw Worm","floor":5.0,"turns":3.0},{"damage":18.0,"enemies":"Gremlin Nob","floor":10.0,"turns":4.0},{"damage":10.0,"enemies":"Exordium Thugs","floor":12.0,"turns":4.0},{"damage":12.0,"enemies":"Lagavulin","floor":13.0,"turns":6.0},{"damage":38.0,"enemies":"Hexaghost","floor":16.0,"turns":10.0},{"damage":26,"enemies":"3 Byrds","floor":18,"turns":6},{"damage":3,"enemies":"2 Thieves","floor":21,"turns":4},{"damage":22,"enemies":"Centurion and Healer","floor":22,"turns":10},{"damage":6,"enemies":"Snake Plant","floor":25,"turns":4},{"damage":47,"enemies":"Slaver and Parasite","floor":28,"turns":6},{"damage":12,"enemies":"Book of Stabbing","floor":29,"turns":7}],"seed_played":"-4256345033620743642","potions_obtained":[{"floor":5.0,"key":"Strength Potion"},{"floor":10.0,"key":"FearPotion"},{"floor":13.0,"key":"Energy Potion"},{"floor":22,"key":"SpeedPotion"},{"floor":25,"key":"GhostInAJar"},{"floor":28,"key":"Energy Potion"}],"is_trial":false,"path_per_floor":["M","?","M","T","M","R","$","R","T","E","$","M","E","T","R","B",null,"M","?","T","M","M","R","T","M","T","?","M"],"character_chosen":"THE_SILENT","items_purchased":["Setup","All Out Attack"],"campfire_rested":3,"item_purchase_floors":[7,7],"current_hp_per_floor":[65,58,48,48,48,48,48,69,69,51,51,41,29,29,50,12,70,44,44,44,43,21,54,54,50,57,57,12,0],"gold":359,"neow_bonus":"RANDOM_COMMON_RELIC","is_prod":false,"is_daily":false,"chose_seed":false,"campfire_upgraded":1,"win_rate":0,"timestamp":1532787223,"path_taken":["M","?","?","?","M","R","$","R","T","E","?","?","E","?","R","BOSS","M","?","?","?","M","R","?","?","T","?","M","E"],"build_version":"2018-07-26","purchased_purges":0,"victory":false,"max_hp_per_floor":[70,70,70,70,70,70,70,70,70,70,70,70,70,70,70,70,70,70,70,70,72,72,72,72,74,81,81,83,83],"card_choices":[{"not_picked":["Dagger Throw","Deflect"],"picked":"Prepared","floor":1.0},{"not_picked":["Poisoned Stab","Well Laid Plans"],"picked":"Dash","floor":3.0},{"not_picked":["Backflip","Flying Knee"],"picked":"Sucker Punch","floor":5.0},{"not_picked":["Quick Slash","Underhanded Strike"],"picked":"Skewer","floor":10.0},{"not_picked":["Dagger Throw","Expertise"],"picked":"Leg Sweep","floor":12.0},{"not_picked":["Deadly Poison","Setup"],"picked":"Underhanded Strike","floor":13.0},{"not_picked":["Night Terror","Grand Finale+1"],"picked":"Venomology","floor":16.0},{"not_picked":["Dash+1","Slice+1"],"picked":"Sucker Punch+1","floor":18},{"not_picked":["Deadly Poison","Deflect+1","Crippling Poison"],"picked":"Singing Bowl","floor":21},{"not_picked":["Deadly Poison+1","Acrobatics"],"picked":"Dagger Spray+1","floor":22},{"not_picked":["Prepared","Heel Hook+1","Deadly Poison"],"picked":"Singing Bowl","floor":25},{"not_picked":["Riddle With Holes+1","Dodge and Roll+1","Acrobatics"],"picked":"Singing Bowl","floor":28}],"player_experience":183700,"relics_obtained":[{"floor":4.0,"key":"War Paint"},{"floor":9.0,"key":"Centennial Puzzle"},{"floor":10.0,"key":"Anchor"},{"floor":13.0,"key":"Molten Egg 2"},{"floor":14.0,"key":"Ninja Scroll"},{"floor":20,"key":"Happy Flower"},{"floor":24,"key":"Turnip"},{"floor":26,"key":"Strawberry"}],"event_choices":[{"event_name":"Scrap Ooze","player_choice":"success","floor":2.0,"damage_taken":7.0},{"event_name":"Wheel of Change","player_choice":"Relic","floor":19,"damage_taken":0},{"event_name":"The Mausoleum","player_choice":"Yes","floor":27,"damage_taken":0}],"is_beta":false,"boss_relics":[{"not_picked":["Snecko Eye","White Beast Statue"],"picked":"Eternal Feather"}],"items_purged_floors":[],"is_endless":false,"potions_floor_spawned":[5,10,13,22,25,28],"killed_by":"Book of Stabbing","ascension_level":2}