{"gold_per_floor":[114,130,143,68,15,42,42,62,62,74,74,108,124,124,124,203,203,214,214,49,62,80,80,107,107,107,107,132,132,132,166,166,244,244,259,271,271,271,271,271,288,323,349,349,363,373,41,76,76,76,76],"floor_reached":51,"playtime":4349,"items_purged":["Strike_R"],"score":1671,"play_id":"b9bfb7c8-e647-4286-b0a5-cf88fd7b05da","local_time":"20190830145223","is_ascension_mode":true,"campfire_choices":[{"data":"Bash","floor":7,"key":"SMITH"},{"floor":11,"key":"REST"},{"data":"1","floor":15,"key":"LIFT"},{"data":"Heavy Blade","floor":23,"key":"SMITH"},{"data":"Armaments","floor":25,"key":"SMITH"},{"data":"2","floor":30,"key":"LIFT"},{"data":"Offering","floor":32,"key":"SMITH"},{"data":"3","floor":40,"key":"LIFT"},{"data":"Dark Embrace","floor":44,"key":"SMITH"},{"data":"Clothesline","floor":49,"key":"SMITH"}],"neow_cost":"NONE","seed_source_timestamp":57324294464700,"circlet_count":0,"master_deck":["AscendersBane","Strike_R","Strike_R","Strike_R","Defend_R","Defend_R","Defend_R","Defend_R","Bash+1","Iron Wave","Cleave","Burning Pact","Anger","Warcry","Offering+1","Inflame","Shrug It Off","Clothesline+1","Shrug It Off","Feed","Armaments+1","Havoc+1","Heavy Blade+1","Spot Weakness","Demon Form","Headbutt","Second Wind+1","Dark Embrace+1","Warcry+1","Shrug It Off+1","Corruption+1","Madness+1","Feel No Pain+1","Burning Pact+1","Impervious+1","Disarm+1"],"relics":["Burning Blood","Kunai","Prayer Wheel","Girya","Omamori","Coffee Dripper","Vajra","Ancient Tea Set","Self Forming Clay","Red Skull","Toxic Egg 2","Nunchaku","Sozu","Regal Pillow","PreservedInsect","Lee\u0027s Waffle","Pocketwatch"],"potions_floor_usage":[6,8,16,18,22,24,28],"damage_taken":[{"damage":1,"enemies":"Cultist","floor":1,"turns":3},{"damage":11,"enemies":"Jaw Worm","floor":2,"turns":4},{"damage":8,"enemies":"Small Slimes","floor":3,"turns":3},{"damage":40,"enemies":"3 Sentries","floor":6,"turns":7},{"damage":5,"enemies":"Blue Slaver","floor":8,"turns":4},{"damage":11,"enemies":"Looter","floor":10,"turns":2},{"damage":14,"enemies":"Lagavulin","floor":12,"turns":5},{"damage":6,"enemies":"Large Slime","floor":13,"turns":3},{"damage":39,"enemies":"Slime Boss","floor":16,"turns":11},{"damage":6,"enemies":"3 Byrds","floor":18,"turns":2},{"damage":14,"enemies":"Spheric Guardian","floor":21,"turns":5},{"damage":6,"enemies":"3 Cultists","floor":22,"turns":3},{"damage":16,"enemies":"Book of Stabbing","floor":24,"turns":4},{"damage":40,"enemies":"Slavers","floor":28,"turns":4},{"damage":22,"enemies":"Book of Stabbing","floor":31,"turns":4},{"damage":27,"enemies":"Collector","floor":33,"turns":6},{"damage":11,"enemies":"3 Darklings","floor":35,"turns":4},{"damage":15,"enemies":"Orb Walker","floor":36,"turns":4},{"damage":10,"enemies":"Writhing Mass","floor":41,"turns":3},{"damage":6,"enemies":"Giant Head","floor":42,"turns":4},{"damage":20,"enemies":"3 Darklings","floor":45,"turns":3},{"damage":6,"enemies":"Maw","floor":46,"turns":4},{"damage":0,"enemies":"Nemesis","floor":48,"turns":3},{"damage":41,"enemies":"Donu and Deca","floor":50,"turns":7},{"damage":84,"enemies":"Awakened One","floor":51,"turns":3}],"seed_played":"1405829276859837353","potions_obtained":[{"floor":2,"key":"Weak Potion"},{"floor":3,"key":"GamblersBrew"},{"floor":6,"key":"LiquidBronze"},{"floor":12,"key":"Swift Potion"},{"floor":18,"key":"Block Potion"},{"floor":21,"key":"AttackPotion"},{"floor":24,"key":"Fire Potion"}],"is_trial":false,"path_per_floor":["M","M","M","?","$","E","R","M","T","M","R","E","M","?","R","B",null,"M","?","$","M","M","R","E","R","T","?","E","?","R","E","R","B",null,"M","M","?","?","?","R","M","E","T","R","M","M","$","E","R","B","B"],"character_chosen":"IRONCLAD","items_purchased":["Anger","Vajra","Lee\u0027s Waffle","Disarm+1"],"campfire_rested":1,"item_purchase_floors":[5,20,47,47],"current_hp_per_floor":[80,75,73,73,73,39,39,40,40,35,59,51,51,51,51,18,66,69,69,69,61,64,64,57,57,57,75,45,45,45,29,29,8,73,68,59,59,59,59,59,58,61,61,61,50,50,111,114,114,79,0],"gold":76,"neow_bonus":"TEN_PERCENT_HP_BONUS","is_prod":false,"is_daily":false,"chose_seed":false,"campfire_upgraded":6,"win_rate":0,"timestamp":1567191143,"path_taken":["M","M","M","?","$","E","R","M","T","M","R","E","M","?","R","BOSS","M","?","$","M","M","R","E","R","T","?","E","?","R","E","R","BOSS","M","M","?","?","?","R","M","E","T","R","M","M","$","E","R","BOSS","BOSS"],"build_version":"2019-07-17","purchased_purges":1,"victory":false,"max_hp_per_floor":[82,82,82,82,82,82,82,82,82,82,82,82,82,82,82,82,82,85,85,85,85,88,88,91,91,91,91,95,95,95,95,95,95,95,95,95,95,95,95,95,98,101,101,101,104,104,111,114,114,114,114],"card_choices":[{"not_picked":["Armaments","Heavy Blade"],"picked":"Iron Wave","floor":1},{"not_picked":["Flex","Shrug It Off"],"picked":"Cleave","floor":2},{"not_picked":["True Grit","Clash"],"picked":"Burning Pact","floor":3},{"not_picked":["Cleave","Body Slam"],"picked":"Warcry","floor":6},{"not_picked":["Clothesline","Body Slam"],"picked":"Offering","floor":8},{"not_picked":["Shrug It Off","Clash"],"picked":"Inflame","floor":10},{"not_picked":["Sword Boomerang","Ghostly Armor"],"picked":"Shrug It Off","floor":10},{"not_picked":["Hemokinesis","Power Through"],"picked":"Clothesline","floor":12},{"not_picked":["Hemokinesis","Anger"],"picked":"Shrug It Off","floor":13},{"not_picked":["Perfected Strike","Feel No Pain"],"picked":"Evolve","floor":13},{"not_picked":["Juggernaut","Dark Embrace"],"picked":"Feed","floor":16},{"not_picked":["Sword Boomerang","Perfected Strike"],"picked":"Armaments","floor":18},{"not_picked":["Intimidate","Cleave"],"picked":"Havoc+1","floor":18},{"not_picked":["Anger+1","Hemokinesis"],"picked":"Heavy Blade","floor":21},{"not_picked":["Iron Wave","Blood for Blood","Burning Pact"],"picked":"SKIP","floor":21},{"not_picked":["Shrug It Off","Reckless Charge"],"picked":"Spot Weakness","floor":22},{"not_picked":["Twin Strike","Heavy Blade"],"picked":"Demon Form","floor":22},{"not_picked":["Twin Strike+1","Spot Weakness+1","Armaments"],"picked":"SKIP","floor":24},{"not_picked":["Infernal Blade","Clothesline"],"picked":"Headbutt","floor":28},{"not_picked":["Perfected Strike","Inflame"],"picked":"Second Wind+1","floor":31},{"not_picked":["Demon Form","Limit Break+1"],"picked":"Dark Embrace","floor":33},{"not_picked":["Sword Boomerang+1","Combust"],"picked":"Warcry+1","floor":35},{"not_picked":["Heavy Blade","Headbutt+1"],"picked":"Shrug It Off+1","floor":35},{"not_picked":["Inflame","Burning Pact+1"],"picked":"Corruption+1","floor":36},{"not_picked":["Pommel Strike","Cleave","Anger"],"picked":"SKIP","floor":36},{"not_picked":["Mind Blast","Dark Shackles+1"],"picked":"Madness+1","floor":39},{"not_picked":["Body Slam","Inflame"],"picked":"Feel No Pain+1","floor":41},{"not_picked":["Body Slam","Twin Strike","Clash+1"],"picked":"SKIP","floor":41},{"not_picked":["Iron Wave","Flex+1"],"picked":"Burning Pact+1","floor":42},{"not_picked":["Thunderclap","Heavy Blade+1"],"picked":"Impervious+1","floor":45},{"not_picked":["Metallicize","Cleave","Entrench+1"],"picked":"SKIP","floor":45},{"not_picked":["Entrench+1","True Grit+1","Headbutt"],"picked":"SKIP","floor":46},{"not_picked":["Twin Strike+1","Fire Breathing+1","Sword Boomerang+1"],"picked":"SKIP","floor":46},{"not_picked":["Iron Wave","Dark Embrace","Blood for Blood"],"picked":"SKIP","floor":48}],"player_experience":200094,"relics_obtained":[{"floor":6,"key":"Kunai"},{"floor":9,"key":"Prayer Wheel"},{"floor":12,"key":"Girya"},{"floor":14,"key":"Omamori"},{"floor":24,"key":"Ancient Tea Set"},{"floor":26,"key":"Self Forming Clay"},{"floor":28,"key":"Red Skull"},{"floor":31,"key":"Nunchaku"},{"floor":42,"key":"Regal Pillow"},{"floor":43,"key":"PreservedInsect"},{"floor":48,"key":"Pocketwatch"}],"event_choices":[{"cards_removed":["Strike_R"],"damage_healed":0,"gold_gain":0,"player_choice":"Card Removal","damage_taken":0,"max_hp_gain":0,"max_hp_loss":0,"event_name":"The Cleric","floor":4,"gold_loss":75},{"damage_healed":0,"gold_gain":0,"player_choice":"Relic","damage_taken":0,"max_hp_gain":0,"max_hp_loss":0,"event_name":"Wheel of Change","floor":14,"gold_loss":0},{"damage_healed":0,"gold_gain":0,"player_choice":"Ignored","damage_taken":0,"max_hp_gain":0,"max_hp_loss":0,"event_name":"Ghosts","floor":19,"gold_loss":0},{"damage_healed":18,"gold_gain":0,"player_choice":"Heal","damage_taken":0,"max_hp_gain":0,"max_hp_loss":0,"event_name":"The Library","floor":27,"gold_loss":0},{"damage_healed":0,"gold_gain":0,"player_choice":"Opened","damage_taken":0,"relics_obtained":["Toxic Egg 2"],"max_hp_gain":0,"max_hp_loss":0,"event_name":"The Mausoleum","floor":29,"gold_loss":0,"cards_obtained":["Writhe"]},{"cards_removed":["Evolve"],"damage_healed":0,"gold_gain":0,"player_choice":"Removed Power","damage_taken":0,"max_hp_gain":0,"max_hp_loss":0,"event_name":"Falling","floor":37,"gold_loss":0},{"damage_healed":0,"gold_gain":0,"player_choice":"Ignored","damage_taken":0,"max_hp_gain":0,"max_hp_loss":0,"event_name":"Tomb of Lord Red Mask","floor":38,"gold_loss":0},{"damage_healed":0,"gold_gain":0,"player_choice":"Memory 1","damage_taken":0,"max_hp_gain":0,"max_hp_loss":0,"event_name":"SensoryStone","floor":39,"gold_loss":0}],"is_beta":false,"boss_relics":[{"not_picked":["Black Star","Black Blood"],"picked":"Coffee Dripper"},{"not_picked":["Fusion Hammer","Orrery"],"picked":"Sozu"}],"items_purged_floors":[47],"is_endless":false,"potions_floor_spawned":[2,3,6,12,18,21,24,35,36,42,45],"killed_by":"Awakened One","ascension_level":20}