{"gold_per_floor":[111,111,111,122,1,34,34,61,61,79,90,102,114,33,33,33],"floor_reached":16,"playtime":1290,"items_purged":[],"score":102,"play_id":"87fd7d3f-8c45-4685-9a22-706a48626cf8","local_time":"20190821003126","is_ascension_mode":false,"campfire_choices":[{"floor":7,"key":"REST"},{"floor":15,"key":"REST"}],"neow_cost":"NONE","seed_source_timestamp":199332106113707,"circlet_count":0,"master_deck":["Strike_R","Strike_R","Strike_R","Strike_R","Strike_R","Defend_R","Defend_R","Defend_R","Defend_R","Bash","Heavy Blade","Carnage","Warcry","Enlightenment","Warcry","Battle Trance","Metallicize","Limit Break","Dual Wield","Pommel Strike","Spot Weakness"],"relics":["Burning Blood","Unceasing Top","Bag of Preparation","Strawberry","Question Card"],"potions_floor_usage":[6,16],"damage_taken":[{"damage":1,"enemies":"2 Louse","floor":1,"turns":4},{"damage":2,"enemies":"Small Slimes","floor":4,"turns":3},{"damage":35,"enemies":"3 Sentries","floor":6,"turns":7},{"damage":3,"enemies":"Jaw Worm","floor":10,"turns":3},{"damage":24,"enemies":"Exordium Wildlife","floor":11,"turns":4},{"damage":0,"enemies":"3 Louse","floor":12,"turns":3},{"damage":13,"enemies":"2 Fungi Beasts","floor":13,"turns":4},{"damage":88,"enemies":"The Guardian","floor":16,"turns":9}],"seed_played":"5110031450226484370","potions_obtained":[{"floor":4,"key":"SteroidPotion"},{"floor":11,"key":"AttackPotion"}],"is_trial":false,"path_per_floor":["M","?","?","M","$","E","R","T","T","M","M","M","M","$","R","B"],"character_chosen":"IRONCLAD","items_purchased":["Enlightenment","Warcry","Spot Weakness"],"campfire_rested":2,"item_purchase_floors":[5,5,14],"current_hp_per_floor":[80,77,77,80,80,51,75,82,82,85,67,73,66,66,87,0],"gold":33,"neow_bonus":"THREE_CARDS","is_prod":false,"is_daily":false,"chose_seed":false,"campfire_upgraded":0,"win_rate":0.0,"timestamp":1566318686,"path_taken":["M","?","?","M","$","E","R","?","T","M","M","M","?","$","R","BOSS"],"build_version":"2019-07-17","purchased_purges":0,"victory":false,"max_hp_per_floor":[80,80,80,80,80,80,80,87,87,87,87,87,87,87,87,87],"card_choices":[{"not_picked":["Sword Boomerang","Body Slam"],"picked":"Heavy Blade","floor":0},{"not_picked":["Clothesline","Wild Strike"],"picked":"Carnage","floor":1},{"not_picked":["Body Slam","Clash"],"picked":"Warcry","floor":4},{"not_picked":["Clothesline","Combust"],"picked":"Battle Trance","floor":6},{"not_picked":["Wild Strike","Spot Weakness","Entrench"],"picked":"Metallicize","floor":10},{"not_picked":["Fire Breathing","Combust","Bloodletting"],"picked":"Limit Break","floor":11},{"not_picked":["Perfected Strike","Entrench","Body Slam"],"picked":"Dual Wield","floor":12},{"not_picked":["Wild Strike","Clothesline","Perfected Strike"],"picked":"Pommel Strike","floor":13}],"player_experience":35379,"relics_obtained":[{"floor":6,"key":"Bag of Preparation"},{"floor":8,"key":"Strawberry"},{"floor":9,"key":"Question Card"}],"event_choices":[{"damage_healed":0,"gold_gain":0,"player_choice":"Success","damage_taken":3,"relics_obtained":["Unceasing Top"],"max_hp_gain":0,"max_hp_loss":0,"event_name":"Scrap Ooze","floor":2,"gold_loss":0},{"damage_healed":0,"gold_gain":0,"player_choice":"Leave","damage_taken":0,"max_hp_gain":0,"max_hp_loss":0,"event_name":"The Cleric","floor":3,"gold_loss":0}],"is_beta":false,"boss_relics":[],"items_purged_floors":[],"is_endless":false,"potions_floor_spawned":[4,11],"killed_by":"The Guardian","ascension_level":0}