{"gold_per_floor":[113,113,125,5,20,20,36,36,104,104,116,116,142,142,142,261,261,276,276,276,276,35,35,53,153,153,163,163,179,191,206,206,206],"floor_reached":33,"playtime":1450,"items_purged":[],"score":296,"play_id":"cee5e356-dcb0-4fbf-a800-d73754ca8de1","local_time":"20181108230824","is_ascension_mode":true,"campfire_choices":[{"data":"Zap","floor":6,"key":"SMITH"},{"floor":8,"key":"REST"},{"data":"Storm","floor":10,"key":"SMITH"},{"data":"Static Discharge","floor":12,"key":"SMITH"},{"floor":15,"key":"REST"},{"data":"Hello World","floor":23,"key":"SMITH"},{"floor":28,"key":"REST"},{"data":"Defragment","floor":32,"key":"SMITH"}],"neow_cost":"NONE","seed_source_timestamp":445028866730771,"circlet_count":0,"master_deck":["Strike_B","Strike_B","Strike_B","Strike_B","Defend_B","Defend_B","Defend_B","Defend_B","Zap+1","Ball Lightning","Hello World+1","Conserve Battery","Static Discharge+1","Streamline","Doom and Gloom","Storm+1","Sweeping Beam","Reprogram","Multi-Cast+1","Beam Cell+1","Tempest","Chaos","Parasite","Auto Shields+1","Auto Shields+1","Defragment+1","Echo Form"],"relics":["Cracked Core","Regal Pillow","Symbiotic Virus","Oddly Smooth Stone","Bloody Idol","Cursed Key","Pear","Blue Candle","Gambling Chip","Toxic Egg 2"],"potions_floor_usage":[13,24,25,25,31],"damage_taken":[{"damage":12,"enemies":"Jaw Worm","floor":1,"turns":3},{"damage":0,"enemies":"Cultist","floor":3,"turns":3},{"damage":8,"enemies":"Small Slimes","floor":5,"turns":2},{"damage":12,"enemies":"Blue Slaver","floor":7,"turns":3},{"damage":11,"enemies":"Looter","floor":11,"turns":2},{"damage":31,"enemies":"Lagavulin","floor":13,"turns":3},{"damage":44,"enemies":"Hexaghost","floor":16,"turns":5},{"damage":5,"enemies":"Spheric Guardian","floor":18,"turns":3},{"damage":0,"enemies":"Chosen","floor":24,"turns":3},{"damage":12,"enemies":"Colosseum Slavers","floor":25,"turns":4},{"damage":32,"enemies":"Colosseum Nobs","floor":25,"turns":3},{"damage":20,"enemies":"Snake Plant","floor":27,"turns":3},{"damage":2,"enemies":"Snecko","floor":29,"turns":3},{"damage":22,"enemies":"Shelled Parasite and Fungi","floor":30,"turns":5},{"damage":16,"enemies":"Snake Plant","floor":31,"turns":2},{"damage":75,"enemies":"Collector","floor":33,"turns":5}],"seed_played":"-1567484858031991227","potions_obtained":[{"floor":11,"key":"LiquidBronze"},{"floor":13,"key":"Block Potion"},{"floor":18,"key":"LiquidBronze"},{"floor":24,"key":"AttackPotion"},{"floor":30,"key":"Poison Potion"}],"is_trial":false,"path_per_floor":["M","?","M","$","M","R","M","R","T","R","M","R","E","?","R","B",null,"M","?","?","?","$","R","M","?","T","M","R","M","M","M","R","B"],"character_chosen":"DEFECT","items_purchased":["Static Discharge","Streamline","Pear"],"campfire_rested":3,"item_purchase_floors":[4,4,22],"current_hp_per_floor":[63,63,63,63,55,55,43,75,75,75,64,64,33,33,70,26,75,70,70,70,70,80,80,85,46,46,31,71,74,57,46,46,0],"gold":206,"neow_bonus":"RANDOM_COMMON_RELIC","is_prod":false,"is_daily":false,"chose_seed":false,"campfire_upgraded":5,"win_rate":0,"timestamp":1541714904,"path_taken":["M","?","M","?","M","R","M","R","T","R","M","R","E","?","R","BOSS","M","?","?","?","$","R","?","?","T","M","R","M","M","M","R","BOSS"],"build_version":"2018-11-01","purchased_purges":0,"victory":false,"max_hp_per_floor":[75,75,75,75,75,75,75,75,75,75,75,75,75,75,75,75,75,75,75,75,75,85,85,85,85,85,85,85,85,85,85,85,85],"card_choices":[{"not_picked":["Turbo","Compile Driver"],"picked":"Ball Lightning","floor":1},{"not_picked":["Recycle","Cold Snap"],"picked":"Conserve Battery","floor":3},{"not_picked":["Stack","Biased Cognition"],"picked":"Doom and Gloom","floor":5},{"not_picked":["Redo","Cold Snap"],"picked":"Storm","floor":7},{"not_picked":["Skim","Consume"],"picked":"Sweeping Beam","floor":11},{"not_picked":["Chaos","Fusion"],"picked":"Reprogram","floor":13},{"not_picked":["Machine Learning","Creative AI"],"picked":"Multi-Cast","floor":16},{"not_picked":["Hologram+1","Turbo"],"picked":"Beam Cell+1","floor":18},{"not_picked":["Gash","Sweeping Beam"],"picked":"Tempest","floor":24},{"not_picked":["Steam","Glacier"],"picked":"Chaos","floor":25},{"not_picked":["Rip and Tear","Glacier+1"],"picked":"Auto Shields+1","floor":27},{"not_picked":["Leap+1","Ball Lightning"],"picked":"Auto Shields+1","floor":29},{"not_picked":["Storm","Heatsinks"],"picked":"Defragment","floor":30},{"not_picked":["Beam Cell","Go for the Eyes+1"],"picked":"Echo Form","floor":31}],"player_experience":254227,"relics_obtained":[{"floor":9,"key":"Symbiotic Virus"},{"floor":13,"key":"Oddly Smooth Stone"},{"floor":25,"key":"Blue Candle"},{"floor":25,"key":"Gambling Chip"},{"floor":26,"key":"Toxic Egg 2"}],"event_choices":[{"damage_healed":0,"gold_gain":0,"cards_transformed":["Dualcast"],"player_choice":"Transformed","damage_taken":0,"max_hp_gain":0,"max_hp_loss":0,"event_name":"Transmorgrifier","floor":2,"gold_loss":0,"cards_obtained":["Hello World"]},{"damage_healed":0,"gold_gain":0,"player_choice":"Take Wound","damage_taken":0,"relics_obtained":["Golden Idol"],"max_hp_gain":0,"max_hp_loss":0,"event_name":"Golden Idol","floor":14,"gold_loss":0,"cards_obtained":["Injury"]},{"cards_removed":["Injury"],"damage_healed":0,"gold_gain":0,"player_choice":"Elegance","damage_taken":0,"max_hp_gain":0,"max_hp_loss":0,"event_name":"Back to Basics","floor":19,"gold_loss":0},{"damage_healed":0,"gold_gain":0,"player_choice":"Gave Idol","damage_taken":0,"relics_obtained":["Bloody Idol"],"max_hp_gain":0,"max_hp_loss":0,"event_name":"Forgotten Altar","floor":20,"relics_lost":["Golden Idol"],"gold_loss":0},{"damage_healed":0,"gold_gain":0,"player_choice":"Forge","damage_taken":0,"max_hp_gain":0,"max_hp_loss":0,"event_name":"Accursed Blacksmith","floor":21,"gold_loss":0,"cards_upgraded":["Multi-Cast"]},{"damage_healed":0,"gold_gain":0,"player_choice":"Fight","damage_taken":0,"max_hp_gain":0,"max_hp_loss":0,"event_name":"Colosseum","floor":25,"gold_loss":0},{"damage_healed":0,"gold_gain":0,"player_choice":"Fought Nobs","damage_taken":0,"max_hp_gain":0,"max_hp_loss":0,"event_name":"Colosseum","floor":25,"gold_loss":0}],"is_beta":false,"boss_relics":[{"not_picked":["Busted Crown","Snecko Eye"],"picked":"Cursed Key"}],"items_purged_floors":[],"is_endless":false,"potions_floor_spawned":[11,13,18,24,30],"killed_by":"Collector","ascension_level":4}