{"path_per_floor":["M","?","T","?","?","E","M","E","T","?","E","R","M","M","R","B",null,"M","T","M","?","$","R","M","R","T","?","M","M","M"],"character_chosen":"THE_SILENT","items_purchased":["War Paint","Ninja Scroll","Accuracy"],"gold_per_floor":[117,117,141,141,141,167,178,240,263,338,370,370,380,391,391,495,495,506,531,544,469,2,2,14,14,96,96,109,124,136,136],"floor_reached":31,"campfire_rested":2,"playtime":1473,"current_hp_per_floor":[70,70,70,70,70,70,70,37,37,26,22,43,43,37,58,38,70,57,64,52,52,52,52,50,50,50,50,40,25,4,0],"items_purged":[],"gold":136,"score":294,"play_id":"282d64b0-b941-4e5d-be9a-d855d59062a6","local_time":"20180522203737","is_prod":false,"is_daily":false,"chose_seed":false,"is_ascension_mode":true,"campfire_upgraded":2,"timestamp":1527014257,"campfire_choices":[{"floor":12,"key":"REST"},{"floor":15,"key":"REST"},{"data":"Accuracy","floor":23,"key":"SMITH"},{"data":"Envenom","floor":25,"key":"SMITH"}],"path_taken":["M","?","?","?","?","E","?","E","T","?","E","R","M","M","R","BOSS","M","?","?","?","$","R","?","R","T","?","M","?","M","M"],"build_version":"2018-05-17","seed_source_timestamp":559375209165744,"purchased_purges":0,"victory":false,"master_deck":["Defend_G","Defend_G","Defend_G","Strike_G","Strike_G","Survivor","Neutralize","Cloak And Dagger+1","Burst","Deadly Poison","Deadly Poison","Bane","All Out Attack","Prepared+1","Bouncing Flask","Envenom+1","Footwork+1","Sucker Punch+1","A Thousand Cuts+1","Prepared","Setup+1","Accuracy+1","Accuracy","Poisoned Stab","Noxious Fumes","Dagger Spray"],"max_hp_per_floor":[70,70,70,70,70,70,70,70,70,70,70,70,70,70,70,70,70,70,77,77,77,77,77,77,77,77,77,77,77,77,77],"relics":["Ring of the Snake","NeowsBlessing","Ancient Tea Set","Potion Belt","Art of War","Tiny Chest","Omamori","Boot","Astrolabe","Strawberry","War Paint","Ninja Scroll","Dodecahedron"],"card_choices":[{"not_picked":["Skewer","Deflect"],"picked":"Cloak And Dagger","floor":1},{"not_picked":["Die Die Die","Leg Sweep"],"picked":"Deadly Poison","floor":6},{"not_picked":["Slice","Flying Knee"],"picked":"Deadly Poison","floor":7},{"not_picked":["Backflip","Flying Knee"],"picked":"Bane","floor":8},{"not_picked":["Flying Knee","Bullet Time"],"picked":"All Out Attack","floor":11},{"not_picked":["Sucker Punch","Calculated Gamble"],"picked":"Prepared","floor":13},{"not_picked":["Dagger Spray","Flying Knee"],"picked":"Bouncing Flask","floor":14},{"not_picked":["Burst","Night Terror"],"picked":"Envenom","floor":16},{"not_picked":["PiercingWail","Eviscerate"],"picked":"Prepared","floor":18},{"not_picked":["Outmaneuver","Sucker Punch+1"],"picked":"Setup+1","floor":20},{"not_picked":["Calculated Gamble","Footwork+1"],"picked":"Accuracy","floor":24},{"not_picked":["Backflip","Masterful Stab"],"picked":"Poisoned Stab","floor":28},{"not_picked":["Distraction+1","Slice"],"picked":"Noxious Fumes","floor":29},{"not_picked":["Dodge and Roll+1","Crippling Poison"],"picked":"Dagger Spray","floor":30}],"player_experience":133664,"potions_floor_usage":[8,11,30,30,31,31],"damage_taken":[{"damage":0,"enemies":"Jaw Worm","floor":1,"turns":1},{"damage":0,"enemies":"Lagavulin","floor":6,"turns":1},{"damage":0,"enemies":"2 Louse","floor":7,"turns":1},{"damage":33,"enemies":"3 Sentries","floor":8,"turns":10},{"damage":4,"enemies":"Gremlin Nob","floor":11,"turns":3},{"damage":0,"enemies":"Cultist","floor":13,"turns":2},{"damage":6,"enemies":"2 Fungi Beasts","floor":14,"turns":3},{"damage":20,"enemies":"The Guardian","floor":16,"turns":7},{"damage":13,"enemies":"Chosen","floor":18,"turns":5},{"damage":12,"enemies":"3 Byrds","floor":20,"turns":5},{"damage":2,"enemies":"Cultist and Chosen","floor":24,"turns":4},{"damage":10,"enemies":"3 Cultists","floor":28,"turns":3},{"damage":15,"enemies":"Snecko","floor":29,"turns":3},{"damage":21,"enemies":"Slaver and Parasite","floor":30,"turns":6},{"damage":10,"enemies":"Sentry and Sphere","floor":31,"turns":3}],"relics_obtained":[{"floor":3,"key":"Ancient Tea Set"},{"floor":6,"key":"Art of War"},{"floor":8,"key":"Tiny Chest"},{"floor":9,"key":"Omamori"},{"floor":11,"key":"Boot"},{"floor":19,"key":"Strawberry"},{"floor":26,"key":"Dodecahedron"}],"event_choices":[{"event_name":"Living Wall","player_choice":"Change","floor":2,"damage_taken":0},{"event_name":"Big Fish","player_choice":"Box","floor":4,"damage_taken":0},{"event_name":"Fountain of Cleansing","player_choice":"Removed Curse","floor":5,"damage_taken":0},{"event_name":"World of Goop","player_choice":"Gather Gold","floor":10,"damage_taken":0},{"event_name":"Beggar","player_choice":"Gave Gold","floor":21,"damage_taken":0},{"event_name":"Vampires","player_choice":"Ignored","floor":27,"damage_taken":0}],"boss_relics":[{"not_picked":["Sozu","Eternal Feather"],"picked":"Astrolabe"}],"potions_floor_spawned":[6,8,11,13,28,30],"seed_played":"-4818492870872889971","killed_by":"Sentry and Sphere","ascension_level":1,"potions_obtained":[{"floor":6,"key":"Swift Potion"},{"floor":8,"key":"Block Potion"},{"floor":11,"key":"Dexterity Potion"},{"floor":13,"key":"SpeedPotion"},{"floor":28,"key":"Strength Potion"},{"floor":30,"key":"EssenceOfSteel"}],"is_trial":false}