{"gold_per_floor":[114,114,114,78,78,78,93,109,109,37,51,71,81,99,99,195,195,213,63,63,77,77],"floor_reached":22,"playtime":1413,"items_purged":[],"score":178,"play_id":"1142d4ac-5c45-4ebc-8c28-73ca29aea51a","local_time":"20190825211607","is_ascension_mode":false,"campfire_choices":[{"floor":6,"key":"REST"},{"floor":15,"key":"REST"}],"neow_cost":"PERCENT_DAMAGE","seed_source_timestamp":917415511724000,"circlet_count":0,"master_deck":["Strike_B+1","Strike_B","Strike_B","Defend_B","Defend_B+1","Zap","Dualcast","Echo Form","Streamline","Loop","Loop","Turbo","Loop","Cold Snap","Ball Lightning","Go for the Eyes","Defragment","Electrodynamics","Defragment+1","FTL+1","Aggregate+1","Sweeping Beam","Rainbow","Good Instincts","Chill"],"relics":["Cracked Core","Bag of Marbles","Astrolabe","PreservedInsect"],"potions_floor_usage":[12,14,16],"damage_taken":[{"damage":2,"enemies":"2 Louse","floor":1,"turns":3},{"damage":5,"enemies":"Small Slimes","floor":7,"turns":4},{"damage":15,"enemies":"Jaw Worm","floor":8,"turns":4},{"damage":13,"enemies":"2 Fungi Beasts","floor":11,"turns":4},{"damage":7,"enemies":"Blue Slaver","floor":12,"turns":4},{"damage":0,"enemies":"Looter","floor":13,"turns":3},{"damage":12,"enemies":"Gremlin Gang","floor":14,"turns":3},{"damage":15,"enemies":"Hexaghost","floor":16,"turns":9},{"damage":42,"enemies":"3 Byrds","floor":18,"turns":4},{"damage":26,"enemies":"2 Thieves","floor":21,"turns":4},{"damage":22,"enemies":"Snecko","floor":22,"turns":4}],"seed_played":"1360794089929597186","potions_obtained":[{"floor":8,"key":"Swift Potion"},{"floor":12,"key":"Fire Potion"},{"floor":13,"key":"SkillPotion"},{"floor":16,"key":"GamblersBrew"}],"is_trial":false,"path_per_floor":["M","?","?","$","?","R","M","M","T","$","M","M","M","M","R","B",null,"M","$","?","M","M"],"character_chosen":"DEFECT","items_purchased":["Loop","Loop","Rainbow","Good Instincts"],"campfire_rested":2,"item_purchase_floors":[4,10,19,19],"current_hp_per_floor":[52,52,52,52,37,59,54,39,39,39,26,19,19,7,29,14,75,33,33,33,7,0],"gold":77,"neow_bonus":"THREE_RARE_CARDS","is_prod":false,"is_daily":false,"chose_seed":false,"campfire_upgraded":0,"win_rate":0.0,"timestamp":1566792967,"path_taken":["M","?","?","?","?","R","M","?","T","$","M","M","M","M","R","BOSS","M","$","?","M","M"],"build_version":"2019-07-17","purchased_purges":0,"victory":false,"max_hp_per_floor":[75,75,75,75,75,75,75,75,75,75,75,75,75,75,75,75,75,75,75,75,75,75],"card_choices":[{"not_picked":["Biased Cognition","Reboot"],"picked":"Echo Form","floor":0},{"not_picked":["Blizzard","Go for the Eyes"],"picked":"Streamline","floor":1},{"not_picked":["Hologram","Hello World"],"picked":"Loop","floor":7},{"not_picked":["Stack","Hologram"],"picked":"Turbo","floor":8},{"not_picked":["Lockon","Skim"],"picked":"Cold Snap","floor":11},{"not_picked":["Thunder Strike","Streamline"],"picked":"Ball Lightning","floor":12},{"not_picked":["Force Field","Rebound"],"picked":"Go for the Eyes","floor":13},{"not_picked":["Cold Snap","Scrape"],"picked":"Defragment","floor":14},{"not_picked":["Machine Learning","Buffer"],"picked":"Electrodynamics","floor":16},{"not_picked":["Auto Shields+1","Streamline+1"],"picked":"Sweeping Beam","floor":18},{"not_picked":["Beam Cell","Scrape"],"picked":"Chill","floor":21}],"player_experience":70189,"relics_obtained":[{"floor":9,"key":"Bag of Marbles"}],"event_choices":[{"damage_healed":0,"gold_gain":0,"player_choice":"Leave","damage_taken":0,"max_hp_gain":0,"max_hp_loss":0,"event_name":"The Cleric","floor":2,"gold_loss":0},{"damage_healed":0,"gold_gain":0,"player_choice":"Ignored","damage_taken":0,"max_hp_gain":0,"max_hp_loss":0,"event_name":"Liars Game","floor":3,"gold_loss":0},{"damage_healed":0,"gold_gain":0,"player_choice":"Entered Light","damage_taken":15,"max_hp_gain":0,"max_hp_loss":0,"event_name":"Shining Light","floor":5,"gold_loss":0,"cards_upgraded":["Defend_B","Strike_B"]},{"damage_healed":0,"gold_gain":0,"player_choice":"Gave Potion","damage_taken":0,"relics_obtained":["PreservedInsect"],"max_hp_gain":0,"max_hp_loss":0,"event_name":"WeMeetAgain","floor":20,"gold_loss":0}],"is_beta":false,"boss_relics":[{"not_picked":["Calling Bell","Cursed Key"],"picked":"Astrolabe"}],"items_purged_floors":[],"is_endless":false,"potions_floor_spawned":[8,12,13,16],"killed_by":"Snecko","ascension_level":0}