{"gold_per_floor":[119,119,134,134,149,178,178,204,204,215,196,196,296,315,315,315],"floor_reached":16,"playtime":1040,"items_purged":[],"score":123,"play_id":"22df08a7-53e9-4b08-aaa9-462b0fee4925","local_time":"20180722164202","is_ascension_mode":true,"campfire_choices":[{"floor":7,"key":"REST"},{"floor":12,"key":"REST"},{"data":"Infinite Blades","floor":15,"key":"SMITH"}],"neow_cost":"NONE","seed_source_timestamp":1836833962719165,"circlet_count":0,"master_deck":["Defend_G","Defend_G","Defend_G","Defend_G","Strike_G","Strike_G","Strike_G","Strike_G","Strike_G","Survivor","Neutralize","Prepared","Cloak And Dagger","Bane","Bane","Crippling Poison","Backstab","Bane","Infinite Blades+1","All Out Attack"],"relics":["Ring of the Snake","Sundial","Unceasing Top","Calipers"],"potions_floor_usage":[3,6,8,11,14],"damage_taken":[{"damage":0,"enemies":"Small Slimes","floor":1,"turns":3},{"damage":0,"enemies":"Cultist","floor":3,"turns":4},{"damage":0,"enemies":"Jaw Worm","floor":5,"turns":4},{"damage":28,"enemies":"Lagavulin","floor":6,"turns":8},{"damage":13,"enemies":"3 Sentries","floor":8,"turns":9},{"damage":1,"enemies":"Blue Slaver","floor":10,"turns":4},{"damage":14,"enemies":"Exordium Thugs","floor":11,"turns":4},{"damage":6,"enemies":"3 Louse","floor":14,"turns":3},{"damage":52,"enemies":"Hexaghost","floor":16,"turns":9}],"seed_played":"3279235191625379885","potions_obtained":[{"floor":6,"key":"PowerPotion"},{"floor":10,"key":"SneckoOil"},{"floor":14,"key":"Dexterity Potion"}],"is_trial":false,"path_per_floor":["M","?","M","?","M","E","R","E","T","M","M","R","?","M","R"],"character_chosen":"THE_SILENT","items_purchased":[],"campfire_rested":2,"item_purchase_floors":[],"current_hp_per_floor":[70,70,70,70,70,42,63,50,50,49,35,56,56,50,50,0],"gold":315,"neow_bonus":"THREE_SMALL_POTIONS","is_prod":false,"is_daily":false,"chose_seed":false,"campfire_upgraded":1,"win_rate":0,"timestamp":1532270522,"path_taken":["M","?","M","?","?","E","R","E","T","M","M","R","?","M","R","BOSS"],"build_version":"2018-07-19v2","purchased_purges":0,"victory":false,"max_hp_per_floor":[70,70,70,70,70,70,70,70,70,70,70,70,70,70,70,70],"card_choices":[{"not_picked":["Flying Knee","Poisoned Stab"],"picked":"Prepared","floor":1},{"not_picked":["Sucker Punch","Backflip"],"picked":"Cloak And Dagger","floor":3},{"not_picked":["Outmaneuver","Calculated Gamble"],"picked":"Bane","floor":5},{"not_picked":["Underhanded Strike","Poisoned Stab"],"picked":"Crippling Poison","floor":6},{"not_picked":["Masterful Stab","PiercingWail"],"picked":"Backstab","floor":8},{"not_picked":["Reflex","Quick Slash"],"picked":"Bane","floor":10},{"not_picked":["After Image","Dodge and Roll"],"picked":"Infinite Blades","floor":11},{"not_picked":["Deflect","Catalyst"],"picked":"All Out Attack","floor":14}],"player_experience":178338,"relics_obtained":[{"floor":6,"key":"Sundial"},{"floor":8,"key":"Unceasing Top"},{"floor":9,"key":"Calipers"}],"event_choices":[{"event_name":"Wheel of Change","player_choice":"Full Heal","floor":2,"damage_taken":0},{"event_name":"Living Wall","player_choice":"Change","floor":4,"damage_taken":0},{"event_name":"Golden Shrine","player_choice":"Pray","floor":13,"damage_taken":0}],"is_beta":false,"boss_relics":[],"items_purged_floors":[],"is_endless":false,"potions_floor_spawned":[6,10,14],"killed_by":"Hexaghost","ascension_level":2}