{"gold_per_floor":[109,109,126,55,65,90,90,171,171,171,141,173,173,173,173,275,275,292,302,302,314,57,57,73,73],"floor_reached":25,"playtime":1019,"items_purged":["Strike_B"],"score":314,"play_id":"bdbc4d9c-f5b8-4a56-93d6-831cb43e08ae","local_time":"20190830204809","is_ascension_mode":true,"campfire_choices":[{"floor":7,"key":"REST"},{"data":"Zap","floor":10,"key":"SMITH"},{"floor":13,"key":"REST"},{"data":"Sunder","floor":15,"key":"SMITH"},{"floor":23,"key":"REST"}],"neow_cost":"NONE","seed_source_timestamp":1334838933379700,"circlet_count":0,"master_deck":["AscendersBane","Strike_B","Strike_B","Defend_B","Defend_B","Defend_B","Defend_B","Zap+1","Dualcast","Cold Snap","Coolheaded","Sunder+1","Go for the Eyes","Capacitor","Echo Form","Defragment","Storm+1","Apotheosis","Ball Lightning"],"relics":["Cracked Core","PreservedInsect","Matryoshka","Singing Bowl","Shuriken","Dodecahedron","Velvet Choker","Nilry\u0027s Codex"],"potions_floor_usage":[12,16,24,25],"damage_taken":[{"damage":5,"enemies":"Small Slimes","floor":1,"turns":3},{"damage":7,"enemies":"Jaw Worm","floor":3,"turns":4},{"damage":0,"enemies":"Cultist","floor":5,"turns":3},{"damage":35,"enemies":"3 Sentries","floor":6,"turns":8},{"damage":10,"enemies":"Lagavulin","floor":12,"turns":3},{"damage":29,"enemies":"The Guardian","floor":16,"turns":11},{"damage":19,"enemies":"2 Thieves","floor":18,"turns":4},{"damage":17,"enemies":"Spheric Guardian","floor":19,"turns":4},{"damage":16,"enemies":"Centurion and Healer","floor":21,"turns":5},{"damage":26,"enemies":"Shelled Parasite and Fungi","floor":24,"turns":5},{"damage":5,"enemies":"Slavers","floor":25,"turns":1}],"seed_played":"3817302302473910215","potions_obtained":[{"floor":1,"key":"FearPotion"},{"floor":12,"key":"PowerPotion"},{"floor":16,"key":"FocusPotion"},{"floor":18,"key":"Swift Potion"},{"floor":19,"key":"SkillPotion"}],"is_trial":false,"path_per_floor":["M","?","M","$","M","E","R","T","T","R","?","E","R","?","R","B",null,"M","M","?","M","$","R","M","E"],"character_chosen":"DEFECT","items_purchased":["Sunder","Apotheosis"],"campfire_rested":3,"item_purchase_floors":[4,22],"current_hp_per_floor":[70,70,63,63,63,28,52,52,52,52,52,42,66,66,66,37,71,54,37,21,5,5,30,4,0],"gold":73,"neow_bonus":"TEN_PERCENT_HP_BONUS","is_prod":false,"is_daily":false,"chose_seed":false,"campfire_upgraded":2,"win_rate":0,"timestamp":1567165689,"path_taken":["M","?","M","$","M","E","R","?","T","R","?","E","R","?","R","BOSS","M","?","?","M","$","R","M","E"],"build_version":"2019-07-17","purchased_purges":1,"victory":false,"max_hp_per_floor":[82,82,82,82,82,82,82,82,82,82,82,82,82,82,82,82,82,84,84,84,84,84,84,84,84],"card_choices":[{"not_picked":["Genetic Algorithm","Steam"],"picked":"Cold Snap","floor":1},{"not_picked":["Turbo","Fusion"],"picked":"Coolheaded","floor":3},{"not_picked":["Fission","Redo","Sweeping Beam"],"picked":"SKIP","floor":5},{"not_picked":["Double Energy","Sunder"],"picked":"Go for the Eyes","floor":6},{"not_picked":["Compile Driver","Aggregate"],"picked":"Capacitor","floor":12},{"not_picked":["Buffer","Amplify"],"picked":"Echo Form","floor":16},{"not_picked":["Hologram","Compile Driver","Streamline"],"picked":"Singing Bowl","floor":18},{"not_picked":["Reinforced Body","Go for the Eyes"],"picked":"Defragment","floor":19},{"not_picked":["Force Field","Heatsinks+1"],"picked":"Storm+1","floor":21},{"not_picked":["Steam Power","Hologram"],"picked":"Ball Lightning","floor":24}],"player_experience":242394,"relics_obtained":[{"floor":6,"key":"PreservedInsect"},{"floor":8,"key":"Matryoshka"},{"floor":9,"key":"Singing Bowl"},{"floor":9,"key":"Shuriken"},{"floor":12,"key":"Dodecahedron"},{"floor":20,"key":"Nilry\u0027s Codex"}],"event_choices":[{"cards_removed":["Strike_B"],"damage_healed":0,"gold_gain":0,"player_choice":"Forget","damage_taken":0,"max_hp_gain":0,"max_hp_loss":0,"event_name":"Living Wall","floor":2,"gold_loss":0},{"damage_healed":0,"gold_gain":0,"player_choice":"Left Gold","damage_taken":0,"max_hp_gain":0,"max_hp_loss":0,"event_name":"World of Goop","floor":11,"gold_loss":30},{"damage_healed":0,"gold_gain":0,"player_choice":"Bought 0 Potions","damage_taken":0,"max_hp_gain":0,"max_hp_loss":0,"event_name":"The Woman in Blue","floor":14,"gold_loss":0},{"damage_healed":0,"gold_gain":0,"player_choice":"Obtained Book","damage_taken":16,"max_hp_gain":0,"max_hp_loss":0,"event_name":"Cursed Tome","floor":20,"gold_loss":0}],"is_beta":false,"boss_relics":[{"not_picked":["Orrery","Black Star"],"picked":"Velvet Choker"}],"items_purged_floors":[22],"is_endless":false,"potions_floor_spawned":[1,12,16,18,19],"killed_by":"Slavers","ascension_level":10}