{"gold_per_floor":[113,129,129,304,319,319,47,47,71,48,118,131,131,179,179,284,284,298,9,9,28,28,61,61],"floor_reached":24,"playtime":1415,"items_purged":["Doubt"],"score":202,"play_id":"90f179cb-8cfc-4efe-98bd-22b2f14c572a","local_time":"20190824231210","is_ascension_mode":false,"campfire_choices":[{"data":"Bash","floor":6,"key":"SMITH"},{"data":"Fire Breathing","floor":8,"key":"SMITH"},{"data":"Mayhem","floor":13,"key":"SMITH"},{"data":"Combust","floor":15,"key":"SMITH"}],"neow_cost":"NONE","seed_source_timestamp":31281686092352,"circlet_count":0,"master_deck":["Strike_R","Strike_R","Strike_R","Strike_R","Strike_R","Defend_R","Defend_R+1","Defend_R","Defend_R+1","Bash+1","Anger","Havoc","Fire Breathing+1","Mayhem+1","Headbutt","Combust+1","Barricade","Fire Breathing","Inflame","Entrench+1","Dual Wield+1"],"relics":["Burning Blood","NeowsBlessing","War Paint","Toxic Egg 2","Regal Pillow","Velvet Choker","Mercury Hourglass","Frozen Egg 2"],"potions_floor_usage":[16,16,23,23,24],"damage_taken":[{"damage":0,"enemies":"Small Slimes","floor":1,"turns":1},{"damage":0,"enemies":"Jaw Worm","floor":2,"turns":1},{"damage":0,"enemies":"Cultist","floor":5,"turns":1},{"damage":9,"enemies":"2 Fungi Beasts","floor":12,"turns":4},{"damage":67,"enemies":"Hexaghost","floor":16,"turns":8},{"damage":11,"enemies":"Spheric Guardian","floor":18,"turns":5},{"damage":25,"enemies":"3 Byrds","floor":21,"turns":4},{"damage":36,"enemies":"Book of Stabbing","floor":23,"turns":4},{"damage":27,"enemies":"Centurion and Healer","floor":24,"turns":4}],"seed_played":"-2914831701499731175","potions_obtained":[{"floor":2,"key":"Regen Potion"},{"floor":5,"key":"Poison Potion"},{"floor":18,"key":"SteroidPotion"},{"floor":22,"key":"Fire Potion"},{"floor":22,"key":"FearPotion"},{"floor":22,"key":"GamblersBrew"},{"floor":23,"key":"SpeedPotion"}],"is_trial":false,"path_per_floor":["M","M","?","?","M","R","$","R","T","$","T","M","R","T","R","B",null,"M","$","?","M","?","E","M"],"character_chosen":"IRONCLAD","items_purchased":["Mayhem","Headbutt","Mercury Hourglass","Inflame"],"campfire_rested":0,"item_purchase_floors":[7,10,19,19],"current_hp_per_floor":[80,80,80,80,80,80,80,80,80,80,80,77,77,77,77,30,80,75,75,75,56,56,26,0],"gold":61,"neow_bonus":"THREE_ENEMY_KILL","is_prod":false,"is_daily":false,"chose_seed":false,"campfire_upgraded":4,"win_rate":0.0,"timestamp":1566659530,"path_taken":["M","M","?","?","M","R","$","R","T","?","?","?","R","?","R","BOSS","M","$","?","M","?","E","?"],"build_version":"2019-07-17","purchased_purges":1,"victory":false,"max_hp_per_floor":[80,80,80,80,80,80,80,80,80,80,80,80,80,80,80,80,80,80,80,80,80,80,80,80],"card_choices":[{"not_picked":["Perfected Strike","Havoc"],"picked":"Anger","floor":1},{"not_picked":["Dark Embrace","Carnage"],"picked":"Havoc","floor":2},{"not_picked":["Cleave","Perfected Strike"],"picked":"Fire Breathing","floor":5},{"not_picked":["True Grit+1","Anger"],"picked":"Combust","floor":12},{"not_picked":["Feed","Fiend Fire"],"picked":"Barricade","floor":16},{"not_picked":["Body Slam","Flex+1"],"picked":"Fire Breathing","floor":18},{"not_picked":["Evolve+1","Spot Weakness+1"],"picked":"Entrench+1","floor":21},{"not_picked":["Battle Trance+1","Cleave"],"picked":"Dual Wield+1","floor":23}],"player_experience":73903,"relics_obtained":[{"floor":9,"key":"War Paint"},{"floor":11,"key":"Toxic Egg 2"},{"floor":14,"key":"Regal Pillow"},{"floor":23,"key":"Frozen Egg 2"}],"event_choices":[{"damage_healed":0,"gold_gain":0,"player_choice":"Ignored","damage_taken":0,"max_hp_gain":0,"max_hp_loss":0,"event_name":"Golden Wing","floor":3,"gold_loss":0},{"damage_healed":0,"gold_gain":175,"player_choice":"AGREE","damage_taken":0,"max_hp_gain":0,"max_hp_loss":0,"event_name":"Liars Game","floor":4,"gold_loss":0,"cards_obtained":["Doubt"]},{"damage_healed":0,"gold_gain":0,"player_choice":"Ignored","damage_taken":0,"max_hp_gain":0,"max_hp_loss":0,"event_name":"Cursed Tome","floor":20,"gold_loss":0},{"damage_healed":0,"gold_gain":0,"player_choice":"Got Potions","damage_taken":0,"max_hp_gain":0,"max_hp_loss":0,"event_name":"Lab","floor":22,"gold_loss":0}],"is_beta":false,"boss_relics":[{"not_picked":["Empty Cage","Lizard Tail"],"picked":"Velvet Choker"}],"items_purged_floors":[7],"is_endless":false,"potions_floor_spawned":[2,5,18,23],"killed_by":"Centurion and Healer","ascension_level":0}