{"gold_per_floor":[117,137,149,161,161,191,206,206,251,268,286,286,361,23,23,23],"floor_reached":16,"playtime":1903,"items_purged":[],"score":104,"play_id":"75040734-7c2b-4dd2-9786-0593a21c1ff6","local_time":"20190818084938","is_ascension_mode":false,"campfire_choices":[{"floor":8.0,"key":"REST"},{"data":"Strike_R","floor":12.0,"key":"SMITH"},{"floor":15,"key":"REST"}],"neow_cost":"","seed_source_timestamp":0,"circlet_count":0,"master_deck":["Strike_R+1","Strike_R","Strike_R","Strike_R","Strike_R","Defend_R","Defend_R","Defend_R","Defend_R","Bash","Uppercut","Rampage","Sword Boomerang","Anger","Flame Barrier","Perfected Strike","Warcry","Shrug It Off","Violence","Flash of Steel","Fire Breathing"],"special_seed":0,"relics":["Burning Blood","Red Skull","Strawberry"],"potions_floor_usage":[],"damage_taken":[{"damage":7.0,"enemies":"Small Slimes","floor":1.0,"turns":3.0},{"damage":4.0,"enemies":"Cultist","floor":2.0,"turns":3.0},{"damage":6.0,"enemies":"Jaw Worm","floor":3.0,"turns":3.0},{"damage":35.0,"enemies":"Gremlin Gang","floor":4.0,"turns":5.0},{"damage":49.0,"enemies":"3 Sentries","floor":6.0,"turns":7.0},{"damage":15.0,"enemies":"Lots of Slimes","floor":7.0,"turns":3.0},{"damage":12.0,"enemies":"2 Fungi Beasts","floor":10.0,"turns":3.0},{"damage":4.0,"enemies":"Blue Slaver","floor":11.0,"turns":2.0},{"damage":70,"enemies":"The Guardian","floor":16,"turns":9}],"seed_played":"4499933651817802600","potions_obtained":[{"floor":1.0,"key":"SneckoOil"},{"floor":3.0,"key":"SteroidPotion"},{"floor":6.0,"key":"Fire Potion"},{"floor":10.0,"key":"Strength Potion"}],"is_trial":false,"path_per_floor":["M","M","M","M","?","E","M","R","T","M","M","R","?","$","R","B"],"character_chosen":"IRONCLAD","items_purchased":["Violence","Flash of Steel","Fire Breathing"],"campfire_rested":2,"item_purchase_floors":[14,14,14],"current_hp_per_floor":[79,80,80,51,80,37,28,52,59,53,55,55,44,44,70,0],"gold":23,"neow_bonus":"","is_prod":false,"is_daily":false,"chose_seed":false,"campfire_upgraded":1,"win_rate":0.0,"timestamp":1566089378,"path_taken":["M","M","M","M","?","E","?","R","T","M","M","R","?","$","R","BOSS"],"build_version":"2019-07-17","purchased_purges":0,"victory":false,"max_hp_per_floor":[80,80,80,80,80,80,80,80,87,87,87,87,87,87,87,87],"card_choices":[{"not_picked":["Dual Wield","Flex"],"picked":"Uppercut","floor":1.0},{"not_picked":["True Grit","Second Wind"],"picked":"Rampage","floor":2.0},{"not_picked":["Cleave","Burning Pact"],"picked":"Sword Boomerang","floor":3.0},{"not_picked":["Armaments","Thunderclap"],"picked":"Anger","floor":4.0},{"not_picked":["Shockwave","True Grit"],"picked":"Flame Barrier","floor":6.0},{"not_picked":["Offering","Thunderclap"],"picked":"Perfected Strike","floor":7.0},{"not_picked":["Entrench","Bloodletting"],"picked":"Warcry","floor":10.0},{"not_picked":["Thunderclap","Shockwave"],"picked":"Shrug It Off","floor":11.0}],"player_experience":0,"relics_obtained":[{"floor":6.0,"key":"Red Skull"},{"floor":9.0,"key":"Strawberry"}],"event_choices":[{"damage_healed":29.0,"max_hp_gain":0.0,"max_hp_loss":0.0,"gold_gain":0.0,"event_name":"Wheel of Change","player_choice":"Full Heal","floor":5.0,"gold_loss":0.0,"damage_taken":0.0},{"damage_healed":0.0,"max_hp_gain":0.0,"max_hp_loss":0.0,"gold_gain":75.0,"event_name":"World of Goop","player_choice":"Gather Gold","floor":13.0,"gold_loss":0.0,"damage_taken":11.0}],"is_beta":false,"boss_relics":[],"items_purged_floors":[],"is_endless":false,"potions_floor_spawned":[1,3,6,10],"killed_by":"The Guardian","ascension_level":0}