{"gold_per_floor":[110,130,141,157,157,188,188,188,188,188,188],"floor_reached":11,"playtime":524,"items_purged":[],"score":84,"play_id":"c90c4f3c-4587-49ba-9503-526d86bd6ff8","local_time":"20190621210052","is_ascension_mode":true,"campfire_choices":[{"floor":8,"key":"REST"},{"data":"Armaments","floor":10,"key":"SMITH"}],"neow_cost":"NONE","seed_source_timestamp":78528944446119,"circlet_count":0,"master_deck":["Strike_R","Strike_R","Strike_R","Strike_R","Strike_R","Defend_R","Defend_R","Defend_R","Defend_R","Bash","Spot Weakness","Second Wind","Rampage","Dual Wield","Armaments+1"],"relics":["Burning Blood","Peace Pipe","Darkstone Periapt","The Courier"],"potions_floor_usage":[],"damage_taken":[{"damage":14,"enemies":"Cultist","floor":1,"turns":5},{"damage":4,"enemies":"2 Louse","floor":2,"turns":3},{"damage":7,"enemies":"Small Slimes","floor":3,"turns":4},{"damage":26,"enemies":"Exordium Thugs","floor":4,"turns":4},{"damage":55,"enemies":"Gremlin Nob","floor":6,"turns":6},{"damage":36,"enemies":"Lagavulin","floor":11,"turns":5}],"seed_played":"1494441951659205665","potions_obtained":[{"floor":1,"key":"PowerPotion"}],"is_trial":false,"path_per_floor":["M","M","M","M","?","E","?","R","T","R","E"],"character_chosen":"IRONCLAD","items_purchased":[],"campfire_rested":1,"item_purchase_floors":[],"current_hp_per_floor":[80,82,81,61,66,17,5,32,32,32,0],"gold":188,"neow_bonus":"TEN_PERCENT_HP_BONUS","is_prod":false,"is_daily":false,"chose_seed":false,"campfire_upgraded":1,"win_rate":0,"timestamp":1561165252,"path_taken":["M","M","M","?","?","E","?","R","T","R","E"],"build_version":"2019-01-23","purchased_purges":0,"victory":false,"max_hp_per_floor":[88,88,88,88,93,93,93,93,93,93,93],"card_choices":[{"not_picked":["Anger","Iron Wave"],"picked":"Spot Weakness","floor":1},{"not_picked":["Heavy Blade","True Grit"],"picked":"Second Wind","floor":2},{"not_picked":["Thunderclap","Clash"],"picked":"Rampage","floor":3},{"not_picked":["Rampage","Dropkick"],"picked":"Dual Wield","floor":4},{"not_picked":["Entrench","Pommel Strike"],"picked":"Armaments","floor":6}],"player_experience":74933,"relics_obtained":[{"floor":6,"key":"Peace Pipe"},{"floor":9,"key":"The Courier"}],"event_choices":[{"damage_healed":0,"gold_gain":0,"player_choice":"Donut","damage_taken":0,"max_hp_gain":5,"max_hp_loss":0,"event_name":"Big Fish","floor":5,"gold_loss":0},{"damage_healed":0,"gold_gain":0,"player_choice":"Success","damage_taken":12,"relics_obtained":["Darkstone Periapt"],"max_hp_gain":0,"max_hp_loss":0,"event_name":"Scrap Ooze","floor":7,"gold_loss":0}],"is_beta":false,"boss_relics":[],"items_purged_floors":[],"is_endless":false,"potions_floor_spawned":[1],"killed_by":"Lagavulin","ascension_level":3}