{"gold_per_floor":[369,167,183,195,38,38,50,84,84,100,100,100],"floor_reached":12,"playtime":727,"items_purged":["Defend_R"],"score":112,"play_id":"6f3e93c8-c994-4a27-83ff-a102f39dab93","local_time":"20190824143711","is_ascension_mode":true,"campfire_choices":[{"data":"True Grit","floor":6,"key":"SMITH"},{"floor":11,"key":"REST"}],"neow_cost":"PERCENT_DAMAGE","seed_source_timestamp":794476047030500,"circlet_count":0,"master_deck":["Strike_R","Strike_R","Strike_R","Strike_R","Strike_R","Defend_R","Defend_R","Defend_R","Bash","True Grit+1","Power Through","Heavy Blade","Iron Wave","Pommel Strike","Evolve","Flame Barrier","Havoc","Flex","Inflame"],"relics":["Burning Blood","Sundial","Bottled Flame"],"potions_floor_usage":[12],"damage_taken":[{"damage":1,"enemies":"Cultist","floor":1,"turns":3},{"damage":5,"enemies":"Small Slimes","floor":3,"turns":3},{"damage":2,"enemies":"Jaw Worm","floor":4,"turns":4},{"damage":14,"enemies":"Red Slaver","floor":7,"turns":4},{"damage":27,"enemies":"Lagavulin","floor":8,"turns":10},{"damage":7,"enemies":"Lots of Slimes","floor":10,"turns":6},{"damage":73,"enemies":"Gremlin Nob","floor":12,"turns":7}],"seed_played":"2105064033187816741","potions_obtained":[{"floor":10,"key":"Dexterity Potion"}],"is_trial":false,"path_per_floor":["M","$","M","M","$","R","M","E","T","M","R","E"],"character_chosen":"IRONCLAD","items_purchased":["Power Through","Heavy Blade","Evolve","Flame Barrier"],"campfire_rested":1,"item_purchase_floors":[2,2,5,5],"current_hp_per_floor":[56,56,57,61,61,61,53,32,32,31,55,0],"gold":100,"neow_bonus":"TWO_FIFTY_GOLD","is_prod":false,"is_daily":false,"chose_seed":false,"campfire_upgraded":1,"win_rate":0,"timestamp":1566625031,"path_taken":["M","$","M","M","$","R","M","E","T","M","R","E"],"build_version":"2019-07-17","purchased_purges":1,"victory":false,"max_hp_per_floor":[80,80,80,80,80,80,80,80,80,80,80,80],"card_choices":[{"not_picked":["Twin Strike","Intimidate"],"picked":"True Grit","floor":1},{"not_picked":["Dual Wield","Infernal Blade"],"picked":"Iron Wave","floor":3},{"not_picked":["Iron Wave","Anger"],"picked":"Pommel Strike","floor":4},{"not_picked":["Dropkick","Wild Strike"],"picked":"Havoc","floor":7},{"not_picked":["Dark Embrace","Perfected Strike"],"picked":"Flex","floor":8},{"not_picked":["Sword Boomerang","True Grit"],"picked":"Inflame","floor":10}],"player_experience":193694,"relics_obtained":[{"floor":8,"key":"Sundial"},{"floor":9,"key":"Bottled Flame"}],"event_choices":[],"is_beta":false,"boss_relics":[],"items_purged_floors":[2],"is_endless":false,"potions_floor_spawned":[10],"killed_by":"Gremlin Nob","ascension_level":8}