{"gold_per_floor":[115,126,76,76,5,5,33,43,94,111,121,134,145,164,164,267,267,282,297,313,155,166,166,179,212,212,212,19,0,15,15,15,119,119,130,140,152,171,181,181,192,192],"floor_reached":42,"playtime":2133,"items_purged":["Defend_R"],"score":662,"play_id":"6369f23b-faf9-4305-a8c1-42e26b1a1d1d","local_time":"20190824180201","is_ascension_mode":true,"campfire_choices":[{"data":"Perfected Strike","floor":6.0,"key":"SMITH"},{"data":"Armaments","floor":15.0,"key":"SMITH"},{"data":"Limit Break","floor":23.0,"key":"SMITH"},{"floor":32,"key":"REST"},{"floor":40,"key":"REST"}],"neow_cost":"NONE","seed_source_timestamp":417179111404000,"circlet_count":0,"master_deck":["Strike_R","Strike_R","Strike_R","Strike_R","Strike_R","Defend_R","Defend_R","Bash","Perfected Strike+1","Cleave","Metallicize","Anger","Evolve","Pommel Strike","Armaments+1","Clash","Impervious","Twin Strike","Anger","Perfected Strike+1","Swift Strike","Limit Break+1","Flame Barrier","Wild Strike","Inflame","Swift Strike","Pommel Strike","Shrug It Off","Berserk","Twin Strike","Flex+1","Parasite"],"special_seed":0,"relics":["Black Blood","NeowsBlessing","Red Skull","Mango","Vajra","Mark of Pain","Bag of Marbles","Singing Bowl"],"potions_floor_usage":[25,33,39,42],"damage_taken":[{"damage":0.0,"enemies":"Jaw Worm","floor":1.0,"turns":1.0},{"damage":0.0,"enemies":"2 Louse","floor":2.0,"turns":1.0},{"damage":0.0,"enemies":"Lagavulin","floor":7.0,"turns":1.0},{"damage":1.0,"enemies":"Cultist","floor":8.0,"turns":3.0},{"damage":2.0,"enemies":"Exordium Wildlife","floor":10.0,"turns":3.0},{"damage":25.0,"enemies":"Exordium Thugs","floor":11.0,"turns":3.0},{"damage":4.0,"enemies":"Large Slime","floor":12.0,"turns":5.0},{"damage":11.0,"enemies":"Looter","floor":13.0,"turns":2.0},{"damage":7.0,"enemies":"3 Louse","floor":14.0,"turns":2.0},{"damage":28.0,"enemies":"The Guardian","floor":16.0,"turns":7.0},{"damage":21.0,"enemies":"3 Byrds","floor":18.0,"turns":5.0},{"damage":12.0,"enemies":"Chosen","floor":19.0,"turns":2.0},{"damage":11.0,"enemies":"Centurion and Healer","floor":20.0,"turns":5.0},{"damage":0.0,"enemies":"Snake Plant","floor":22.0,"turns":1.0},{"damage":12.0,"enemies":"Cultist and Chosen","floor":24.0,"turns":3.0},{"damage":43,"enemies":"Gremlin Leader","floor":25,"turns":4},{"damage":14,"enemies":"Centurion and Healer","floor":30,"turns":2},{"damage":55,"enemies":"Collector","floor":33,"turns":8},{"damage":14,"enemies":"Orb Walker","floor":35,"turns":3},{"damage":8,"enemies":"3 Shapes","floor":36,"turns":3},{"damage":48,"enemies":"Maw","floor":37,"turns":7},{"damage":31,"enemies":"4 Shapes","floor":38,"turns":3},{"damage":15,"enemies":"3 Darklings","floor":39,"turns":3},{"damage":31,"enemies":"Writhing Mass","floor":41,"turns":4},{"damage":32,"enemies":"Nemesis","floor":42,"turns":2}],"seed_played":"-8630349487894680222","potions_obtained":[{"floor":1.0,"key":"AttackPotion"},{"floor":12.0,"key":"Strength Potion"},{"floor":14.0,"key":"Swift Potion"},{"floor":16.0,"key":"AttackPotion"},{"floor":18.0,"key":"Explosive Potion"},{"floor":20.0,"key":"AttackPotion"},{"floor":30,"key":"PowerPotion"},{"floor":36,"key":"SkillPotion"},{"floor":41,"key":"FearPotion"}],"is_trial":false,"path_per_floor":["M","M","?","?","$","R","E","M","T","M","M","M","M","M","R","B",null,"M","M","M","$","M","R","M","E","T","?","$","?","M","?","R","B",null,"M","M","M","M","M","R","M","E"],"character_chosen":"IRONCLAD","items_purchased":["Metallicize","Swift Strike","Inflame","Swift Strike","Pommel Strike"],"campfire_rested":2,"item_purchase_floors":[5,21,28,28,28],"current_hp_per_floor":[78,80,80,80,80,80,94,94,94,94,75,77,72,71,71,49,83,68,62,57,57,63,63,57,20,20,20,20,20,12,43,71,22,76,72,76,40,21,16,46,27,0],"gold":192,"neow_bonus":"THREE_ENEMY_KILL","is_prod":false,"is_daily":false,"chose_seed":false,"campfire_upgraded":3,"win_rate":0,"timestamp":1566694921,"path_taken":["M","M","?","?","$","R","E","M","T","M","?","M","M","M","R","BOSS","M","M","M","$","M","R","M","E","T","?","?","?","M","?","R","BOSS","M","M","M","M","M","R","M","E"],"build_version":"2019-07-17","purchased_purges":1,"victory":false,"max_hp_per_floor":[80,80,80,80,80,80,94,94,94,94,94,94,94,94,94,94,94,94,94,94,94,94,94,94,94,94,94,94,94,94,94,94,94,94,94,96,98,100,100,100,102,102],"card_choices":[{"not_picked":["Intimidate","Havoc"],"picked":"Perfected Strike","floor":1.0},{"not_picked":["Corruption","Clash"],"picked":"Cleave","floor":2.0},{"not_picked":["Sword Boomerang","Infernal Blade"],"picked":"Anger","floor":7.0},{"not_picked":["Heavy Blade","Armaments"],"picked":"Evolve","floor":8.0},{"not_picked":["Whirlwind","Havoc"],"picked":"Pommel Strike","floor":10.0},{"not_picked":["Rupture","Whirlwind","Intimidate"],"picked":"SKIP","floor":11.0},{"not_picked":["Headbutt","Cleave"],"picked":"Armaments","floor":12.0},{"not_picked":["Bloodletting","Thunderclap","Body Slam"],"picked":"SKIP","floor":13.0},{"not_picked":["Intimidate","Fiend Fire"],"picked":"Clash","floor":14.0},{"not_picked":["Juggernaut","Bludgeon"],"picked":"Impervious","floor":16.0},{"not_picked":["Sever Soul","Havoc"],"picked":"Twin Strike","floor":18.0},{"not_picked":["Warcry","Headbutt"],"picked":"Anger","floor":19.0},{"not_picked":["Pommel Strike","Searing Blow"],"picked":"Perfected Strike+1","floor":20.0},{"not_picked":["Wild Strike+1","Flex"],"picked":"Limit Break","floor":22.0},{"not_picked":["Feel No Pain","Wild Strike"],"picked":"Flame Barrier","floor":24.0},{"not_picked":["Clothesline+1","Combust"],"picked":"Wild Strike","floor":25},{"not_picked":["Searing Blow","Sword Boomerang+1"],"picked":"Shrug It Off","floor":30},{"not_picked":["Exhume","Offering"],"picked":"Berserk","floor":33},{"not_picked":["Sword Boomerang","Ghostly Armor"],"picked":"Twin Strike","floor":35},{"not_picked":["Anger","Shrug It Off","Spot Weakness"],"picked":"Singing Bowl","floor":36},{"not_picked":["Headbutt","Corruption","Blood for Blood+1"],"picked":"Singing Bowl","floor":37},{"not_picked":["Flame Barrier","Clothesline+1","Exhume"],"picked":"Singing Bowl","floor":38},{"not_picked":["Evolve+1","Fire Breathing+1"],"picked":"Flex+1","floor":39},{"not_picked":["Flex+1","Pommel Strike+1","Iron Wave+1"],"picked":"Singing Bowl","floor":41}],"player_experience":147014,"relics_obtained":[{"floor":7.0,"key":"Mango"},{"floor":9.0,"key":"Vajra"},{"floor":25,"key":"Bag of Marbles"},{"floor":26,"key":"Singing Bowl"}],"event_choices":[{"cards_removed":["Defend_R"],"damage_healed":0.0,"max_hp_gain":0.0,"max_hp_loss":0.0,"gold_gain":0.0,"event_name":"The Cleric","player_choice":"Card Removal","floor":3.0,"gold_loss":50.0,"damage_taken":0.0},{"damage_healed":0.0,"max_hp_gain":0.0,"max_hp_loss":0.0,"gold_gain":0.0,"event_name":"WeMeetAgain","player_choice":"Gave Potion","floor":4.0,"gold_loss":0.0,"damage_taken":0.0,"relics_obtained":["Red Skull"]},{"damage_healed":0,"gold_gain":0,"player_choice":"Ignored","damage_taken":0,"max_hp_gain":0,"max_hp_loss":0,"event_name":"Vampires","floor":27,"gold_loss":0},{"damage_healed":0,"gold_gain":0,"player_choice":"Paid Fearfully","damage_taken":0,"max_hp_gain":0,"max_hp_loss":0,"event_name":"Masked Bandits","floor":29,"gold_loss":19},{"damage_healed":31,"gold_gain":0,"player_choice":"Heal","damage_taken":0,"max_hp_gain":0,"max_hp_loss":0,"event_name":"The Library","floor":31,"gold_loss":0}],"is_beta":false,"boss_relics":[{"not_picked":["Snecko Eye","Busted Crown"],"picked":"Mark of Pain"},{"not_picked":["Philosopher\u0027s Stone","Black Star"],"picked":"Black Blood"}],"items_purged_floors":[21],"is_endless":false,"potions_floor_spawned":[1,12,14,16,18,20,30,36,41],"killed_by":"Nemesis","ascension_level":8}