{"gold_per_floor":[114,125,141,152,5,5,23,23,323,334,334,344,294,294,294,389,389,405,422,432,445,67,102,102,115,115,115,38,38,38,49,49,151,151,161,86,98,114,214,244,244,255,255,269,285,317,329,340,340,340,340,340,191,223,223],"floor_reached":55,"playtime":5208,"items_purged":["Strike_B","Strike_B"],"score":722,"play_id":"90e6fad8-8c5e-4d6a-b44a-6b2aaf08abd4","local_time":"20190815092716","is_ascension_mode":false,"campfire_choices":[{"data":"Genetic Algorithm","floor":6,"key":"SMITH"},{"data":"Blizzard","floor":8,"key":"SMITH"},{"data":"Dualcast","floor":11,"key":"SMITH"},{"data":"Zap","floor":15,"key":"SMITH"},{"floor":24,"key":"REST"},{"data":"Defragment","floor":27,"key":"SMITH"},{"floor":32,"key":"REST"},{"data":"Seek","floor":41,"key":"SMITH"},{"floor":49,"key":"RECALL"},{"data":"Blizzard","floor":52,"key":"SMITH"}],"neow_cost":"NONE","seed_source_timestamp":2000175434482367,"circlet_count":0,"master_deck":["Strike_B","Strike_B","Defend_B","Defend_B","Zap+1","Dualcast+1","Blizzard+1","Cold Snap","Genetic Algorithm+1","Machine Learning","Defragment+1","Cold Snap","Coolheaded+1","Blizzard+1","Seek+1","Seek"],"relics":["FrozenCore","Omamori","Old Coin","FossilizedHelix","Gremlin Horn","Cursed Key","Du-Vu Doll","Prayer Wheel","Ginger","Darkstone Periapt","Emotion Chip"],"potions_floor_usage":[19,21,21,21,23,42,44,44,48,54],"damage_taken":[{"damage":1,"enemies":"Cultist","floor":1,"turns":3},{"damage":0,"enemies":"2 Louse","floor":2,"turns":1},{"damage":0,"enemies":"Small Slimes","floor":3,"turns":3},{"damage":8,"enemies":"2 Fungi Beasts","floor":4,"turns":4},{"damage":19,"enemies":"Exordium Thugs","floor":7,"turns":4},{"damage":11,"enemies":"Exordium Wildlife","floor":10,"turns":5},{"damage":0,"enemies":"Looter","floor":12,"turns":3},{"damage":30,"enemies":"Slime Boss","floor":16,"turns":11},{"damage":22,"enemies":"3 Byrds","floor":18,"turns":6},{"damage":17,"enemies":"2 Thieves","floor":19,"turns":5},{"damage":7,"enemies":"Centurion and Healer","floor":20,"turns":9},{"damage":0,"enemies":"Snecko","floor":21,"turns":4},{"damage":28,"enemies":"Gremlin Leader","floor":23,"turns":8},{"damage":0,"enemies":"Snake Plant","floor":25,"turns":6},{"damage":8,"enemies":"Centurion and Healer","floor":31,"turns":6},{"damage":22,"enemies":"Champ","floor":33,"turns":12},{"damage":0,"enemies":"Orb Walker","floor":35,"turns":5},{"damage":0,"enemies":"3 Shapes","floor":37,"turns":4},{"damage":0,"enemies":"Writhing Mass","floor":38,"turns":8},{"damage":0,"enemies":"Mind Bloom Boss Battle","floor":39,"turns":8},{"damage":9,"enemies":"Nemesis","floor":40,"turns":9},{"damage":0,"enemies":"Jaw Worm Horde","floor":42,"turns":4},{"damage":0,"enemies":"4 Shapes","floor":44,"turns":5},{"damage":0,"enemies":"3 Darklings","floor":45,"turns":4},{"damage":34,"enemies":"Reptomancer","floor":46,"turns":7},{"damage":0,"enemies":"Transient","floor":47,"turns":5},{"damage":0,"enemies":"Jaw Worm Horde","floor":48,"turns":5},{"damage":9,"enemies":"Awakened One","floor":50,"turns":14},{"damage":51,"enemies":"Shield and Spear","floor":54,"turns":7},{"damage":52,"enemies":"The Heart","floor":55,"turns":2}],"seed_played":"-8349696446703799448","potions_obtained":[{"floor":3,"key":"FearPotion"},{"floor":10,"key":"SneckoOil"},{"floor":16,"key":"SneckoOil"},{"floor":20,"key":"AttackPotion"},{"floor":21,"key":"Weak Potion"},{"floor":23,"key":"FearPotion"},{"floor":25,"key":"Ancient Potion"},{"floor":40,"key":"SteroidPotion"},{"floor":42,"key":"AttackPotion"},{"floor":47,"key":"SkillPotion"},{"floor":48,"key":"SmokeBomb"}],"is_trial":false,"path_per_floor":["M","M","M","M","$","R","M","R","T","M","R","M","?","?","R","B",null,"M","M","M","M","$","E","R","M","T","R","$","?","?","M","R","B",null,"M","$","M","M","?","E","R","M","T","M","M","E","M","M","R","B",null,"R","$","E","B"],"character_chosen":"DEFECT","items_purchased":["Omamori","FossilizedHelix","Defragment","Blizzard","AttackPotion"],"campfire_rested":2,"item_purchase_floors":[5,22,22,28,53],"current_hp_per_floor":[74,74,74,66,66,66,47,47,47,36,36,36,36,41,41,11,80,58,41,34,34,34,6,30,30,30,30,30,30,30,22,46,24,80,80,80,80,80,80,71,71,71,71,71,71,37,37,37,37,28,80,80,80,29,0],"gold":223,"neow_bonus":"TRANSFORM_CARD","is_prod":false,"is_daily":false,"chose_seed":false,"campfire_upgraded":7,"win_rate":0,"timestamp":1565828836,"path_taken":["M","M","M","M","?","R","M","R","T","M","R","M","?","?","R","BOSS","M","M","M","M","$","E","R","M","T","R","$","?","?","M","R","BOSS","M","$","M","M","?","E","R","M","T","M","M","E","M","M","R","BOSS","R","$","E","BOSS"],"build_version":"2019-07-05","purchased_purges":2,"victory":false,"max_hp_per_floor":[75,75,75,75,75,75,75,75,75,75,75,75,75,80,80,80,80,80,80,80,80,80,80,80,80,80,80,80,80,80,80,80,80,80,80,80,80,80,80,80,80,80,80,80,80,80,80,80,80,80,80,80,80,80,80],"card_choices":[{"not_picked":["Compile Driver","Barrage","Stack"],"picked":"SKIP","floor":1},{"not_picked":["Redo","Conserve Battery"],"picked":"Cold Snap","floor":2},{"not_picked":["Conserve Battery","Turbo"],"picked":"Genetic Algorithm","floor":3},{"not_picked":["Force Field","Hologram","Turbo"],"picked":"SKIP","floor":4},{"not_picked":["Hello World","Meteor Strike","Coolheaded"],"picked":"SKIP","floor":7},{"not_picked":["Go for the Eyes","Steam","Reprogram"],"picked":"SKIP","floor":10},{"not_picked":["Genetic Algorithm","Sunder","Fusion"],"picked":"SKIP","floor":12},{"not_picked":["Amplify","Fission"],"picked":"Machine Learning","floor":16},{"not_picked":["Streamline+1","Stack","Barrage"],"picked":"SKIP","floor":18},{"not_picked":["Hologram","Force Field","Lockon"],"picked":"SKIP","floor":19},{"not_picked":["Hologram","Fission","Storm+1"],"picked":"SKIP","floor":20},{"not_picked":["Streamline","Aggregate","Conserve Battery"],"picked":"SKIP","floor":21},{"not_picked":["Leap","Loop+1"],"picked":"Cold Snap","floor":23},{"not_picked":["Conserve Battery","Streamline+1"],"picked":"Coolheaded+1","floor":25},{"not_picked":["Gash","Undo+1","Steam"],"picked":"SKIP","floor":31},{"not_picked":["Hyperbeam","Echo Form"],"picked":"Seek","floor":33},{"not_picked":["Stack","Sweeping Beam+1","Streamline"],"picked":"SKIP","floor":35},{"not_picked":["Conserve Battery","Stack+1","Sweeping Beam+1"],"picked":"SKIP","floor":37},{"not_picked":["Barrage","Leap+1","Skim"],"picked":"SKIP","floor":38},{"not_picked":["Reprogram","Coolheaded","Undo+1"],"picked":"SKIP","floor":40},{"not_picked":["Cold Snap+1","Self Repair+1","Undo+1"],"picked":"SKIP","floor":42},{"not_picked":["Ball Lightning","Leap+1","Barrage+1"],"picked":"SKIP","floor":42},{"not_picked":["Hologram","Double Energy"],"picked":"Seek","floor":44},{"not_picked":["Rebound+1","Streamline","Barrage"],"picked":"SKIP","floor":44},{"not_picked":["Ball Lightning","Hello World+1","Redo+1"],"picked":"SKIP","floor":45},{"not_picked":["Cold Snap","Go for the Eyes","Chaos+1"],"picked":"SKIP","floor":45},{"not_picked":["Glacier+1","Lockon+1","Amplify"],"picked":"SKIP","floor":46},{"not_picked":["Turbo+1","BootSequence","Tempest"],"picked":"SKIP","floor":47},{"not_picked":["Leap","Beam Cell+1","Ball Lightning"],"picked":"SKIP","floor":47},{"not_picked":["Cold Snap","Hello World","Steam+1"],"picked":"SKIP","floor":48},{"not_picked":["Lockon+1","Gash","Redo+1"],"picked":"SKIP","floor":48},{"not_picked":["Consume+1","Undo+1","Chaos"],"picked":"SKIP","floor":54}],"player_experience":500760,"relics_obtained":[{"floor":9,"key":"Old Coin"},{"floor":23,"key":"Gremlin Horn"},{"floor":39,"key":"Du-Vu Doll"},{"floor":40,"key":"Prayer Wheel"},{"floor":43,"key":"Ginger"},{"floor":46,"key":"Darkstone Periapt"},{"floor":54,"key":"Emotion Chip"}],"event_choices":[{"cards_removed":["Defend_B"],"damage_healed":0,"gold_gain":0,"player_choice":"Card Removal","damage_taken":0,"max_hp_gain":0,"max_hp_loss":0,"event_name":"The Cleric","floor":13,"gold_loss":50},{"damage_healed":0,"gold_gain":0,"player_choice":"Donut","damage_taken":0,"max_hp_gain":5,"max_hp_loss":0,"event_name":"Big Fish","floor":14,"gold_loss":0},{"damage_healed":0,"gold_gain":0,"player_choice":"Ignored","damage_taken":0,"max_hp_gain":0,"max_hp_loss":0,"event_name":"Ghosts","floor":29,"gold_loss":0},{"damage_healed":0,"gold_gain":0,"player_choice":"Ignored","damage_taken":0,"max_hp_gain":0,"max_hp_loss":0,"event_name":"Vampires","floor":30,"gold_loss":0},{"damage_healed":0,"gold_gain":0,"player_choice":"Fight","damage_taken":0,"max_hp_gain":0,"max_hp_loss":0,"event_name":"MindBloom","floor":39,"gold_loss":0}],"is_beta":false,"boss_relics":[{"not_picked":["Lizard Tail","Snecko Eye"],"picked":"FrozenCore"},{"not_picked":["Orrery","Fusion Hammer"],"picked":"Cursed Key"}],"items_purged_floors":[36,53],"is_endless":false,"potions_floor_spawned":[3,10,16,20,21,23,25,40,42,47,48],"killed_by":"The Heart","ascension_level":0}