{"gold_per_floor":[114,124,182,192,192,192,227,227],"floor_reached":8,"playtime":455,"items_purged":[],"score":70,"play_id":"0476c069-d223-49c7-b59e-aaa80df4c02c","local_time":"20190629134739","is_ascension_mode":true,"campfire_choices":[{"data":"Riddle With Holes","floor":6,"key":"SMITH"}],"neow_cost":"NONE","seed_source_timestamp":1221583902358952,"circlet_count":0,"master_deck":["Defend_G","Defend_G","Defend_G","Defend_G","Defend_G","Strike_G","Strike_G","Strike_G","Strike_G","Strike_G","Survivor","Neutralize","Prepared","Terror","Riddle With Holes+1","PiercingWail","Blade Dance","Dodge and Roll","Dash","Storm of Steel","Injury","Blur"],"relics":["Orrery","Golden Idol","Blood Vial"],"potions_floor_usage":[8],"damage_taken":[{"damage":7,"enemies":"Small Slimes","floor":1,"turns":3},{"damage":6,"enemies":"Jaw Worm","floor":2,"turns":4},{"damage":0,"enemies":"2 Louse","floor":4,"turns":2},{"damage":46,"enemies":"Lagavulin","floor":7,"turns":8},{"damage":33,"enemies":"Gremlin Nob","floor":8,"turns":4}],"seed_played":"-459464501883077810","potions_obtained":[{"floor":4,"key":"EssenceOfSteel"}],"is_trial":false,"path_per_floor":["M","M","?","M","?","R","E","?"],"character_chosen":"THE_SILENT","items_purchased":[],"campfire_rested":0,"item_purchase_floors":[],"current_hp_per_floor":[63,57,57,57,57,57,11,0],"gold":227,"neow_bonus":"BOSS_RELIC","is_prod":false,"is_daily":false,"chose_seed":false,"campfire_upgraded":1,"win_rate":0,"timestamp":1561808859,"path_taken":["M","M","?","M","?","R","E","?"],"build_version":"2019-01-23","purchased_purges":0,"victory":false,"max_hp_per_floor":[70,70,70,70,70,70,70,70],"card_choices":[{"not_picked":["Dagger Spray","Sucker Punch"],"picked":"Prepared","floor":0},{"not_picked":["Slice","Choke"],"picked":"Terror","floor":0},{"not_picked":["Skewer","Finisher"],"picked":"Riddle With Holes","floor":0},{"not_picked":["Quick Slash","Dagger Throw"],"picked":"PiercingWail","floor":0},{"not_picked":["Choke","Concentrate"],"picked":"Blade Dance","floor":0},{"not_picked":["Prepared","Backflip"],"picked":"Dodge and Roll","floor":1},{"not_picked":["PiercingWail","Blade Dance"],"picked":"Dash","floor":2},{"not_picked":["Catalyst","Sucker Punch"],"picked":"Storm of Steel","floor":4},{"not_picked":["Dodge and Roll","Finisher"],"picked":"Blur","floor":7}],"player_experience":350024,"relics_obtained":[{"floor":7,"key":"Blood Vial"}],"event_choices":[{"damage_healed":0,"gold_gain":58,"player_choice":"Gained Gold","damage_taken":0,"max_hp_gain":0,"max_hp_loss":0,"event_name":"Golden Wing","floor":3,"gold_loss":0},{"damage_healed":0,"gold_gain":0,"player_choice":"Take Wound","damage_taken":0,"relics_obtained":["Golden Idol"],"max_hp_gain":0,"max_hp_loss":0,"event_name":"Golden Idol","floor":5,"gold_loss":0,"cards_obtained":["Injury"]},{"damage_healed":0,"gold_gain":0,"player_choice":"Searched \u00271\u0027 times","damage_taken":0,"max_hp_gain":0,"max_hp_loss":0,"event_name":"Dead Adventurer","floor":8,"gold_loss":0}],"is_beta":false,"boss_relics":[],"items_purged_floors":[],"is_endless":false,"potions_floor_spawned":[4],"killed_by":"Gremlin Nob","ascension_level":5}