{"gold_per_floor":[109,119,134,34,51,226,226,19,19,53,53,53,67,85,85,183,183,198,297,297,312,312,312,325,336,385,385,397,397,7,18,18,116,116,130,130,179,31,31,31,60,80,80,106,123,123,137,150,150,150],"floor_reached":50,"playtime":2415,"items_purged":["Doubt"],"score":695,"play_id":"c03fa816-1a20-4c8c-a99d-f73a83f5528b","local_time":"20181116170410","is_ascension_mode":true,"campfire_choices":[{"data":"Defragment","floor":7,"key":"SMITH"},{"data":"Defragment","floor":12,"key":"SMITH"},{"floor":15,"key":"REST"},{"data":"Self Repair","floor":23,"key":"SMITH"},{"floor":27,"key":"REST"},{"floor":32,"key":"REST"},{"floor":40,"key":"REST"},{"floor":46,"key":"REST"},{"floor":49,"key":"REST"}],"neow_cost":"NONE","seed_source_timestamp":1113438878561281,"circlet_count":0,"master_deck":["Strike_B","Strike_B","Strike_B","Defend_B","Defend_B","Defend_B","Zap+1","Dualcast","Defragment+1","Storm+1","Streamline","Defragment+1","Streamline","Seek","Reprogram","Beam Cell","Biased Cognition","Ball Lightning","Self Repair+1","FTL","Go for the Eyes+1","Core Surge","Streamline","Meteor Strike","Electrodynamics","Rebound","Panache","Dramatic Entrance","Sunder+1","Storm","Electrodynamics","FTL+1","Storm+1"],"relics":["Cracked Core","ClockworkSouvenir","Lantern","Pantograph","Mummified Hand","Lizard Tail","MutagenicStrength","Pen Nib","Art of War","Empty Cage","Unceasing Top","Blood Vial","Mercury Hourglass","Cables"],"potions_floor_usage":[3,5,13,24,25,25,31,33,41,50,50],"damage_taken":[{"damage":1,"enemies":"Cultist","floor":1,"turns":3},{"damage":3,"enemies":"Small Slimes","floor":2,"turns":3},{"damage":7,"enemies":"Jaw Worm","floor":3,"turns":3},{"damage":5,"enemies":"Gremlin Gang","floor":5,"turns":3},{"damage":35,"enemies":"3 Sentries","floor":10,"turns":4},{"damage":6,"enemies":"Blue Slaver","floor":13,"turns":3},{"damage":0,"enemies":"2 Fungi Beasts","floor":14,"turns":2},{"damage":0,"enemies":"Slime Boss","floor":16,"turns":6},{"damage":34,"enemies":"3 Byrds","floor":18,"turns":4},{"damage":7,"enemies":"Chosen","floor":21,"turns":3},{"damage":32,"enemies":"Centurion and Healer","floor":24,"turns":3},{"damage":0,"enemies":"Snake Plant","floor":25,"turns":2},{"damage":1,"enemies":"Sentry and Sphere","floor":28,"turns":3},{"damage":28,"enemies":"Centurion and Healer","floor":31,"turns":3},{"damage":122,"enemies":"Champ","floor":33,"turns":8},{"damage":7,"enemies":"3 Darklings","floor":35,"turns":2},{"damage":32,"enemies":"2 Orb Walkers","floor":37,"turns":3},{"damage":0,"enemies":"Reptomancer","floor":41,"turns":2},{"damage":8,"enemies":"Orb Walker","floor":42,"turns":2},{"damage":30,"enemies":"Giant Head","floor":44,"turns":5},{"damage":27,"enemies":"Maw","floor":45,"turns":3},{"damage":8,"enemies":"4 Shapes","floor":47,"turns":1},{"damage":20,"enemies":"3 Darklings","floor":48,"turns":2},{"damage":77,"enemies":"Awakened One","floor":50,"turns":3}],"seed_played":"-7423507231769578781","potions_obtained":[{"floor":1,"key":"Regen Potion"},{"floor":2,"key":"Dexterity Potion"},{"floor":3,"key":"Poison Potion"},{"floor":16,"key":"Strength Potion"},{"floor":18,"key":"GamblersBrew"},{"floor":21,"key":"Energy Potion"},{"floor":24,"key":"SneckoOil"},{"floor":31,"key":"AttackPotion"},{"floor":37,"key":"SteroidPotion"},{"floor":42,"key":"LiquidBronze"}],"is_trial":false,"path_per_floor":["M","M","M","$","M","?","R","$","T","E","T","R","M","M","R","B",null,"M","?","?","M","?","R","M","M","T","R","M","?","$","M","R","B",null,"M","?","?","$","?","R","E","M","T","E","M","R","M","M","R","B"],"character_chosen":"DEFECT","items_purchased":["Defragment","Streamline","ClockworkSouvenir","Core Surge","Streamline","PowerPotion","Art of War","Storm"],"campfire_rested":6,"item_purchase_floors":[4,4,8,30,30,30,30,38],"current_hp_per_floor":[74,71,72,72,67,67,67,67,67,32,32,32,26,26,48,73,75,41,41,41,34,34,34,2,12,12,34,43,68,68,50,72,19,75,68,63,31,31,31,53,53,57,57,29,14,36,40,22,44,0],"gold":150,"neow_bonus":"UPGRADE_CARD","is_prod":false,"is_daily":false,"chose_seed":false,"campfire_upgraded":3,"win_rate":0,"timestamp":1542384250,"path_taken":["M","M","?","$","M","?","R","$","T","E","?","R","M","?","R","BOSS","M","?","?","M","?","R","M","M","T","R","?","?","?","M","R","BOSS","M","?","?","$","?","R","E","?","T","E","M","R","M","M","R","BOSS"],"build_version":"2018-11-15","purchased_purges":1,"victory":false,"max_hp_per_floor":[75,75,75,75,75,75,75,75,75,75,75,75,75,75,75,75,75,75,75,75,75,75,75,75,75,75,75,75,75,75,75,75,75,75,75,75,75,75,75,75,75,75,75,75,75,75,75,75,75,75],"card_choices":[{"not_picked":["Beam Cell","Aggregate"],"picked":"Defragment","floor":1},{"not_picked":["Stack","Blizzard"],"picked":"Storm","floor":2},{"not_picked":["Rip and Tear","Compile Driver"],"picked":"Streamline","floor":3},{"not_picked":["Steam Power","Coolheaded"],"picked":"Seek","floor":5},{"not_picked":["Lockon","Coolheaded","Consume"],"picked":"SKIP","floor":10},{"not_picked":["Hologram","Hello World"],"picked":"Reprogram","floor":13},{"not_picked":["Gash","Stack"],"picked":"Beam Cell","floor":14},{"not_picked":["Electrodynamics","Amplify"],"picked":"Biased Cognition","floor":16},{"not_picked":["Hologram","Gash+1"],"picked":"Ball Lightning","floor":18},{"not_picked":["Redo","Defragment"],"picked":"Self Repair","floor":21},{"not_picked":["Cold Snap","Turbo","Rip and Tear"],"picked":"SKIP","floor":24},{"not_picked":["Compile Driver","Redo"],"picked":"FTL","floor":25},{"not_picked":["Compile Driver","Sweeping Beam"],"picked":"Go for the Eyes+1","floor":28},{"not_picked":["Aggregate","Scrape"],"picked":"Meteor Strike","floor":31},{"not_picked":["Seek","Echo Form"],"picked":"Electrodynamics","floor":33},{"not_picked":["Coolheaded+1","Stack"],"picked":"Rebound","floor":35},{"not_picked":["Violence","Mayhem"],"picked":"Panache","floor":36},{"not_picked":["Enlightenment","Trip"],"picked":"Dramatic Entrance","floor":36},{"not_picked":["Glacier","FTL"],"picked":"Sunder+1","floor":37},{"not_picked":["Rebound","Compile Driver","Aggregate+1"],"picked":"SKIP","floor":41},{"not_picked":["Skim","Aggregate","Coolheaded"],"picked":"SKIP","floor":42},{"not_picked":["Compile Driver+1","Steam"],"picked":"FTL+1","floor":44},{"not_picked":["Gash","Recycle+1"],"picked":"Storm+1","floor":45},{"not_picked":["Beam Cell","Sunder","Coolheaded"],"picked":"SKIP","floor":47},{"not_picked":["Sweeping Beam+1","Redo","Streamline"],"picked":"SKIP","floor":48}],"player_experience":279320,"relics_obtained":[{"floor":9,"key":"Lantern"},{"floor":10,"key":"Pantograph"},{"floor":11,"key":"Mummified Hand"},{"floor":26,"key":"Pen Nib"},{"floor":37,"key":"Unceasing Top"},{"floor":41,"key":"Blood Vial"},{"floor":43,"key":"Mercury Hourglass"},{"floor":44,"key":"Cables"}],"event_choices":[{"damage_healed":0,"gold_gain":175,"player_choice":"AGREE","damage_taken":0,"max_hp_gain":0,"max_hp_loss":0,"event_name":"Liars Game","floor":6,"gold_loss":0,"cards_obtained":["Doubt"]},{"damage_healed":0,"gold_gain":99,"player_choice":"Stole From Cult","damage_taken":0,"max_hp_gain":0,"max_hp_loss":0,"event_name":"Nest","floor":19,"gold_loss":0},{"damage_healed":0,"gold_gain":0,"player_choice":"Inject Mutagens","damage_taken":0,"relics_obtained":["MutagenicStrength"],"max_hp_gain":0,"max_hp_loss":0,"event_name":"Drug Dealer","floor":20,"gold_loss":0},{"damage_healed":0,"gold_gain":0,"player_choice":"Upgraded","damage_taken":0,"max_hp_gain":0,"max_hp_loss":0,"event_name":"Upgrade Shrine","floor":22,"gold_loss":0,"cards_upgraded":["Storm"]},{"damage_healed":25,"gold_gain":0,"player_choice":"Heal","damage_taken":0,"max_hp_gain":0,"max_hp_loss":0,"event_name":"The Library","floor":29,"gold_loss":0},{"damage_healed":0,"gold_gain":0,"player_choice":"Memory 2","damage_taken":5,"max_hp_gain":0,"max_hp_loss":0,"event_name":"SensoryStone","floor":36,"gold_loss":0},{"damage_healed":0,"gold_gain":0,"player_choice":"Fight","damage_taken":0,"max_hp_gain":0,"max_hp_loss":0,"event_name":"Mysterious Sphere","floor":37,"gold_loss":0},{"damage_healed":0,"gold_gain":0,"player_choice":"Copied","damage_taken":0,"max_hp_gain":0,"max_hp_loss":0,"event_name":"Duplicator","floor":39,"gold_loss":0,"cards_obtained":["Electrodynamics"]}],"is_beta":false,"boss_relics":[{"not_picked":["Fusion Hammer","Coffee Dripper"],"picked":"Lizard Tail"},{"not_picked":["Velvet Choker","Calling Bell"],"picked":"Empty Cage"}],"items_purged_floors":[38],"is_endless":false,"potions_floor_spawned":[1,2,3,16,18,21,24,31,37,42],"killed_by":"Awakened One","ascension_level":4}