{"gold_per_floor":[117,117,42,42,42,71,83,122,134,146,176,200,387,411,423,435],"floor_reached":16,"playtime":405,"items_purged":["Pain"],"score":190,"play_id":"cd9bd292-5556-48d8-8550-15c606d44dcd","local_time":"20181125111351","is_ascension_mode":true,"campfire_choices":[{"floor":15,"key":"REST"}],"neow_cost":"NONE","seed_source_timestamp":644724464101164,"circlet_count":0,"master_deck":["Strike_R","Strike_R","Strike_R","Strike_R","Strike_R","Defend_R","Defend_R","Defend_R","Defend_R","Bash","Armaments","Pommel Strike","Doubt"],"relics":["Burning Blood","NeowsBlessing","WarpedTongs","Lantern","MawBank","Happy Flower","WingedGreaves","Oddly Smooth Stone"],"potions_floor_usage":[14,16,16],"damage_taken":[{"damage":0,"enemies":"Small Slimes","floor":1,"turns":1},{"damage":0,"enemies":"Lagavulin","floor":6,"turns":1},{"damage":0,"enemies":"3 Sentries","floor":8,"turns":2},{"damage":0,"enemies":"Cultist","floor":11,"turns":2},{"damage":1,"enemies":"2 Louse","floor":12,"turns":2},{"damage":6,"enemies":"2 Fungi Beasts","floor":14,"turns":3},{"damage":78,"enemies":"Hexaghost","floor":16,"turns":9}],"seed_played":"-1277944777178190221","potions_obtained":[{"floor":8,"key":"FearPotion"},{"floor":11,"key":"Poison Potion"},{"floor":14,"key":"Ancient Potion"}],"is_trial":false,"path_per_floor":["M","?","$","$","?","E","?","E","T","$","M","M","?","M","R","B"],"character_chosen":"IRONCLAD","items_purchased":[],"campfire_rested":1,"item_purchase_floors":[],"current_hp_per_floor":[80,80,80,80,28,34,34,40,40,40,46,51,51,51,75,0],"gold":435,"neow_bonus":"THREE_ENEMY_KILL","is_prod":false,"is_daily":false,"chose_seed":false,"campfire_upgraded":0,"win_rate":0,"timestamp":1543140831,"path_taken":["M","?","?","$","?","E","?","E","T","?","?","M","?","M","R","BOSS"],"build_version":"2018-11-15","purchased_purges":1,"victory":false,"max_hp_per_floor":[80,80,80,80,80,80,80,80,80,80,80,80,80,80,80,80],"card_choices":[{"not_picked":["True Grit","Clothesline"],"picked":"Armaments","floor":1},{"not_picked":["Iron Wave","Heavy Blade"],"picked":"Pommel Strike","floor":6},{"not_picked":["Armaments","Clothesline","Shrug It Off"],"picked":"SKIP","floor":8},{"not_picked":["Havoc","Thunderclap","Berserk"],"picked":"SKIP","floor":11},{"not_picked":["Sword Boomerang","Armaments","Headbutt"],"picked":"SKIP","floor":12},{"not_picked":["Second Wind","Reckless Charge","Pummel"],"picked":"SKIP","floor":14}],"player_experience":310763,"relics_obtained":[{"floor":6,"key":"MawBank"},{"floor":8,"key":"WingedGreaves"},{"floor":9,"key":"Oddly Smooth Stone"}],"event_choices":[{"damage_healed":0,"gold_gain":0,"player_choice":"Rummage","damage_taken":0,"relics_obtained":["WarpedTongs"],"max_hp_gain":0,"max_hp_loss":0,"event_name":"Accursed Blacksmith","floor":2,"gold_loss":0,"cards_obtained":["Pain"]},{"damage_healed":0,"gold_gain":0,"player_choice":"Success","damage_taken":52,"relics_obtained":["Lantern"],"max_hp_gain":0,"max_hp_loss":0,"event_name":"Scrap Ooze","floor":5,"gold_loss":0},{"damage_healed":0,"gold_gain":0,"player_choice":"Searched \u00271\u0027 times","damage_taken":0,"relics_obtained":["Happy Flower"],"max_hp_gain":0,"max_hp_loss":0,"event_name":"Dead Adventurer","floor":7,"gold_loss":0},{"damage_healed":0,"gold_gain":175,"player_choice":"AGREE","damage_taken":0,"max_hp_gain":0,"max_hp_loss":0,"event_name":"Liars Game","floor":13,"gold_loss":0,"cards_obtained":["Doubt"]}],"is_beta":false,"boss_relics":[],"items_purged_floors":[3],"is_endless":false,"potions_floor_spawned":[8,11,14],"killed_by":"Hexaghost","ascension_level":4}