{"path_per_floor":["M","M","M","M","M","R","M","E","T","E","R","M","M","E","R","B",null,"M","$","?","?","M","E","M","M","T","M","M","M","T","M","R","B",null,"M","M","?","M","?","R","M","R","T","M","M"],"character_chosen":"THE_SILENT","items_purchased":["Well Laid Plans","Regen Potion"],"gold_per_floor":[99,99,99,99,99,99,99,99,99,99,99,99,99,99,99,99,99,99,10,10,10,0,0,0,0,0,0,0,0,0,0,0,0,0,0,0,0,0,0,0,0,0,0,0,0],"floor_reached":46,"campfire_rested":4,"playtime":5415,"current_hp_per_floor":[68,68,66,66,66,66,57,53,53,40,40,40,38,24,45,21,75,62,62,62,62,58,57,53,53,53,53,53,43,43,43,65,23,75,47,35,35,17,17,39,27,49,49,28,18],"items_purged":[],"gold":0,"play_id":"4f7ea17b-9bd5-491b-a18d-98be567231eb","is_prod":false,"is_daily":false,"is_ascension_mode":false,"campfire_upgraded":2,"path_taken":["M","M","M","M","?","R","M","E","T","E","R","M","?","E","R","BOSS","M","$","?","?","M","E","M","M","T","M","?","M","?","M","R","BOSS","M","M","?","M","?","R","M","R","T","M","M","?"],"build_version":"2018-01-25-PROD3","purchased_purges":0,"victory":false,"master_deck":["Defend_G+1","Defend_G+1","Defend_G+1","Defend_G+1","Defend_G+1","Strike_G+1","Strike_G+1","Strike_G+1","Strike_G+1","Strike_G+1","Survivor+1","Neutralize+1","Riddle With Holes","Dagger Throw","Slice","Bouncing Flask+1","Flying Knee","Bane","Riddle With Holes","Bane","Deadly Poison","Finisher","After Image+1","Dagger Throw","Deadly Poison+1","Well Laid Plans","Unload","Terror+1","Quick Slash+1","Slice+1","Quick Slash","Acrobatics","Poisoned Stab+1","Noxious Fumes+1","Acrobatics","Phantasmal Killer","Sucker Punch","Slice+1","Finisher+1","Backflip+1","Flying Knee+1","Infinite Blades+1","Poisoned Stab+1","Bane+1"],"max_hp_per_floor":[70,70,70,70,70,70,70,70,70,70,70,70,70,70,70,70,75,75,75,75,75,75,75,75,75,75,75,75,75,75,75,75,75,75,75,75,75,75,75,75,75,75,75,75,75],"relics":["Ectoplasm","Bronze Scales","Sundial","Anchor","Matryoshka","Tiny House","Frozen Egg","Gambling Chip","Bag of Marbles","War Paint","Dream Catcher","The Specimen","Red Mask","Orichalcum"],"card_choices":[{"not_picked":["Bane","Dodge and Roll"],"picked":"Riddle With Holes"},{"not_picked":["Leg Sweep","Dagger Spray"],"picked":"Dagger Throw"},{"not_picked":["Flying Knee","Poisoned Stab"],"picked":"Slice"},{"not_picked":["Leg Sweep","Bane"],"picked":"Bouncing Flask"},{"not_picked":["Outmaneuver","Calculated Gamble"],"picked":"Flying Knee"},{"not_picked":["Slice","Dash"],"picked":"Bane"},{"not_picked":["Doppelganger","Quick Slash"],"picked":"Riddle With Holes"},{"not_picked":["Dagger Throw","Backstab"],"picked":"Bane"},{"not_picked":["All Out Attack","Calculated Gamble"],"picked":"Deadly Poison"},{"not_picked":["Predator","Slice"],"picked":"Finisher"},{"not_picked":["Flying Knee","Backflip"],"picked":"Poisoned Stab"},{"not_picked":["Tools of the Trade","Die Die Die"],"picked":"After Image"},{"not_picked":["Deflect","Quick Slash"],"picked":"Dagger Throw"},{"not_picked":["Crippling Poison","Backflip"],"picked":"Deadly Poison"},{"not_picked":["Deflect","Flying Knee"],"picked":"Unload"},{"not_picked":["Eviscerate","Poisoned Stab"],"picked":"Terror"},{"not_picked":["Sucker Punch","Prepared"],"picked":"Quick Slash"},{"not_picked":["Dagger Throw","Sucker Punch"],"picked":"Slice"},{"not_picked":["Heel Hook","Outmaneuver"],"picked":"Quick Slash"},{"not_picked":["Deadly Poison","Quick Slash"],"picked":"Acrobatics"},{"not_picked":["Prepared","Quick Slash"],"picked":"Poisoned Stab"},{"not_picked":["Footwork","Phantasmal Killer"],"picked":"Noxious Fumes"},{"not_picked":["Escape Plan","Deadly Poison"],"picked":"Acrobatics"},{"not_picked":["Corpse Explosion","Adrenaline"],"picked":"Phantasmal Killer"},{"not_picked":["Flying Knee","Slice"],"picked":"Sucker Punch"},{"not_picked":["Dodge and Roll","Dagger Spray"],"picked":"Slice"},{"not_picked":["Heel Hook","Prepared"],"picked":"Finisher"},{"not_picked":["Sucker Punch","Deadly Poison"],"picked":"Backflip"},{"not_picked":["Deadly Poison","Quick Slash"],"picked":"Flying Knee"},{"not_picked":["Bouncing Flask","Prepared"],"picked":"Infinite Blades"},{"not_picked":["Sucker Punch","Dagger Throw"],"picked":"Poisoned Stab"},{"not_picked":["Blur","Predator"],"picked":"Bane"}],"player_experience":8146,"potions_floor_usage":[7,10,16,22,23,25,27,31,33,45,45],"damage_taken":[{"damage":2,"enemies":"Blue Slaver","floor":1,"turns":4},{"damage":0,"enemies":"Cultist","floor":2,"turns":4},{"damage":2,"enemies":"Jaw Worm","floor":3,"turns":3},{"damage":0,"enemies":"3 Louse","floor":4,"turns":3},{"damage":0,"enemies":"2 Fungi Beasts","floor":5,"turns":3},{"damage":9,"enemies":"Exordium Thugs","floor":7,"turns":5},{"damage":4,"enemies":"Gremlin Nob","floor":8,"turns":3},{"damage":13,"enemies":"Lagavulin","floor":10,"turns":4},{"damage":0,"enemies":"Red Slaver","floor":12,"turns":2},{"damage":2,"enemies":"3 Louse","floor":13,"turns":2},{"damage":14,"enemies":"Gremlin Nob","floor":14,"turns":3},{"damage":24,"enemies":"Hexaghost","floor":16,"turns":6},{"damage":13,"enemies":"Spheric Guardian","floor":18,"turns":4},{"damage":4,"enemies":"2 Thieves","floor":22,"turns":4},{"damage":10,"enemies":"Book of Stabbing","floor":23,"turns":4},{"damage":4,"enemies":"Centurion and Healer","floor":24,"turns":5},{"damage":0,"enemies":"Snake Plant","floor":25,"turns":3},{"damage":0,"enemies":"3 Cultists","floor":27,"turns":5},{"damage":0,"enemies":"Chosen and Byrds","floor":28,"turns":3},{"damage":10,"enemies":"Snake Plant","floor":29,"turns":4},{"damage":0,"enemies":"Centurion and Healer","floor":31,"turns":3},{"damage":42,"enemies":"Automaton","floor":33,"turns":6},{"damage":28,"enemies":"3 Darklings","floor":35,"turns":5},{"damage":12,"enemies":"3 Shapes","floor":36,"turns":4},{"damage":18,"enemies":"3 Darklings","floor":38,"turns":5},{"damage":12,"enemies":"Maw","floor":41,"turns":8},{"damage":21,"enemies":"Sphere and 2 Shapes","floor":44,"turns":5},{"damage":10,"enemies":"4 Shapes","floor":45,"turns":4},{"damage":20,"enemies":"Maw","floor":46,"turns":6}],"event_choices":[{"event_name":"Back to Basics","player_choice":"Simplicity","floor":20,"damage_taken":0},{"event_name":"Addict","player_choice":"Ignored","floor":21,"damage_taken":0},{"event_name":"Tomb of Lord Red Mask","player_choice":"Paid","floor":39,"damage_taken":0}],"boss_relics":[{"not_picked":["Philosopher\u0027s Stone","Runic Pyramid"],"picked":"Tiny House"},{"not_picked":["Eternal Feather","Sozu"],"picked":"The Specimen"}],"potions_floor_spawned":[3,4,5,7,14,18,23,24,25,31,35,44],"seed_played":"-4578076526825243551","killed_by":"Maw","ascension_level":0,"is_trial":false}