{"gold_per_floor":[99,99,62,62,62,62,62,62,62,62,62,62,62,62,62,62,62,2,2,2,2,0,0,0,0,0,0,0,0,0,0,0,0,0,0,0,0,0,0,0,0,0,0,0,0,0,0,0,0,0,0,0,0,0,0],"floor_reached":55,"playtime":7572,"items_purged":[],"score":1166,"play_id":"e2e7d22d-2930-4aad-89ce-d91943242105","local_time":"20190712195244","is_ascension_mode":true,"campfire_choices":[{"data":"Tempest","floor":7,"key":"SMITH"},{"floor":13,"key":"REST"},{"data":"Scrape","floor":15,"key":"SMITH"},{"data":"Buffer","floor":23,"key":"SMITH"},{"data":"Hologram","floor":25,"key":"SMITH"},{"data":"Seek","floor":29,"key":"SMITH"},{"data":"Zap","floor":32,"key":"SMITH"},{"data":"Redo","floor":41,"key":"SMITH"},{"data":"Buffer","floor":45,"key":"SMITH"},{"floor":47,"key":"RECALL"},{"floor":49,"key":"REST"},{"floor":52,"key":"REST"}],"neow_cost":"NONE","seed_source_timestamp":175204734849609,"circlet_count":0,"master_deck":["Strike_B","Strike_B","Defend_B","Defend_B","Defend_B","Zap+1","Dualcast","FTL","Hologram+1","Tempest+1","Redo+1","FTL","Redo","Scrape+1","Undo","Seek+1","Barrage+1","Buffer+1","Go for the Eyes+1","Stack","Ball Lightning+1","Chill","Steam+1","Compile Driver+1","Sunder+1","Creative AI","Chill+1","Go for the Eyes+1","Consume+1","Bandage Up","Chrysalis","Turbo","Stack+1","Buffer+1","Turbo+1","Lockon+1","Scrape+1","Steam+1"],"relics":["Ectoplasm","Mercury Hourglass","Singing Bowl","Turnip","Molten Egg 2","Philosopher\u0027s Stone","Nilry\u0027s Codex","Centennial Puzzle","Nunchaku","Darkstone Periapt","Inserter","Meat on the Bone","Art of War","Anchor","Blue Candle"],"potions_floor_usage":[10,33,33,46,46,50,50,50,55],"damage_taken":[{"damage":0,"enemies":"Cultist","floor":1,"turns":4},{"damage":2,"enemies":"Small Slimes","floor":2,"turns":3},{"damage":12,"enemies":"Lagavulin","floor":6,"turns":6},{"damage":5,"enemies":"2 Louse","floor":8,"turns":2},{"damage":23,"enemies":"Gremlin Nob","floor":10,"turns":4},{"damage":7,"enemies":"Exordium Wildlife","floor":11,"turns":2},{"damage":7,"enemies":"3 Sentries","floor":12,"turns":5},{"damage":3,"enemies":"3 Louse","floor":14,"turns":2},{"damage":14,"enemies":"Hexaghost","floor":16,"turns":8},{"damage":11,"enemies":"2 Thieves","floor":18,"turns":4},{"damage":0,"enemies":"3 Byrds","floor":19,"turns":5},{"damage":0,"enemies":"Snake Plant","floor":21,"turns":4},{"damage":3,"enemies":"Book of Stabbing","floor":24,"turns":4},{"damage":0,"enemies":"Sentry and Sphere","floor":28,"turns":3},{"damage":0,"enemies":"Shelled Parasite and Fungi","floor":30,"turns":4},{"damage":1,"enemies":"Slavers","floor":31,"turns":5},{"damage":0,"enemies":"Champ","floor":33,"turns":12},{"damage":0,"enemies":"3 Shapes","floor":35,"turns":4},{"damage":5,"enemies":"Orb Walker","floor":36,"turns":3},{"damage":0,"enemies":"Writhing Mass","floor":37,"turns":6},{"damage":0,"enemies":"4 Shapes","floor":39,"turns":4},{"damage":13,"enemies":"Giant Head","floor":40,"turns":8},{"damage":8,"enemies":"Spire Growth","floor":44,"turns":5},{"damage":19,"enemies":"Reptomancer","floor":46,"turns":8},{"damage":0,"enemies":"Transient","floor":48,"turns":5},{"damage":38,"enemies":"Time Eater","floor":50,"turns":8},{"damage":22,"enemies":"Shield and Spear","floor":54,"turns":6},{"damage":61,"enemies":"The Heart","floor":55,"turns":6}],"seed_played":"6607674654884004459","potions_obtained":[{"floor":1,"key":"Weak Potion"},{"floor":6,"key":"Regen Potion"},{"floor":10,"key":"Weak Potion"},{"floor":14,"key":"Strength Potion"},{"floor":24,"key":"SkillPotion"},{"floor":28,"key":"SkillPotion"},{"floor":33,"key":"Poison Potion"},{"floor":36,"key":"Fire Potion"},{"floor":46,"key":"Weak Potion"},{"floor":48,"key":"EssenceOfSteel"},{"floor":54,"key":"AttackPotion"}],"is_trial":false,"path_per_floor":["M","M","$","?","?","E","R","M","T","E","M","E","R","M","R","B",null,"M","M","?","M","?","R","E","R","T","?","M","R","M","E","R","B",null,"M","M","M","?","M","E","R","?","T","M","R","E","R","M","R","B",null,"R","$","E","B"],"character_chosen":"DEFECT","items_purchased":["Tempest"],"campfire_rested":3,"item_purchase_floors":[3],"current_hp_per_floor":[68,66,66,59,59,47,47,42,42,31,24,17,39,36,36,22,62,51,51,35,35,35,35,32,32,32,32,32,32,32,31,31,31,64,64,59,59,54,58,49,49,49,49,41,41,38,38,42,64,38,66,75,75,57,0],"gold":0,"neow_bonus":"BOSS_RELIC","is_prod":false,"is_daily":false,"chose_seed":false,"campfire_upgraded":8,"win_rate":0,"timestamp":1562975564,"path_taken":["M","M","?","?","?","E","R","M","T","E","M","E","R","M","R","BOSS","M","M","?","M","?","R","E","R","T","?","M","R","M","E","R","BOSS","M","?","M","?","M","E","R","?","T","M","R","E","R","M","R","BOSS","R","$","E","BOSS"],"build_version":"2019-07-05","purchased_purges":0,"victory":false,"max_hp_per_floor":[75,75,75,75,75,75,75,75,75,75,75,75,75,75,75,75,75,75,75,75,75,75,75,75,75,75,75,75,75,75,75,75,75,75,75,75,75,75,75,75,75,75,75,75,75,75,75,75,75,75,75,75,75,75,75],"card_choices":[{"not_picked":["Defragment","Hologram"],"picked":"FTL","floor":1},{"not_picked":["Leap","Streamline"],"picked":"Hologram","floor":2},{"not_picked":["Beam Cell","Ball Lightning"],"picked":"FTL","floor":6},{"not_picked":["Tempest","Compile Driver"],"picked":"Redo","floor":8},{"not_picked":["White Noise","Sweeping Beam"],"picked":"Scrape","floor":10},{"not_picked":["Ball Lightning","Leap"],"picked":"Undo","floor":11},{"not_picked":["Cold Snap","Skim"],"picked":"Seek","floor":12},{"not_picked":["Skim","Hello World"],"picked":"Barrage+1","floor":14},{"not_picked":["Hyperbeam+1","Creative AI"],"picked":"Buffer","floor":16},{"not_picked":["Rebound+1","Capacitor"],"picked":"Go for the Eyes+1","floor":18},{"not_picked":["Blizzard+1","Gash+1"],"picked":"Stack","floor":19},{"not_picked":["Chaos","Coolheaded"],"picked":"Ball Lightning+1","floor":21},{"not_picked":["White Noise","Capacitor"],"picked":"Chill","floor":24},{"not_picked":["Streamline+1","Fusion"],"picked":"Steam+1","floor":28},{"not_picked":["Ball Lightning+1","Gash+1"],"picked":"Compile Driver+1","floor":30},{"not_picked":["Creative AI","Coolheaded"],"picked":"Sunder+1","floor":31},{"not_picked":["Multi-Cast","Biased Cognition"],"picked":"Creative AI","floor":33},{"not_picked":["Gash+1","White Noise"],"picked":"Chill+1","floor":35},{"not_picked":["Sweeping Beam+1","Compile Driver+1"],"picked":"Go for the Eyes+1","floor":36},{"not_picked":["Rebound+1","Conserve Battery+1"],"picked":"Consume+1","floor":37},{"not_picked":["Mind Blast+1","Impatience"],"picked":"Bandage Up","floor":38},{"not_picked":["Trip","Discovery"],"picked":"Chrysalis","floor":38},{"not_picked":["Steam+1","Coolheaded+1"],"picked":"Turbo","floor":39},{"not_picked":["Melter+1","Ball Lightning+1"],"picked":"Stack+1","floor":40},{"not_picked":["Hello World+1","Stack+1"],"picked":"Turbo+1","floor":44},{"not_picked":["Compile Driver+1","Hello World+1"],"picked":"Lockon+1","floor":46},{"not_picked":["Aggregate+1","Leap"],"picked":"Scrape+1","floor":48},{"not_picked":["Redo","Buffer"],"picked":"Steam+1","floor":54}],"player_experience":212554,"relics_obtained":[{"floor":6,"key":"Mercury Hourglass"},{"floor":9,"key":"Singing Bowl"},{"floor":10,"key":"Turnip"},{"floor":12,"key":"Molten Egg 2"},{"floor":20,"key":"Nilry\u0027s Codex"},{"floor":24,"key":"Centennial Puzzle"},{"floor":31,"key":"Darkstone Periapt"},{"floor":40,"key":"Meat on the Bone"},{"floor":43,"key":"Art of War"},{"floor":46,"key":"Anchor"},{"floor":54,"key":"Blue Candle"}],"event_choices":[{"cards_removed":["Strike_B"],"damage_healed":0,"gold_gain":0,"player_choice":"Card Removal","damage_taken":7,"max_hp_gain":0,"max_hp_loss":0,"event_name":"Golden Wing","floor":4,"gold_loss":0},{"damage_healed":0,"gold_gain":0,"cards_transformed":["Strike_B"],"player_choice":"Change","damage_taken":0,"max_hp_gain":0,"max_hp_loss":0,"event_name":"Living Wall","floor":5,"gold_loss":0,"cards_obtained":["Redo"]},{"damage_healed":0,"gold_gain":0,"player_choice":"Obtained Book","damage_taken":16,"max_hp_gain":0,"max_hp_loss":0,"event_name":"Cursed Tome","floor":20,"gold_loss":0},{"damage_healed":0,"gold_gain":0,"player_choice":"Paid Fearfully","damage_taken":0,"max_hp_gain":0,"max_hp_loss":0,"event_name":"Masked Bandits","floor":22,"gold_loss":2},{"damage_healed":0,"gold_gain":0,"player_choice":"Gave Potion","damage_taken":0,"relics_obtained":["Nunchaku"],"max_hp_gain":0,"max_hp_loss":0,"event_name":"WeMeetAgain","floor":27,"gold_loss":0},{"damage_healed":0,"gold_gain":0,"player_choice":"Memory 2","damage_taken":5,"max_hp_gain":0,"max_hp_loss":0,"event_name":"SensoryStone","floor":38,"gold_loss":0},{"damage_healed":0,"gold_gain":0,"cards_transformed":["Defend_B"],"player_choice":"Transformed","damage_taken":0,"max_hp_gain":0,"max_hp_loss":0,"event_name":"Transmorgrifier","floor":42,"gold_loss":0,"cards_obtained":["Buffer"]}],"is_beta":false,"boss_relics":[{"not_picked":["Coffee Dripper","Snecko Eye"],"picked":"Philosopher\u0027s Stone"},{"not_picked":["Sozu","Fusion Hammer"],"picked":"Inserter"}],"items_purged_floors":[],"is_endless":false,"potions_floor_spawned":[1,6,10,14,24,28,31,33,36,37,46,48,54],"killed_by":"The Heart","ascension_level":9}