{"path_per_floor":["M","?","?","M","M","E","M","M","T","M","M","R","$","E","R","B",null,"M","M","?"],"character_chosen":"IRONCLAD","items_purchased":["Apotheosis","Warcry"],"gold_per_floor":[114,114,114,126,140,167,182,196,196,208,225,225,24,50,50,152,152,167,177,177],"floor_reached":21,"campfire_rested":0,"playtime":1678,"current_hp_per_floor":[80,64,61,67,69,56,62,60,60,54,53,53,53,55,55,46,94,76,59,59],"items_purged":[],"gold":177,"play_id":"aba230ca-128a-4346-a933-67c5091320da","is_prod":false,"is_daily":false,"is_ascension_mode":false,"campfire_upgraded":2,"path_taken":["M","?","?","M","?","E","M","M","T","M","M","R","?","E","R","BOSS","M","M","?","?"],"build_version":"2018-02-01-PROD3","purchased_purges":0,"victory":false,"master_deck":["Strike_R","Strike_R","Strike_R","Strike_R","Strike_R","Defend_R","Defend_R+1","Defend_R","Defend_R+1","Bash","Body Slam","Second Wind","Uppercut","Perfected Strike","Pommel Strike","Headbutt","Armaments+1","Clash","Apotheosis+1","Warcry","Rampage+1","Juggernaut","Cleave+1","Body Slam+1"],"max_hp_per_floor":[80,80,80,80,80,94,94,94,94,94,94,94,94,94,94,94,94,94,94,94],"relics":["Burning Blood","Regal Pillow","Gremlin Horn","Mango","Du-Vu Doll","Molten Egg 2","Question Card","Smiling Mask"],"card_choices":[{"not_picked":["Pommel Strike","Seeing Red"],"picked":"Body Slam"},{"not_picked":["Wild Strike","Combust"],"picked":"Second Wind"},{"not_picked":["Clothesline","Warcry"],"picked":"Uppercut"},{"not_picked":["Wild Strike","Fiend Fire"],"picked":"Perfected Strike"},{"not_picked":["Shrug It Off","Wild Strike"],"picked":"Pommel Strike"},{"not_picked":["Pummel","Intimidate"],"picked":"Headbutt"},{"not_picked":["Warcry","Sword Boomerang"],"picked":"Armaments"},{"not_picked":["Clothesline","Searing Blow"],"picked":"Clash"},{"not_picked":["Clothesline","Heavy Blade"],"picked":"Rampage"},{"not_picked":["Bludgeon","Offering"],"picked":"Juggernaut"},{"not_picked":["Bloodletting","Clothesline","Flex"],"picked":"Cleave"},{"not_picked":["Demon Form","Perfected Strike","Shockwave"],"picked":"Body Slam"}],"player_experience":50610,"potions_floor_usage":[14,14,14,19],"damage_taken":[{"damage":5,"enemies":"Jaw Worm","floor":1,"turns":4},{"damage":0,"enemies":"Cultist","floor":4,"turns":4},{"damage":4,"enemies":"2 Louse","floor":5,"turns":3},{"damage":33,"enemies":"3 Sentries","floor":6,"turns":9},{"damage":0,"enemies":"Gremlin Gang","floor":7,"turns":4},{"damage":8,"enemies":"Red Slaver","floor":8,"turns":3},{"damage":12,"enemies":"Large Slime","floor":10,"turns":4},{"damage":7,"enemies":"Looter","floor":11,"turns":2},{"damage":4,"enemies":"Gremlin Nob","floor":14,"turns":4},{"damage":15,"enemies":"Slime Boss","floor":16,"turns":8},{"damage":24,"enemies":"3 Byrds","floor":18,"turns":5},{"damage":23,"enemies":"Chosen","floor":19,"turns":4},{"damage":61,"enemies":"3 Cultists","floor":21,"turns":5}],"event_choices":[{"event_name":"Shining Light","player_choice":"Entered Light","floor":2,"damage_taken":0},{"event_name":"Scrap Ooze","player_choice":"success","floor":3,"damage_taken":3},{"event_name":"The Mausoleum","player_choice":"Yes","floor":20,"damage_taken":0}],"boss_relics":[{"not_picked":["Philosopher\u0027s Stone","Runic Dome"],"picked":"Question Card"}],"potions_floor_spawned":[5,10,11,16],"seed_played":"670965087131462559","killed_by":"3 Cultists","ascension_level":0,"is_trial":false}