{"gold_per_floor":[118,293,293,307,319,348,348,377,377,377,406,406,155,183,183,279,279,290,315,334,148,148,148,166,166,189,206,239,9,9,25,25,123,123,143,143,365,141,193,193,193,213,213,245,172,172,195,208,208,208],"floor_reached":51,"playtime":2502,"items_purged":[],"score":925,"play_id":"a09fc55b-1e50-45a4-92b9-c5349371d1d8","local_time":"20181118184937","is_ascension_mode":true,"campfire_choices":[{"floor":7,"key":"REST"},{"data":"Zap","floor":15,"key":"SMITH"},{"floor":23,"key":"REST"},{"floor":25,"key":"REST"},{"floor":30,"key":"REST"},{"floor":32,"key":"REST"},{"floor":40,"key":"REST"},{"data":"Static Discharge","floor":46,"key":"SMITH"},{"floor":49,"key":"REST"}],"neow_cost":"NONE","seed_source_timestamp":65146558657928,"circlet_count":0,"master_deck":["Strike_B","Strike_B","Strike_B","Strike_B","Defend_B","Defend_B","Defend_B","Defend_B","Zap+1","Gash","Leap","Leap","Go for the Eyes","Machine Learning","Gash","Beam Cell","Gash","Multi-Cast","White Noise+1","Defragment","FTL+1","Panacea","Thunder Strike","Static Discharge+1","Panacea","Static Discharge+1"],"relics":["Cracked Core","NeowsBlessing","Blood Vial","Peace Pipe","Mummified Hand","Singing Bowl","Pocketwatch","Lee\u0027s Waffle","Ice Cream","Nuclear Battery","Red Mask","Orichalcum","Happy Flower","Unceasing Top","Oddly Smooth Stone","Busted Crown","Bronze Scales","Incense Burner","Frozen Egg 2","Shuriken","Art of War"],"potions_floor_usage":[6,8,20,31,31,33,50,50],"damage_taken":[{"damage":0,"enemies":"Small Slimes","floor":1,"turns":1},{"damage":0,"enemies":"2 Louse","floor":4,"turns":1},{"damage":0,"enemies":"Cultist","floor":5,"turns":1},{"damage":22,"enemies":"3 Sentries","floor":6,"turns":8},{"damage":26,"enemies":"Gremlin Nob","floor":8,"turns":5},{"damage":7,"enemies":"Lagavulin","floor":11,"turns":8},{"damage":14,"enemies":"Gremlin Nob","floor":14,"turns":4},{"damage":35,"enemies":"Slime Boss","floor":16,"turns":8},{"damage":0,"enemies":"Chosen","floor":18,"turns":3},{"damage":42,"enemies":"Masked Bandits","floor":19,"turns":4},{"damage":9,"enemies":"2 Thieves","floor":20,"turns":4},{"damage":13,"enemies":"3 Cultists","floor":24,"turns":5},{"damage":2,"enemies":"Cultist and Chosen","floor":27,"turns":3},{"damage":39,"enemies":"Gremlin Leader","floor":28,"turns":7},{"damage":28,"enemies":"Centurion and Healer","floor":31,"turns":5},{"damage":13,"enemies":"Champ","floor":33,"turns":9},{"damage":0,"enemies":"3 Shapes","floor":35,"turns":3},{"damage":43,"enemies":"2 Orb Walkers","floor":39,"turns":4},{"damage":5,"enemies":"3 Darklings","floor":42,"turns":3},{"damage":3,"enemies":"Giant Head","floor":44,"turns":6},{"damage":0,"enemies":"Maw","floor":48,"turns":4},{"damage":18,"enemies":"Donu and Deca","floor":50,"turns":6}],"seed_played":"-4827455294299206121","potions_obtained":[{"floor":1,"key":"Explosive Potion"},{"floor":6,"key":"LiquidBronze"},{"floor":14,"key":"FearPotion"},{"floor":16,"key":"Weak Potion"},{"floor":18,"key":"GamblersBrew"},{"floor":19,"key":"Dexterity Potion"},{"floor":24,"key":"Dexterity Potion"},{"floor":33,"key":"FearPotion"},{"floor":35,"key":"Explosive Potion"},{"floor":44,"key":"SpeedPotion"},{"floor":48,"key":"Fire Potion"}],"is_trial":false,"path_per_floor":["M","?","?","M","M","E","R","E","T","?","E","T","$","E","R","B",null,"M","?","M","$","?","R","M","R","T","M","E","$","R","M","R","B",null,"M","$","?","$","?","R","?","M","T","E","$","R","T","M","R","B",null],"character_chosen":"DEFECT","items_purchased":["Gash","Lee\u0027s Waffle","Defragment","Orichalcum","Panacea","Oddly Smooth Stone","Static Discharge","Bronze Scales","Static Discharge+1"],"campfire_rested":7,"item_purchase_floors":[13,13,21,21,29,29,38,38,45],"current_hp_per_floor":[75,75,75,75,75,53,75,49,49,42,37,37,82,70,70,37,84,86,46,39,39,22,49,38,65,65,67,32,32,61,37,66,55,99,101,101,101,101,60,90,90,89,89,90,90,90,90,94,109,91],"gold":208,"neow_bonus":"THREE_ENEMY_KILL","is_prod":false,"is_daily":false,"chose_seed":false,"campfire_upgraded":2,"win_rate":0,"timestamp":1542563377,"path_taken":["M","?","?","?","M","E","R","E","T","?","E","?","$","E","R","BOSS","M","?","M","$","?","R","M","R","T","M","E","?","R","M","R","BOSS","M","$","?","$","?","R","?","M","T","E","?","R","?","M","R","BOSS"],"build_version":"2018-11-15","purchased_purges":0,"victory":true,"max_hp_per_floor":[75,75,75,75,75,75,75,75,75,75,75,75,82,84,84,84,84,86,88,88,88,93,93,93,93,93,95,97,97,97,99,99,99,99,101,101,101,101,103,103,103,105,105,107,107,107,107,109,109,109],"card_choices":[{"not_picked":["Sunder","Cold Snap"],"picked":"Gash","floor":1},{"not_picked":["Cold Snap","Stack"],"picked":"Leap","floor":4},{"not_picked":["Reinforced Body","Redo"],"picked":"Go for the Eyes","floor":5},{"not_picked":["Sweeping Beam","Chill"],"picked":"Machine Learning","floor":6},{"not_picked":["Barrage","Conserve Battery"],"picked":"Gash","floor":8},{"not_picked":["Rebound","Go for the Eyes"],"picked":"Beam Cell","floor":11},{"not_picked":["Chill","Fusion","Amplify"],"picked":"Singing Bowl","floor":14},{"not_picked":["Hyperbeam","Meteor Strike"],"picked":"Multi-Cast","floor":16},{"not_picked":["Stack","Chaos","Go for the Eyes"],"picked":"Singing Bowl","floor":18},{"not_picked":["Chill","Compile Driver","Redo"],"picked":"Singing Bowl","floor":19},{"not_picked":["Force Field+1","Stack+1"],"picked":"White Noise+1","floor":20},{"not_picked":["Undo","Heatsinks"],"picked":"FTL+1","floor":24},{"not_picked":["Redo","Storm","Leap+1"],"picked":"Singing Bowl","floor":27},{"not_picked":["Capacitor+1","Machine Learning","Melter"],"picked":"Singing Bowl","floor":28},{"not_picked":["Rebound+1","Steam","Sunder+1"],"picked":"Singing Bowl","floor":31},{"not_picked":["Creative AI","Core Surge"],"picked":"Thunder Strike","floor":33},{"not_picked":["Sweeping Beam+1"],"picked":"Singing Bowl","floor":35},{"not_picked":["Steam Power"],"picked":"Singing Bowl","floor":39},{"not_picked":[],"picked":"Panacea","floor":41},{"not_picked":["Compile Driver"],"picked":"Singing Bowl","floor":42},{"not_picked":["Reinforced Body+1"],"picked":"Singing Bowl","floor":44},{"not_picked":["Streamline"],"picked":"Singing Bowl","floor":48}],"player_experience":284118,"relics_obtained":[{"floor":6,"key":"Blood Vial"},{"floor":8,"key":"Peace Pipe"},{"floor":9,"key":"Mummified Hand"},{"floor":11,"key":"Singing Bowl"},{"floor":12,"key":"Pocketwatch"},{"floor":14,"key":"Ice Cream"},{"floor":19,"key":"Red Mask"},{"floor":26,"key":"Happy Flower"},{"floor":28,"key":"Unceasing Top"},{"floor":39,"key":"Incense Burner"},{"floor":43,"key":"Frozen Egg 2"},{"floor":44,"key":"Shuriken"},{"floor":47,"key":"Art of War"}],"event_choices":[{"damage_healed":0,"gold_gain":175,"player_choice":"AGREE","damage_taken":0,"max_hp_gain":0,"max_hp_loss":0,"event_name":"Liars Game","floor":2,"gold_loss":0,"cards_obtained":["Doubt"]},{"damage_healed":0,"gold_gain":0,"cards_transformed":["Dualcast"],"player_choice":"Transformed","damage_taken":0,"max_hp_gain":0,"max_hp_loss":0,"event_name":"Transmorgrifier","floor":3,"gold_loss":0,"cards_obtained":["Leap"]},{"cards_removed":["Doubt"],"damage_healed":0,"gold_gain":0,"player_choice":"Card Removal","damage_taken":7,"max_hp_gain":0,"max_hp_loss":0,"event_name":"Golden Wing","floor":10,"gold_loss":0},{"damage_healed":0,"gold_gain":0,"player_choice":"Fought Bandits","damage_taken":0,"max_hp_gain":0,"max_hp_loss":0,"event_name":"Masked Bandits","floor":19,"gold_loss":0},{"damage_healed":0,"gold_gain":0,"player_choice":"Shed Blood","damage_taken":22,"max_hp_gain":5,"max_hp_loss":0,"event_name":"Forgotten Altar","floor":22,"gold_loss":0},{"damage_healed":0,"gold_gain":222,"player_choice":"Wore Mask","damage_taken":0,"max_hp_gain":0,"max_hp_loss":0,"event_name":"Tomb of Lord Red Mask","floor":37,"gold_loss":0},{"damage_healed":0,"gold_gain":0,"player_choice":"Fight","damage_taken":0,"max_hp_gain":0,"max_hp_loss":0,"event_name":"Mysterious Sphere","floor":39,"gold_loss":0},{"damage_healed":0,"gold_gain":0,"player_choice":"Memory 1","damage_taken":0,"max_hp_gain":0,"max_hp_loss":0,"event_name":"SensoryStone","floor":41,"gold_loss":0}],"is_beta":false,"boss_relics":[{"not_picked":["Philosopher\u0027s Stone","Sozu"],"picked":"Nuclear Battery"},{"not_picked":["Velvet Choker","Snecko Eye"],"picked":"Busted Crown"}],"items_purged_floors":[],"is_endless":false,"potions_floor_spawned":[1,6,14,16,18,19,24,33,35,44,48],"ascension_level":4}