{"gold_per_floor":[114,129,229,29,44,59,74,89,89,104,134,134,149,5,5,105,105,120,135,150,69,84,84,99,114,114,129,144,171,198,225,237,349,361,418,445,472,499,526,538,580,592,604,631,84,99,99,114,114,114],"floor_reached":51,"playtime":3138,"items_purged":["Defend_R"],"score":899,"play_id":"a1b2dcbc-3e46-4a0f-a352-3bbbbed63b8a","local_time":"20190730045419","daily_mods":["Heirloom","Vintage","Terminal"],"is_ascension_mode":false,"campfire_choices":[{"data":"Bash","floor":12,"key":"SMITH"},{"data":"Metallicize","floor":15,"key":"SMITH"},{"data":"Inflame","floor":23,"key":"SMITH"},{"data":"Feed","floor":32,"key":"SMITH"},{"data":"Strike_R","floor":40,"key":"SMITH"},{"data":"Strike_R","floor":42,"key":"SMITH"},{"floor":47,"key":"REST"},{"floor":49,"key":"REST"}],"neow_cost":"","seed_source_timestamp":0,"circlet_count":0,"master_deck":["Strike_R+1","Strike_R+1","Strike_R+1","Strike_R+1","Defend_R+1","Defend_R+1","Bash+1","Metallicize+1","Feed+1","Inflame+1","Reaper+1","Sword Boomerang+1","PanicButton+1","Pummel+1"],"special_seed":18106,"relics":["Burning Blood","Incense Burner","Thread and Needle","Mummified Hand","ClockworkSouvenir","Centennial Puzzle","Orichalcum","Bag of Marbles","Red Skull","War Paint","Matryoshka","Darkstone Periapt","Self Forming Clay","Lizard Tail","Question Card","PreservedInsect","Bronze Scales","Strawberry","Bag of Preparation","Molten Egg 2","Ancient Tea Set","Sundial","Potion Belt","MawBank","Prayer Wheel","Anchor","Mercury Hourglass","Empty Cage","Tiny Chest","Omamori","Art of War","Kunai","Juzu Bracelet","Shuriken","Frozen Egg 2","Pen Nib","Whetstone","Happy Flower","Toxic Egg 2","Oddly Smooth Stone","Ornamental Fan"],"potions_floor_usage":[38,39,41,50,50],"damage_taken":[{"damage":1,"enemies":"Jaw Worm","floor":1,"turns":4},{"damage":0,"enemies":"Cultist","floor":2,"turns":3},{"damage":0,"enemies":"Small Slimes","floor":5,"turns":3},{"damage":0,"enemies":"3 Louse","floor":6,"turns":6},{"damage":1,"enemies":"Large Slime","floor":7,"turns":6},{"damage":0,"enemies":"Blue Slaver","floor":8,"turns":3},{"damage":0,"enemies":"Looter","floor":10,"turns":3},{"damage":0,"enemies":"3 Sentries","floor":11,"turns":9},{"damage":0,"enemies":"Exordium Wildlife","floor":13,"turns":4},{"damage":11,"enemies":"The Guardian","floor":16,"turns":13},{"damage":0,"enemies":"Chosen","floor":18,"turns":5},{"damage":0,"enemies":"Shell Parasite","floor":19,"turns":8},{"damage":5,"enemies":"Snake Plant","floor":20,"turns":7},{"damage":0,"enemies":"Chosen and Byrds","floor":22,"turns":7},{"damage":0,"enemies":"Cultist and Chosen","floor":24,"turns":5},{"damage":2,"enemies":"Snake Plant","floor":25,"turns":3},{"damage":3,"enemies":"Centurion and Healer","floor":27,"turns":4},{"damage":3,"enemies":"3 Cultists","floor":28,"turns":7},{"damage":2,"enemies":"Sentry and Sphere","floor":29,"turns":8},{"damage":0,"enemies":"Snake Plant","floor":30,"turns":5},{"damage":0,"enemies":"Centurion and Healer","floor":31,"turns":6},{"damage":62,"enemies":"Champ","floor":33,"turns":12},{"damage":6,"enemies":"3 Darklings","floor":35,"turns":5},{"damage":9,"enemies":"3 Shapes","floor":36,"turns":7},{"damage":12,"enemies":"Sphere and 2 Shapes","floor":37,"turns":6},{"damage":28,"enemies":"Maw","floor":38,"turns":8},{"damage":14,"enemies":"4 Shapes","floor":39,"turns":4},{"damage":17,"enemies":"Giant Head","floor":41,"turns":7},{"damage":4,"enemies":"Writhing Mass","floor":44,"turns":4},{"damage":0,"enemies":"Sphere and 2 Shapes","floor":46,"turns":4},{"damage":0,"enemies":"Jaw Worm Horde","floor":48,"turns":1},{"damage":14,"enemies":"Awakened One","floor":50,"turns":8}],"seed_played":"-1077660895192141243","potions_obtained":[{"floor":1,"key":"AttackPotion"},{"floor":7,"key":"SkillPotion"},{"floor":10,"key":"FearPotion"},{"floor":11,"key":"Strength Potion"},{"floor":20,"key":"Strength Potion"},{"floor":27,"key":"GamblersBrew"},{"floor":39,"key":"SkillPotion"},{"floor":41,"key":"Swift Potion"},{"floor":44,"key":"Poison Potion"},{"floor":46,"key":"BloodPotion"},{"floor":48,"key":"PowerPotion"}],"is_trial":false,"path_per_floor":["M","M","?","$","M","M","M","M","T","M","E","R","M","$","R","B",null,"M","M","M","$","M","R","M","M","T","M","M","M","M","M","R","B",null,"M","M","M","M","M","R","E","R","T","M","$","M","R","M","R","B",null],"character_chosen":"IRONCLAD","items_purchased":["ClockworkSouvenir","Metallicize","Inflame","Happy Flower","Toxic Egg 2","PanicButton+1","Pummel+1"],"campfire_rested":2,"item_purchase_floors":[4,14,21,45,45,45,45],"current_hp_per_floor":[78,77,76,75,74,73,72,71,70,69,68,67,66,65,64,59,62,64,66,68,67,76,75,74,76,75,77,79,81,83,85,84,32,86,85,88,91,85,90,90,89,89,89,96,95,98,97,100,99,102],"gold":114,"neow_bonus":"","is_prod":false,"is_daily":true,"chose_seed":false,"campfire_upgraded":6,"win_rate":0,"timestamp":1564430059,"path_taken":["M","M","?","$","M","M","M","M","T","M","E","R","M","$","R","BOSS","M","M","M","$","M","R","M","M","T","M","M","M","M","M","R","BOSS","M","M","M","M","M","R","E","R","T","M","$","M","R","M","R","BOSS"],"build_version":"2019-07-05","purchased_purges":1,"victory":true,"max_hp_per_floor":[78,77,76,75,74,73,72,71,70,69,68,67,66,65,64,63,62,64,66,68,67,76,75,74,76,75,77,79,81,83,85,84,87,86,85,88,91,94,97,96,99,98,97,96,95,98,97,100,99,102],"card_choices":[{"not_picked":["Flex","True Grit","Dark Embrace"],"picked":"SKIP","floor":11},{"not_picked":["Bludgeon","Offering"],"picked":"Feed","floor":16},{"not_picked":["Fiend Fire+1","Exhume","Dark Embrace"],"picked":"Reaper+1","floor":33},{"not_picked":["Twin Strike+1","Bloodletting+1","Burning Pact+1"],"picked":"Sword Boomerang+1","floor":41}],"player_experience":384070,"relics_obtained":[{"floor":1,"key":"Thread and Needle"},{"floor":2,"key":"Mummified Hand"},{"floor":5,"key":"Centennial Puzzle"},{"floor":6,"key":"Orichalcum"},{"floor":7,"key":"Bag of Marbles"},{"floor":8,"key":"Red Skull"},{"floor":9,"key":"War Paint"},{"floor":10,"key":"Matryoshka"},{"floor":11,"key":"Darkstone Periapt"},{"floor":13,"key":"Self Forming Clay"},{"floor":18,"key":"Question Card"},{"floor":19,"key":"PreservedInsect"},{"floor":20,"key":"Bronze Scales"},{"floor":22,"key":"Strawberry"},{"floor":24,"key":"Bag of Preparation"},{"floor":25,"key":"Molten Egg 2"},{"floor":26,"key":"Ancient Tea Set"},{"floor":26,"key":"Sundial"},{"floor":27,"key":"Potion Belt"},{"floor":28,"key":"MawBank"},{"floor":29,"key":"Prayer Wheel"},{"floor":30,"key":"Anchor"},{"floor":31,"key":"Mercury Hourglass"},{"floor":35,"key":"Tiny Chest"},{"floor":36,"key":"Omamori"},{"floor":37,"key":"Art of War"},{"floor":38,"key":"Kunai"},{"floor":39,"key":"Juzu Bracelet"},{"floor":41,"key":"Shuriken"},{"floor":43,"key":"Frozen Egg 2"},{"floor":43,"key":"Pen Nib"},{"floor":44,"key":"Whetstone"},{"floor":46,"key":"Oddly Smooth Stone"},{"floor":48,"key":"Ornamental Fan"}],"event_choices":[{"damage_healed":0,"gold_gain":100,"player_choice":"Pray","damage_taken":0,"max_hp_gain":0,"max_hp_loss":0,"event_name":"Golden Shrine","floor":3,"gold_loss":0}],"is_beta":false,"boss_relics":[{"not_picked":["Tiny House","Runic Dome"],"picked":"Lizard Tail"},{"not_picked":["Runic Pyramid","Eternal Feather"],"picked":"Empty Cage"}],"items_purged_floors":[14],"is_endless":false,"potions_floor_spawned":[1,7,10,11,18,20,24,25,27,39,41,44,46,48],"ascension_level":0}