{"gold_per_floor":[109,109,127,140,140,140,157,167,167,167,202,220,220,23,23,123,123,142,153,164,89,89,89,118,118,118,130,130,146,146,160,160,160],"floor_reached":33,"playtime":1805,"items_purged":[],"score":323,"play_id":"b443904e-2fee-46ab-b26d-c39bb40f48b0","local_time":"20181109164606","is_ascension_mode":true,"campfire_choices":[{"floor":6,"key":"REST"},{"floor":10,"key":"REST"},{"floor":15,"key":"REST"},{"floor":23,"key":"REST"},{"floor":28,"key":"REST"},{"floor":32,"key":"REST"}],"neow_cost":"NONE","seed_source_timestamp":508135582013169,"circlet_count":0,"master_deck":["Strike_B+1","Strike_B","Strike_B","Strike_B","Defend_B","Defend_B","Defend_B","Defend_B","Zap+1","Conserve Battery","Reinforced Body+1","White Noise","Reprogram","Ball Lightning","Conserve Battery","Buffer","Doom and Gloom","Leap+1","Rebound+1","Streamline+1","White Noise"],"relics":["Cracked Core","Bottled Flame","Bottled Lightning","ClockworkSouvenir","Lizard Tail","Unceasing Top","Kunai","PreservedInsect","Cables"],"potions_floor_usage":[16,16,16,19,19,27,27,27,27,27,29,31,33],"damage_taken":[{"damage":1,"enemies":"Cultist","floor":1,"turns":3},{"damage":2,"enemies":"Jaw Worm","floor":3,"turns":2},{"damage":3,"enemies":"Small Slimes","floor":4,"turns":3},{"damage":8,"enemies":"Exordium Wildlife","floor":7,"turns":4},{"damage":15,"enemies":"Lots of Slimes","floor":8,"turns":5},{"damage":38,"enemies":"Lagavulin","floor":11,"turns":6},{"damage":6,"enemies":"Looter","floor":12,"turns":3},{"damage":26,"enemies":"Slime Boss","floor":16,"turns":8},{"damage":13,"enemies":"Spheric Guardian","floor":18,"turns":4},{"damage":24,"enemies":"3 Byrds","floor":19,"turns":5},{"damage":43,"enemies":"Snake Plant","floor":20,"turns":6},{"damage":46,"enemies":"Gremlin Leader","floor":24,"turns":11},{"damage":0,"enemies":"Snecko","floor":27,"turns":4},{"damage":40,"enemies":"3 Cultists","floor":29,"turns":5},{"damage":17,"enemies":"Snake Plant","floor":31,"turns":5},{"damage":34,"enemies":"Automaton","floor":33,"turns":6}],"seed_played":"7622060264969841835","potions_obtained":[{"floor":7,"key":"SteroidPotion"},{"floor":8,"key":"GamblersBrew"},{"floor":11,"key":"SpeedPotion"},{"floor":16,"key":"Block Potion"},{"floor":18,"key":"Fruit Juice"},{"floor":19,"key":"Strength Potion"},{"floor":25,"key":"Fruit Juice"},{"floor":25,"key":"EntropicBrew"},{"floor":29,"key":"Energy Potion"},{"floor":31,"key":"SkillPotion"}],"is_trial":false,"path_per_floor":["M","$","M","M","?","R","M","M","T","R","E","M","?","$","R","B",null,"M","M","M","?","?","R","E","?","T","M","R","M","T","M","R","B"],"character_chosen":"DEFECT","items_purchased":["ClockworkSouvenir"],"campfire_rested":6,"item_purchase_floors":[14],"current_hp_per_floor":[74,74,72,69,62,75,67,52,52,74,36,30,15,15,37,11,75,62,43,40,40,40,64,18,18,18,35,60,20,20,3,28,0],"gold":160,"neow_bonus":"UPGRADE_CARD","is_prod":false,"is_daily":false,"chose_seed":false,"campfire_upgraded":0,"win_rate":0,"timestamp":1541778366,"path_taken":["M","$","?","?","?","R","M","M","T","R","E","?","?","?","R","BOSS","M","?","M","?","?","R","E","?","T","?","R","M","?","M","R","BOSS"],"build_version":"2018-11-08","purchased_purges":0,"victory":false,"max_hp_per_floor":[75,75,75,75,75,75,75,75,75,75,75,75,75,75,75,75,75,75,80,80,80,80,80,80,80,80,85,85,85,85,85,85,85],"card_choices":[{"not_picked":["Compile Driver","Sweeping Beam"],"picked":"Conserve Battery","floor":1},{"not_picked":["Aggregate","Hologram","Heatsinks"],"picked":"SKIP","floor":3},{"not_picked":["Turbo","Stack"],"picked":"Reinforced Body","floor":4},{"not_picked":["Compile Driver","Genetic Algorithm"],"picked":"White Noise","floor":7},{"not_picked":["Double Energy","Steam"],"picked":"Reprogram","floor":8},{"not_picked":["Gash","Double Energy"],"picked":"Ball Lightning","floor":11},{"not_picked":["Hello World","Go for the Eyes"],"picked":"Conserve Battery","floor":12},{"not_picked":["Multi-Cast","Reboot"],"picked":"Buffer","floor":16},{"not_picked":["Gash","Go for the Eyes+1"],"picked":"Doom and Gloom","floor":18},{"not_picked":["Cold Snap","Coolheaded+1"],"picked":"Leap+1","floor":19},{"not_picked":["Leap","Hologram"],"picked":"Rebound+1","floor":20},{"not_picked":["Gash","Capacitor","Go for the Eyes+1"],"picked":"SKIP","floor":24},{"not_picked":["Go for the Eyes","Steam Power"],"picked":"Streamline+1","floor":27},{"not_picked":["Blizzard","Loop"],"picked":"White Noise","floor":29},{"not_picked":["Chill","Rebound","Hologram+1"],"picked":"SKIP","floor":31}],"player_experience":258346,"relics_obtained":[{"floor":9,"key":"Bottled Flame"},{"floor":11,"key":"Bottled Lightning"},{"floor":24,"key":"Kunai"},{"floor":26,"key":"PreservedInsect"},{"floor":30,"key":"Cables"}],"event_choices":[{"damage_healed":0,"gold_gain":0,"player_choice":"Damaged","damage_taken":7,"max_hp_gain":0,"max_hp_loss":0,"event_name":"Wheel of Change","floor":5,"gold_loss":0},{"damage_healed":0,"gold_gain":0,"player_choice":"Entered Light","damage_taken":15,"max_hp_gain":0,"max_hp_loss":0,"event_name":"Shining Light","floor":13,"gold_loss":0,"cards_upgraded":["Strike_B","Reinforced Body"]},{"cards_removed":["Dualcast"],"damage_healed":0,"gold_gain":0,"player_choice":"Gave Gold","damage_taken":0,"max_hp_gain":0,"max_hp_loss":0,"event_name":"Beggar","floor":21,"gold_loss":75},{"damage_healed":0,"gold_gain":0,"player_choice":"Opened","damage_taken":0,"relics_obtained":["Unceasing Top"],"max_hp_gain":0,"max_hp_loss":0,"event_name":"The Mausoleum","floor":22,"gold_loss":0},{"damage_healed":0,"gold_gain":0,"player_choice":"Got Potions","damage_taken":0,"max_hp_gain":0,"max_hp_loss":0,"event_name":"Lab","floor":25,"gold_loss":0}],"is_beta":false,"boss_relics":[{"not_picked":["Coffee Dripper","Fusion Hammer"],"picked":"Lizard Tail"}],"items_purged_floors":[],"is_endless":false,"potions_floor_spawned":[7,8,11,16,18,19,29,31],"killed_by":"Automaton","ascension_level":4}