{"gold_per_floor":[109,119,119,138,88,88,113,113,113,126,197,157,169,36,36,138,138,126,126,137,58,58,58],"floor_reached":23,"playtime":1061,"items_purged":[],"score":227,"play_id":"482f7dd1-005a-4acd-9b3f-c99553dd8b75","local_time":"20181110164244","is_ascension_mode":true,"campfire_choices":[{"data":"Neutralize","floor":6,"key":"SMITH"},{"floor":8,"key":"REST"},{"data":"Caltrops","floor":15,"key":"SMITH"}],"neow_cost":"NONE","seed_source_timestamp":595082692827106,"circlet_count":0,"master_deck":["Defend_G","Defend_G","Defend_G","Defend_G","Defend_G","Strike_G","Strike_G","Survivor","Neutralize+1","Cloak And Dagger","Poisoned Stab","Caltrops+1","Dramatic Entrance","Cloak And Dagger","Doppelganger","Deadly Poison","Noxious Fumes+1","Caltrops"],"relics":["Ring of the Snake","Tough Bandages","Ornamental Fan","Shuriken","Paper Crane","Empty Cage"],"potions_floor_usage":[7,7,18,20,23,23,23],"damage_taken":[{"damage":0,"enemies":"Cultist","floor":1,"turns":4},{"damage":4,"enemies":"Jaw Worm","floor":2,"turns":5},{"damage":1,"enemies":"Small Slimes","floor":4,"turns":4},{"damage":30,"enemies":"Lagavulin","floor":7,"turns":9},{"damage":4,"enemies":"Exordium Thugs","floor":10,"turns":4},{"damage":0,"enemies":"2 Fungi Beasts","floor":13,"turns":3},{"damage":13,"enemies":"The Guardian","floor":16,"turns":10},{"damage":8,"enemies":"2 Thieves","floor":18,"turns":4},{"damage":5,"enemies":"Shell Parasite","floor":20,"turns":4},{"damage":74,"enemies":"Slavers","floor":23,"turns":4}],"seed_played":"2858410736681478722","potions_obtained":[{"floor":0,"key":"FearPotion"},{"floor":0,"key":"FairyPotion"},{"floor":0,"key":"Dexterity Potion"},{"floor":7,"key":"Weak Potion"},{"floor":13,"key":"SpeedPotion"},{"floor":18,"key":"Poison Potion"},{"floor":19,"key":"EntropicBrew"},{"floor":19,"key":"SkillPotion"}],"is_trial":false,"path_per_floor":["M","M","?","M","?","R","E","R","T","M","T","$","M","$","R","B",null,"M","?","M","$","?","E"],"character_chosen":"THE_SILENT","items_purchased":["Caltrops","Dramatic Entrance","Cloak And Dagger","Caltrops"],"campfire_rested":1,"item_purchase_floors":[12,14,14,21],"current_hp_per_floor":[70,66,59,58,58,58,28,49,49,45,45,45,45,45,45,32,70,62,62,57,57,57,0],"gold":58,"neow_bonus":"THREE_SMALL_POTIONS","is_prod":false,"is_daily":false,"chose_seed":false,"campfire_upgraded":2,"win_rate":0,"timestamp":1541864564,"path_taken":["M","M","?","M","?","R","E","R","T","M","?","$","M","?","R","BOSS","M","?","M","?","?","E"],"build_version":"2018-11-08","purchased_purges":0,"victory":false,"max_hp_per_floor":[70,70,70,70,70,70,70,70,70,70,70,70,70,70,70,70,70,70,70,70,70,70,70],"card_choices":[{"not_picked":["Underhanded Strike","Accuracy"],"picked":"Cloak And Dagger","floor":1},{"not_picked":["Endless Agony","Sucker Punch","Underhanded Strike"],"picked":"SKIP","floor":2},{"not_picked":["Concentrate","All Out Attack","Riddle With Holes"],"picked":"SKIP","floor":4},{"not_picked":["Calculated Gamble","Bullet Time"],"picked":"Poisoned Stab","floor":7},{"not_picked":["Bane","Finisher","Outmaneuver"],"picked":"SKIP","floor":10},{"not_picked":["Dagger Throw","Concentrate","Backflip"],"picked":"SKIP","floor":13},{"not_picked":["Die Die Die","Venomology"],"picked":"Doppelganger","floor":16},{"not_picked":["Outmaneuver","Dagger Spray"],"picked":"Deadly Poison","floor":18},{"not_picked":["Infinite Blades","Catalyst"],"picked":"Noxious Fumes+1","floor":20}],"player_experience":262102,"relics_obtained":[{"floor":7,"key":"Ornamental Fan"},{"floor":9,"key":"Shuriken"},{"floor":11,"key":"Paper Crane"}],"event_choices":[{"damage_healed":0,"gold_gain":0,"player_choice":"Success","damage_taken":7,"relics_obtained":["Tough Bandages"],"max_hp_gain":0,"max_hp_loss":0,"event_name":"Scrap Ooze","floor":3,"gold_loss":0},{"cards_removed":["Strike_G"],"damage_healed":0,"gold_gain":0,"player_choice":"Card Removal","damage_taken":0,"max_hp_gain":0,"max_hp_loss":0,"event_name":"The Cleric","floor":5,"gold_loss":50},{"damage_healed":0,"gold_gain":0,"player_choice":"Got Potions","damage_taken":0,"max_hp_gain":0,"max_hp_loss":0,"event_name":"Lab","floor":19,"gold_loss":0},{"damage_healed":0,"gold_gain":0,"player_choice":"Ignored","damage_taken":0,"max_hp_gain":0,"max_hp_loss":0,"event_name":"Ghosts","floor":22,"gold_loss":0}],"is_beta":false,"boss_relics":[{"not_picked":["Cursed Key","Philosopher\u0027s Stone"],"picked":"Empty Cage"}],"items_purged_floors":[],"is_endless":false,"potions_floor_spawned":[1,7,13,18],"killed_by":"Slavers","ascension_level":4}