{"gold_per_floor":[109,126,76,89,105,105,120,68,68,68,68,87,87,87,87,87],"floor_reached":16,"playtime":907,"items_purged":[],"score":92,"play_id":"3f81ea49-fd74-45ea-acca-828908bcb079","local_time":"20190716022853","is_ascension_mode":false,"campfire_choices":[{"data":"Dualcast","floor":6,"key":"SMITH"},{"data":"Redo","floor":10,"key":"SMITH"},{"floor":15,"key":"REST"}],"neow_cost":"PERCENT_DAMAGE","seed_source_timestamp":350218902541640,"circlet_count":0,"master_deck":["Strike_B","Strike_B+1","Defend_B+1","Defend_B","Zap","Dualcast+1","Redo+1","Conserve Battery"],"relics":["Cracked Core","The Courier"],"potions_floor_usage":[12,16],"damage_taken":[{"damage":2,"enemies":"2 Louse","floor":1,"turns":2},{"damage":0,"enemies":"Small Slimes","floor":2,"turns":2},{"damage":0,"enemies":"Cultist","floor":4,"turns":3},{"damage":19,"enemies":"Large Slime","floor":5,"turns":5},{"damage":1,"enemies":"3 Louse","floor":7,"turns":3},{"damage":0,"enemies":"Exordium Thugs","floor":12,"turns":3},{"damage":39,"enemies":"Hexaghost","floor":16,"turns":9}],"seed_played":"4087583681287480079","potions_obtained":[{"floor":4,"key":"Fire Potion"},{"floor":7,"key":"PowerPotion"}],"is_trial":false,"path_per_floor":["M","M","?","M","M","R","M","$","T","R","?","M","$","?","R","B"],"character_chosen":"DEFECT","items_purchased":["Conserve Battery"],"campfire_rested":1,"item_purchase_floors":[8],"current_hp_per_floor":[52,52,52,52,33,33,32,32,32,32,32,32,32,17,39,0],"gold":87,"neow_bonus":"REMOVE_TWO","is_prod":false,"is_daily":false,"chose_seed":false,"campfire_upgraded":2,"win_rate":0,"timestamp":1563211733,"path_taken":["M","M","?","M","M","R","M","$","T","R","?","M","$","?","R","BOSS"],"build_version":"2019-07-05","purchased_purges":0,"victory":false,"max_hp_per_floor":[75,75,75,75,75,75,75,75,75,75,75,75,75,75,75,75],"card_choices":[{"not_picked":["Compile Driver","Streamline","Gash"],"picked":"SKIP","floor":1},{"not_picked":["Undo","Ball Lightning","Hologram"],"picked":"SKIP","floor":2},{"not_picked":["Compile Driver","Self Repair","Rebound"],"picked":"SKIP","floor":4},{"not_picked":["Recycle","Cold Snap","Beam Cell"],"picked":"SKIP","floor":5},{"not_picked":["Leap","Aggregate"],"picked":"Redo","floor":7},{"not_picked":["Rebound","Barrage","Sweeping Beam"],"picked":"SKIP","floor":12}],"player_experience":237807,"relics_obtained":[{"floor":9,"key":"The Courier"}],"event_choices":[{"cards_removed":["Strike_B"],"damage_healed":0,"gold_gain":0,"player_choice":"Card Removal","damage_taken":0,"max_hp_gain":0,"max_hp_loss":0,"event_name":"The Cleric","floor":3,"gold_loss":50},{"cards_removed":["Defend_B"],"damage_healed":0,"gold_gain":0,"player_choice":"Forget","damage_taken":0,"max_hp_gain":0,"max_hp_loss":0,"event_name":"Living Wall","floor":11,"gold_loss":0},{"damage_healed":0,"gold_gain":0,"player_choice":"Entered Light","damage_taken":15,"max_hp_gain":0,"max_hp_loss":0,"event_name":"Shining Light","floor":14,"gold_loss":0,"cards_upgraded":["Strike_B","Defend_B"]}],"is_beta":false,"boss_relics":[],"items_purged_floors":[],"is_endless":false,"potions_floor_spawned":[4,7],"killed_by":"Hexaghost","ascension_level":0}