{"gold_per_floor":[210,210,9,9,9,9,9,50,73,37,50,74,74,88,88,209,209,230,243,168,182,195,195,110,123,123,25,49,49,64,82,82,82],"floor_reached":33,"playtime":1831,"items_purged":[],"score":299,"play_id":"b435fa55-91b9-49eb-bddf-ffc0e5e63300","local_time":"20181108224401","is_ascension_mode":true,"campfire_choices":[{"data":"Neutralize","floor":6,"key":"SMITH"},{"floor":13,"key":"REST"},{"data":"Envenom","floor":15,"key":"SMITH"},{"data":"Well Laid Plans","floor":23,"key":"SMITH"},{"data":"Calculated Gamble","floor":29,"key":"SMITH"},{"data":"Distraction","floor":32,"key":"SMITH"}],"neow_cost":"NONE","seed_source_timestamp":443182797184555,"circlet_count":0,"master_deck":["Defend_G","Defend_G","Defend_G","Defend_G","Defend_G","Strike_G","Strike_G","Strike_G","Strike_G","Strike_G","Survivor","Neutralize+1","Dash","Cloak And Dagger","Injury","Backflip","Grand Finale","Swift Strike","All Out Attack","Backstab","Well Laid Plans+1","Envenom+1","Prepared","Calculated Gamble+1","Adrenaline","PiercingWail","Bane","PiercingWail","Crippling Poison","Outmaneuver","PanicButton","Quick Slash+1","Distraction+1"],"relics":["Ring of the Snake","Bronze Scales","Golden Idol","Ninja Scroll","Orichalcum","Vajra","Coffee Dripper","Ornamental Fan","Letter Opener"],"potions_floor_usage":[16,16,21,25],"damage_taken":[{"damage":5,"enemies":"2 Louse","floor":1,"turns":2},{"damage":42,"enemies":"Lagavulin","floor":8,"turns":7},{"damage":0,"enemies":"Jaw Worm","floor":11,"turns":1},{"damage":0,"enemies":"Cultist","floor":12,"turns":2},{"damage":0,"enemies":"Gremlin Gang","floor":14,"turns":2},{"damage":23,"enemies":"Hexaghost","floor":16,"turns":7},{"damage":3,"enemies":"Chosen","floor":18,"turns":3},{"damage":0,"enemies":"2 Thieves","floor":19,"turns":3},{"damage":0,"enemies":"Snake Plant","floor":21,"turns":5},{"damage":11,"enemies":"Snecko","floor":22,"turns":5},{"damage":2,"enemies":"Centurion and Healer","floor":25,"turns":5},{"damage":0,"enemies":"Chosen and Byrds","floor":28,"turns":4},{"damage":12,"enemies":"Snake Plant","floor":30,"turns":3},{"damage":0,"enemies":"Cultist and Chosen","floor":31,"turns":4},{"damage":54,"enemies":"Collector","floor":33,"turns":7}],"seed_played":"6808890048011368895","potions_obtained":[{"floor":8,"key":"SkillPotion"},{"floor":11,"key":"PowerPotion"},{"floor":14,"key":"Swift Potion"},{"floor":18,"key":"Weak Potion"},{"floor":19,"key":"SkillPotion"},{"floor":31,"key":"Ancient Potion"}],"is_trial":false,"path_per_floor":["M","?","$","?","?","R","?","E","T","$","M","M","R","M","R","B",null,"M","M","?","M","M","R","?","M","T","$","M","R","M","M","R","B"],"character_chosen":"THE_SILENT","items_purchased":["Bronze Scales","Cloak And Dagger","Well Laid Plans","PanicButton"],"campfire_rested":1,"item_purchase_floors":[3,3,10,27],"current_hp_per_floor":[65,65,65,65,65,65,65,23,23,23,23,23,44,44,44,21,70,67,67,67,67,56,56,56,54,54,54,54,54,42,42,42,0],"gold":82,"neow_bonus":"HUNDRED_GOLD","is_prod":false,"is_daily":false,"chose_seed":false,"campfire_upgraded":5,"win_rate":0,"timestamp":1541713441,"path_taken":["M","?","$","?","?","R","?","E","T","$","M","?","R","M","R","BOSS","M","?","?","M","M","R","?","M","T","?","M","R","M","?","R","BOSS"],"build_version":"2018-11-01","purchased_purges":0,"victory":false,"max_hp_per_floor":[70,70,70,70,70,70,70,70,70,70,70,70,70,70,70,70,70,70,70,70,70,70,70,70,70,70,70,70,70,70,70,70,70],"card_choices":[{"not_picked":["Dagger Spray","Crippling Poison"],"picked":"Dash","floor":1},{"not_picked":["Reflex","Quick Slash"],"picked":"Backstab","floor":8},{"not_picked":["Quick Slash","Dagger Throw"],"picked":"Envenom","floor":11},{"not_picked":["Dagger Spray","Poisoned Stab"],"picked":"Prepared","floor":12},{"not_picked":["Quick Slash","Dagger Throw"],"picked":"Calculated Gamble","floor":14},{"not_picked":["Tools of the Trade","Die Die Die"],"picked":"Adrenaline","floor":16},{"not_picked":["Blade Dance","Deadly Poison"],"picked":"PiercingWail","floor":18},{"not_picked":["Dagger Spray","Concentrate"],"picked":"Bane","floor":19},{"not_picked":["Leg Sweep","Deadly Poison"],"picked":"PiercingWail","floor":21},{"not_picked":["Underhanded Strike","Flying Knee"],"picked":"Crippling Poison","floor":22},{"not_picked":["Deadly Poison","Concentrate"],"picked":"Outmaneuver","floor":25},{"not_picked":["Flying Knee","Distraction","Quick Slash"],"picked":"SKIP","floor":28},{"not_picked":["Bullet Time","Cloak And Dagger"],"picked":"Quick Slash+1","floor":30},{"not_picked":["Bane","Dagger Throw"],"picked":"Distraction","floor":31}],"player_experience":252396,"relics_obtained":[{"floor":8,"key":"Orichalcum"},{"floor":9,"key":"Vajra"},{"floor":26,"key":"Letter Opener"}],"event_choices":[{"damage_healed":0,"gold_gain":0,"player_choice":"Leave","damage_taken":0,"max_hp_gain":0,"max_hp_loss":0,"event_name":"The Cleric","floor":2,"gold_loss":0},{"damage_healed":0,"gold_gain":0,"player_choice":"Take Wound","damage_taken":0,"relics_obtained":["Golden Idol"],"max_hp_gain":0,"max_hp_loss":0,"event_name":"Golden Idol","floor":4,"gold_loss":0,"cards_obtained":["Injury"]},{"damage_healed":0,"gold_gain":0,"player_choice":"Box","damage_taken":0,"relics_obtained":["Ninja Scroll"],"max_hp_gain":0,"max_hp_loss":0,"event_name":"Big Fish","floor":5,"gold_loss":0,"cards_obtained":["Regret"]},{"damage_healed":0,"gold_gain":0,"player_choice":"4 cards matched","damage_taken":0,"max_hp_gain":0,"max_hp_loss":0,"event_name":"Match and Keep!","floor":7,"gold_loss":0,"cards_obtained":["Backflip","Grand Finale","Swift Strike","All Out Attack"]},{"cards_removed":["Regret"],"damage_healed":0,"gold_gain":0,"player_choice":"Gave Gold","damage_taken":0,"max_hp_gain":0,"max_hp_loss":0,"event_name":"Beggar","floor":20,"gold_loss":75},{"damage_healed":0,"gold_gain":0,"player_choice":"Obtained Relic","damage_taken":0,"relics_obtained":["Ornamental Fan"],"max_hp_gain":0,"max_hp_loss":0,"event_name":"Addict","floor":24,"gold_loss":85}],"is_beta":false,"boss_relics":[{"not_picked":["Snecko Eye","Philosopher\u0027s Stone"],"picked":"Coffee Dripper"}],"items_purged_floors":[],"is_endless":false,"potions_floor_spawned":[8,11,14,18,19,31],"killed_by":"Collector","ascension_level":4}