{"gold_per_floor":[113,113,113,127,127,163,238,238,238,256,274,274,146,176,176,176],"floor_reached":16,"playtime":689,"items_purged":["Defend_R"],"score":127,"play_id":"b9c55fbc-6efc-4829-b6d9-97629d06362d","local_time":"20190104134548","is_ascension_mode":true,"campfire_choices":[{"floor":8,"key":"REST"},{"floor":15,"key":"REST"}],"neow_cost":"PERCENT_DAMAGE","seed_source_timestamp":447835828376781,"circlet_count":0,"master_deck":["Strike_R","Strike_R","Defend_R+1","Defend_R+1","Defend_R+1","Bash","Warcry","Sever Soul","Clash","Brutality","Pommel Strike","Shrug It Off+1","Feel No Pain","Wild Strike","Headbutt"],"relics":["Burning Blood","FaceOfCleric","Golden Idol","Anchor","War Paint","Tiny Chest"],"potions_floor_usage":[6],"damage_taken":[{"damage":7,"enemies":"Small Slimes","floor":1,"turns":3},{"damage":0,"enemies":"2 Louse","floor":4,"turns":3},{"damage":8,"enemies":"Gremlin Nob","floor":6,"turns":3},{"damage":6,"enemies":"Cultist","floor":10,"turns":3},{"damage":2,"enemies":"Looter","floor":11,"turns":4},{"damage":78,"enemies":"Hexaghost","floor":16,"turns":11}],"seed_played":"-3000022638766508244","potions_obtained":[{"floor":4,"key":"PowerPotion"},{"floor":6,"key":"Ancient Potion"}],"is_trial":false,"path_per_floor":["M","?","?","M","?","E","?","R","T","M","M","?","$","T","R","B"],"character_chosen":"IRONCLAD","items_purchased":["Headbutt"],"campfire_rested":2,"item_purchase_floors":[13],"current_hp_per_floor":[50,50,50,57,57,56,45,67,67,68,73,57,57,57,78,0],"gold":176,"neow_bonus":"TRANSFORM_TWO_CARDS","is_prod":false,"is_daily":false,"chose_seed":false,"campfire_upgraded":0,"win_rate":0,"timestamp":1546577148,"path_taken":["M","?","?","?","?","E","?","R","T","M","M","?","$","?","R","BOSS"],"build_version":"2019-01-03v2","purchased_purges":1,"victory":false,"max_hp_per_floor":[80,80,80,81,75,76,76,76,76,77,78,78,78,78,78,78],"card_choices":[{"not_picked":["Warcry","Iron Wave"],"picked":"Clash","floor":1},{"not_picked":["Clash","Thunderclap"],"picked":"Pommel Strike","floor":4},{"not_picked":["Armaments","Evolve"],"picked":"Shrug It Off","floor":6},{"not_picked":["Heavy Blade","Fire Breathing"],"picked":"Feel No Pain","floor":10},{"not_picked":["Seeing Red","Iron Wave"],"picked":"Wild Strike","floor":11}],"player_experience":144435,"relics_obtained":[{"floor":6,"key":"Anchor"},{"floor":9,"key":"War Paint"},{"floor":14,"key":"Tiny Chest"}],"event_choices":[{"damage_healed":0,"gold_gain":0,"cards_transformed":["Strike_R"],"player_choice":"Change","damage_taken":0,"max_hp_gain":0,"max_hp_loss":0,"event_name":"Living Wall","floor":2,"gold_loss":0,"cards_obtained":["Brutality"]},{"damage_healed":0,"gold_gain":0,"player_choice":"Trade","damage_taken":0,"relics_obtained":["FaceOfCleric"],"max_hp_gain":0,"max_hp_loss":0,"event_name":"FaceTrader","floor":3,"gold_loss":0},{"damage_healed":0,"gold_gain":0,"player_choice":"Lose Max HP","damage_taken":0,"relics_obtained":["Golden Idol"],"max_hp_gain":0,"max_hp_loss":6,"event_name":"Golden Idol","floor":5,"gold_loss":0},{"damage_healed":0,"gold_gain":75,"player_choice":"Gather Gold","damage_taken":11,"max_hp_gain":0,"max_hp_loss":0,"event_name":"World of Goop","floor":7,"gold_loss":0},{"damage_healed":0,"gold_gain":0,"player_choice":"Entered Light","damage_taken":16,"max_hp_gain":0,"max_hp_loss":0,"event_name":"Shining Light","floor":12,"gold_loss":0,"cards_upgraded":["Shrug It Off","Defend_R"]}],"is_beta":false,"boss_relics":[],"items_purged_floors":[13],"is_endless":false,"potions_floor_spawned":[4,6],"killed_by":"Hexaghost","ascension_level":6}