{"gold_per_floor":[116,127,140,140,158,198,298,311,337,71,90,90,90,40,40,40],"floor_reached":16,"playtime":1418,"items_purged":[],"score":102,"play_id":"712371b7-1bcc-4923-b195-4363155b4e9c","local_time":"20190714191706","is_ascension_mode":false,"campfire_choices":[{"floor":12,"key":"REST"},{"floor":15,"key":"REST"}],"neow_cost":"NONE","seed_source_timestamp":237410730926531,"circlet_count":0,"master_deck":["Strike_B","Strike_B","Strike_B","Defend_B","Defend_B","Defend_B","Defend_B","Zap","Dualcast","Reprogram","Redo","Skim","Conserve Battery","Aggregate","Conserve Battery"],"relics":["Cracked Core","Golden Idol","Letter Opener","Tiny Chest","Anchor"],"potions_floor_usage":[6,11,16,16],"damage_taken":[{"damage":4,"enemies":"Small Slimes","floor":1,"turns":3},{"damage":3,"enemies":"Jaw Worm","floor":2,"turns":3},{"damage":1,"enemies":"Cultist","floor":3,"turns":4},{"damage":13,"enemies":"Red Slaver","floor":5,"turns":3},{"damage":24,"enemies":"3 Sentries","floor":6,"turns":11},{"damage":4,"enemies":"2 Fungi Beasts","floor":8,"turns":3},{"damage":1,"enemies":"3 Louse","floor":11,"turns":3},{"damage":59,"enemies":"Slime Boss","floor":16,"turns":8}],"seed_played":"1310098925988923642","potions_obtained":[{"floor":2,"key":"Block Potion"},{"floor":3,"key":"Energy Potion"},{"floor":8,"key":"SkillPotion"},{"floor":11,"key":"SteroidPotion"}],"is_trial":false,"path_per_floor":["M","M","M","?","M","E","?","M","T","$","M","R","?","?","R","B"],"character_chosen":"DEFECT","items_purchased":["Tiny Chest","Anchor"],"campfire_rested":2,"item_purchase_floors":[10,10],"current_hp_per_floor":[71,68,67,49,36,12,12,8,8,8,7,29,29,29,51,0],"gold":40,"neow_bonus":"THREE_CARDS","is_prod":false,"is_daily":false,"chose_seed":false,"campfire_upgraded":0,"win_rate":0,"timestamp":1563099426,"path_taken":["M","M","M","?","M","E","?","?","T","?","M","R","?","?","R","BOSS"],"build_version":"2019-07-05","purchased_purges":0,"victory":false,"max_hp_per_floor":[75,75,75,75,75,75,75,75,75,75,75,75,75,75,75,75],"card_choices":[{"not_picked":["Hologram","Melter"],"picked":"Reprogram","floor":0},{"not_picked":["Barrage","Ball Lightning"],"picked":"Redo","floor":1},{"not_picked":["Coolheaded","Doom and Gloom"],"picked":"Skim","floor":2},{"not_picked":["Rip and Tear","Rebound"],"picked":"Conserve Battery","floor":3},{"not_picked":["BootSequence","Steam Power","Turbo"],"picked":"SKIP","floor":5},{"not_picked":["Barrage","Streamline"],"picked":"Aggregate","floor":6},{"not_picked":["Go for the Eyes","Force Field"],"picked":"Conserve Battery","floor":8},{"not_picked":["Sunder","Steam","Force Field"],"picked":"SKIP","floor":11}],"player_experience":226586,"relics_obtained":[{"floor":6,"key":"Letter Opener"}],"event_choices":[{"damage_healed":0,"gold_gain":0,"player_choice":"Take Damage","damage_taken":18,"relics_obtained":["Golden Idol"],"max_hp_gain":0,"max_hp_loss":0,"event_name":"Golden Idol","floor":4,"gold_loss":0},{"damage_healed":0,"gold_gain":100,"player_choice":"Pray","damage_taken":0,"max_hp_gain":0,"max_hp_loss":0,"event_name":"Golden Shrine","floor":7,"gold_loss":0},{"damage_healed":0,"gold_gain":0,"player_choice":"Ignored","damage_taken":0,"max_hp_gain":0,"max_hp_loss":0,"event_name":"Liars Game","floor":13,"gold_loss":0},{"cards_removed":["Strike_B"],"damage_healed":0,"gold_gain":0,"player_choice":"Card Removal","damage_taken":0,"max_hp_gain":0,"max_hp_loss":0,"event_name":"The Cleric","floor":14,"gold_loss":50}],"is_beta":false,"boss_relics":[],"items_purged_floors":[],"is_endless":false,"potions_floor_spawned":[2,3,8,11],"killed_by":"Slime Boss","ascension_level":0}