{"gold_per_floor":[114,66,141,151,151,151,166,166,213,231,250,262,37,69,69,173,173,186,136,148,159,177,204,53,84,109,109,109,208,208,227,227,327,327,344,355,355,375,375],"floor_reached":39,"playtime":4088,"items_purged":["Defend_B"],"score":473,"play_id":"46b99ad2-f91d-4fb8-879d-5ac96d69b76f","local_time":"20190627154455","is_ascension_mode":false,"campfire_choices":[{"data":"Darkness","floor":6.0,"key":"SMITH"},{"data":"Conserve Battery","floor":8.0,"key":"SMITH"},{"data":"Tempest","floor":15.0,"key":"SMITH"},{"floor":27,"key":"REST"},{"floor":30,"key":"REST"},{"data":"Multi-Cast","floor":32,"key":"SMITH"}],"neow_cost":"NONE","seed_source_timestamp":723855972646885,"circlet_count":0,"master_deck":["Strike_B","Strike_B","Zap+1","Dualcast","Darkness+1","Conserve Battery+1","Conserve Battery+1","Force Field","Tempest+1","Multi-Cast+1","Multi-Cast","Fusion+1","Turbo+1","Sunder+1","Go for the Eyes+1","Core Surge+1","Conserve Battery","Madness","Madness"],"special_seed":0,"relics":["Cracked Core","Strawberry","War Paint","Bottled Lightning","Nuclear Battery","Mercury Hourglass","Happy Flower","Smiling Mask","Dream Catcher","Astrolabe"],"potions_floor_usage":[23,25,25,39,39],"damage_taken":[{"damage":1.0,"enemies":"Cultist","floor":1.0,"turns":3.0},{"damage":1.0,"enemies":"Jaw Worm","floor":4.0,"turns":6.0},{"damage":5.0,"enemies":"Small Slimes","floor":7.0,"turns":4.0},{"damage":2.0,"enemies":"Blue Slaver","floor":10.0,"turns":4.0},{"damage":8.0,"enemies":"Large Slime","floor":11.0,"turns":6.0},{"damage":3.0,"enemies":"Red Slaver","floor":12.0,"turns":7.0},{"damage":0.0,"enemies":"Lagavulin","floor":14.0,"turns":6.0},{"damage":15.0,"enemies":"Slime Boss","floor":16.0,"turns":4.0},{"damage":0.0,"enemies":"Shell Parasite","floor":18.0,"turns":3.0},{"damage":0.0,"enemies":"3 Byrds","floor":20.0,"turns":3.0},{"damage":0.0,"enemies":"Cultist and Chosen","floor":21.0,"turns":3.0},{"damage":16,"enemies":"Centurion and Healer","floor":22,"turns":4},{"damage":29,"enemies":"Book of Stabbing","floor":23,"turns":5},{"damage":0,"enemies":"Gremlin Leader","floor":25,"turns":2},{"damage":0,"enemies":"3 Cultists","floor":31,"turns":2},{"damage":78,"enemies":"Automaton","floor":33,"turns":8},{"damage":15,"enemies":"Orb Walker","floor":35,"turns":3},{"damage":8,"enemies":"3 Shapes","floor":36,"turns":2},{"damage":44,"enemies":"Transient","floor":38,"turns":5},{"damage":14,"enemies":"Writhing Mass","floor":39,"turns":4}],"seed_played":"-8139548599457207745","potions_obtained":[{"floor":7.0,"key":"EssenceOfSteel"},{"floor":11.0,"key":"FearPotion"},{"floor":14.0,"key":"SneckoOil"},{"floor":22,"key":"Strength Potion"},{"floor":23,"key":"Swift Potion"},{"floor":33,"key":"FocusPotion"},{"floor":36,"key":"Dexterity Potion"}],"is_trial":false,"path_per_floor":["M","$","?","M","?","R","M","R","T","M","M","M","$","E","R","B",null,"M","?","M","M","M","E","$","E","T","R","?","?","R","M","R","B",null,"M","M","?","M","M"],"character_chosen":"DEFECT","items_purchased":["Conserve Battery","War Paint","Happy Flower"],"campfire_rested":2,"item_purchase_floors":[2,13,24],"current_hp_per_floor":[74,74,63,62,55,55,50,50,57,55,47,44,44,44,44,29,82,82,82,82,82,66,37,37,37,37,61,61,61,82,82,82,4,82,67,59,49,5,0],"gold":375,"neow_bonus":"REMOVE_CARD","is_prod":false,"is_daily":false,"chose_seed":false,"campfire_upgraded":4,"win_rate":0.0,"timestamp":1561617895,"path_taken":["M","?","?","M","?","R","M","R","T","M","M","?","$","E","R","BOSS","M","?","M","?","M","E","$","E","T","R","?","?","R","M","R","BOSS","M","M","?","M","M"],"build_version":"2019-01-23","purchased_purges":1,"victory":false,"max_hp_per_floor":[75,75,75,75,75,75,75,75,82,82,82,82,82,82,82,82,82,82,82,82,82,82,82,82,82,82,82,82,82,82,82,82,82,82,82,82,82,82,82],"card_choices":[{"not_picked":["Streamline","Rip and Tear"],"picked":"Darkness","floor":1.0},{"not_picked":["Compile Driver","Coolheaded","Turbo"],"picked":"SKIP","floor":4.0},{"not_picked":["FTL","Fission","Coolheaded"],"picked":"SKIP","floor":7.0},{"not_picked":["Coolheaded","Beam Cell"],"picked":"Conserve Battery","floor":10.0},{"not_picked":["Compile Driver","Stack"],"picked":"Force Field","floor":11.0},{"not_picked":["Skim","Barrage"],"picked":"Tempest","floor":12.0},{"not_picked":["Hyperbeam","Go for the Eyes"],"picked":"Multi-Cast","floor":14.0},{"not_picked":["Hyperbeam","Thunder Strike"],"picked":"Multi-Cast","floor":16.0},{"not_picked":["Melter","Go for the Eyes","Stack"],"picked":"SKIP","floor":18.0},{"not_picked":["Conserve Battery","Compile Driver"],"picked":"Fusion+1","floor":20.0},{"not_picked":["Stack","Streamline+1"],"picked":"Turbo+1","floor":21.0},{"not_picked":["Hologram","Rip and Tear+1","Beam Cell"],"picked":"SKIP","floor":22},{"not_picked":["Rebound+1","Coolheaded+1","Undo"],"picked":"SKIP","floor":23},{"not_picked":["Rebound+1","Coolheaded+1","Undo"],"picked":"SKIP","floor":23},{"not_picked":["Leap+1","Sweeping Beam","Beam Cell"],"picked":"SKIP","floor":25},{"not_picked":["Beam Cell","Leap+1","Rebound"],"picked":"SKIP","floor":31},{"not_picked":["Stack","Cold Snap+1"],"picked":"Conserve Battery","floor":35},{"not_picked":["Redo+1","Tempest+1","Ball Lightning+1"],"picked":"SKIP","floor":36},{"not_picked":["Melter","Beam Cell","Turbo+1"],"picked":"SKIP","floor":38}],"player_experience":58736,"relics_obtained":[{"floor":9.0,"key":"Strawberry"},{"floor":14.0,"key":"Bottled Lightning"},{"floor":23,"key":"Mercury Hourglass"},{"floor":25,"key":"Smiling Mask"},{"floor":26,"key":"Dream Catcher"}],"event_choices":[{"damage_healed":0.0,"max_hp_gain":0.0,"max_hp_loss":0.0,"gold_gain":75.0,"event_name":"World of Goop","player_choice":"Gather Gold","floor":3.0,"gold_loss":0.0,"damage_taken":11.0},{"cards_removed":["Strike_B"],"damage_healed":0.0,"max_hp_gain":0.0,"max_hp_loss":0.0,"gold_gain":0.0,"event_name":"Golden Wing","player_choice":"Card Removal","floor":5.0,"gold_loss":0.0,"damage_taken":7.0},{"damage_healed":0.0,"max_hp_gain":0.0,"max_hp_loss":0.0,"gold_gain":0.0,"event_name":"The Joust","player_choice":"Bet on Owner","floor":19.0,"gold_loss":50.0,"damage_taken":0.0},{"damage_healed":0,"gold_gain":0,"player_choice":"Ignored","damage_taken":0,"max_hp_gain":0,"max_hp_loss":0,"event_name":"Cursed Tome","floor":28,"gold_loss":0},{"damage_healed":0,"gold_gain":99,"player_choice":"Stole From Cult","damage_taken":0,"max_hp_gain":0,"max_hp_loss":0,"event_name":"Nest","floor":29,"gold_loss":0},{"damage_healed":0,"gold_gain":0,"player_choice":"Embrace Madness","damage_taken":10,"max_hp_gain":0,"max_hp_loss":0,"event_name":"Winding Halls","floor":37,"gold_loss":0,"cards_obtained":["Madness","Madness"]}],"is_beta":false,"boss_relics":[{"not_picked":["Calling Bell","Busted Crown"],"picked":"Nuclear Battery"},{"not_picked":["Fusion Hammer","Coffee Dripper"],"picked":"Astrolabe"}],"items_purged_floors":[13],"is_endless":false,"potions_floor_spawned":[7,11,14,22,23,33,36],"killed_by":"Writhing Mass","ascension_level":0}