{"gold_per_floor":[115,190,190,190,200,200,200,226,226,17,33,48,48,63,63,158,158,171,188,206,9,9,9,9,9,9,19,19,39,39,50,50,147,147,163,182,182,182,193,193],"floor_reached":40,"playtime":4579,"items_purged":[],"score":378,"play_id":"12e0019b-cc80-477e-9cd7-9891b3ea103f","local_time":"20190826134611","is_ascension_mode":false,"campfire_choices":[{"data":"True Grit","floor":6.0,"key":"SMITH"},{"data":"Entrench","floor":13.0,"key":"SMITH"},{"floor":15,"key":"REST"},{"floor":24,"key":"REST"},{"data":"Barricade","floor":28,"key":"SMITH"},{"floor":30,"key":"REST"},{"floor":32,"key":"REST"}],"neow_cost":"NONE","seed_source_timestamp":0,"circlet_count":0,"master_deck":["Strike_R","Defend_R","Defend_R","Defend_R","Defend_R","Bash","Entrench+1","True Grit+1","Shrug It Off","Thinking Ahead","Iron Wave","True Grit","Burning Pact","Barricade+1","Corruption+1","Pummel+1","Dark Embrace+1","Blood for Blood+1","Searing Blow+1","Rage+1","Blood for Blood+1","Wild Strike+1","Entrench+1","Shrug It Off","Bludgeon","Sentinel+1","Inflame","Writhe","Armaments+1"],"special_seed":0,"relics":["Black Blood","Bronze Scales","Red Skull","Meat on the Bone","Astrolabe","Membership Card","Ornamental Fan"],"potions_floor_usage":[29,31,31,31,31,35,39,40],"damage_taken":[{"damage":7.0,"enemies":"2 Louse","floor":1.0,"turns":4.0},{"damage":1.0,"enemies":"Cultist","floor":5.0,"turns":4.0},{"damage":0.0,"enemies":"Small Slimes","floor":11.0,"turns":3.0},{"damage":3.0,"enemies":"2 Fungi Beasts","floor":12.0,"turns":4.0},{"damage":23.0,"enemies":"Gremlin Gang","floor":14.0,"turns":6.0},{"damage":75,"enemies":"The Guardian","floor":16,"turns":18},{"damage":23,"enemies":"Shell Parasite","floor":18,"turns":11},{"damage":10,"enemies":"Chosen","floor":19,"turns":5},{"damage":25,"enemies":"Shelled Parasite and Fungi","floor":20,"turns":7},{"damage":11,"enemies":"Snake Plant","floor":27,"turns":6},{"damage":16,"enemies":"Snecko","floor":29,"turns":5},{"damage":35,"enemies":"Cultist and Chosen","floor":31,"turns":5},{"damage":52,"enemies":"Collector","floor":33,"turns":8},{"damage":34,"enemies":"3 Darklings","floor":35,"turns":5},{"damage":51,"enemies":"3 Shapes","floor":36,"turns":7},{"damage":68,"enemies":"Jaw Worm Horde","floor":39,"turns":5},{"damage":40,"enemies":"Nemesis","floor":40,"turns":9}],"seed_played":"9051794273650214187","potions_obtained":[{"floor":5.0,"key":"Weak Potion"},{"floor":27,"key":"PowerPotion"},{"floor":29,"key":"EntropicBrew"},{"floor":31,"key":"PowerPotion"},{"floor":35,"key":"BloodPotion"},{"floor":36,"key":"Weak Potion"}],"is_trial":false,"path_per_floor":["M","?","?","?","M","R","?","T","T","$","M","M","R","M","R","B",null,"M","M","M","$","?","?","R","?","T","M","R","M","R","M","R","B",null,"M","M","?","?","M","E"],"character_chosen":"IRONCLAD","items_purchased":["Shrug It Off","Thinking Ahead","Membership Card"],"campfire_rested":4,"item_purchase_floors":[10,10,21],"current_hp_per_floor":[87,76,69,66,71,71,76,76,76,76,82,85,85,68,93,36,93,76,72,53,53,53,53,80,80,80,75,75,65,92,63,90,56,93,69,40,40,63,40,0],"gold":193,"neow_bonus":"TEN_PERCENT_HP_BONUS","is_prod":false,"is_daily":false,"chose_seed":false,"campfire_upgraded":3,"win_rate":0.0,"timestamp":1566798371,"path_taken":["M","?","?","?","M","R","?","?","T","$","?","M","R","M","R","BOSS","M","M","M","$","?","?","R","?","T","M","R","?","R","M","R","BOSS","M","M","?","?","M","E"],"build_version":"2019-07-17","purchased_purges":0,"victory":false,"max_hp_per_floor":[88,88,88,88,88,88,93,93,93,93,93,93,93,93,93,93,93,93,93,93,93,93,93,93,93,93,93,93,93,93,93,93,93,93,93,93,93,93,93,93],"card_choices":[{"not_picked":["Warcry","Spot Weakness"],"picked":"Entrench","floor":1.0},{"not_picked":["Clash","Anger"],"picked":"True Grit","floor":5.0},{"not_picked":["Heavy Blade","Evolve"],"picked":"Iron Wave","floor":11.0},{"not_picked":["Brutality","Dual Wield"],"picked":"True Grit","floor":12.0},{"not_picked":["Cleave","Sword Boomerang"],"picked":"Burning Pact","floor":14.0},{"not_picked":["Juggernaut","Immolate"],"picked":"Barricade","floor":16},{"not_picked":["Second Wind","Wild Strike+1"],"picked":"Blood for Blood+1","floor":18},{"not_picked":["Headbutt","Combust"],"picked":"Searing Blow+1","floor":19},{"not_picked":["Headbutt","True Grit"],"picked":"Rage+1","floor":20},{"not_picked":["Reckless Charge","Dual Wield"],"picked":"Wild Strike+1","floor":27},{"not_picked":["Havoc+1","Heavy Blade+1"],"picked":"Entrench+1","floor":29},{"not_picked":["Iron Wave","Pommel Strike"],"picked":"Shrug It Off","floor":31},{"not_picked":["Limit Break","Berserk"],"picked":"Bludgeon","floor":33},{"not_picked":["Fire Breathing+1","Whirlwind"],"picked":"Sentinel+1","floor":35},{"not_picked":["Anger+1","Sentinel+1"],"picked":"Inflame","floor":36},{"not_picked":["Twin Strike","Sword Boomerang"],"picked":"Armaments+1","floor":39}],"player_experience":88925,"relics_obtained":[{"floor":8.0,"key":"Red Skull"},{"floor":9.0,"key":"Meat on the Bone"},{"floor":26,"key":"Ornamental Fan"}],"event_choices":[{"damage_healed":0.0,"max_hp_gain":0.0,"max_hp_loss":0.0,"gold_gain":75.0,"event_name":"World of Goop","player_choice":"Gather Gold","floor":2.0,"gold_loss":0.0,"damage_taken":11.0},{"cards_removed":["Strike_R"],"damage_healed":0.0,"max_hp_gain":0.0,"max_hp_loss":0.0,"gold_gain":0.0,"event_name":"Golden Wing","player_choice":"Card Removal","floor":3.0,"gold_loss":0.0,"damage_taken":7.0},{"damage_healed":0.0,"max_hp_gain":0.0,"max_hp_loss":0.0,"gold_gain":0.0,"event_name":"Scrap Ooze","player_choice":"Success","floor":4.0,"gold_loss":0.0,"damage_taken":3.0,"relics_obtained":["Bronze Scales"]},{"damage_healed":0.0,"max_hp_gain":5.0,"max_hp_loss":0.0,"gold_gain":0.0,"event_name":"Big Fish","player_choice":"Donut","floor":7.0,"gold_loss":0.0,"damage_taken":0.0},{"damage_healed":0,"gold_gain":0,"player_choice":"Ignored","damage_taken":0,"max_hp_gain":0,"max_hp_loss":0,"event_name":"Ghosts","floor":22,"gold_loss":0},{"damage_healed":0,"gold_gain":0,"player_choice":"Ignored","damage_taken":0,"max_hp_gain":0,"max_hp_loss":0,"event_name":"Cursed Tome","floor":23,"gold_loss":0},{"damage_healed":0,"gold_gain":0,"player_choice":"Copied","damage_taken":0,"max_hp_gain":0,"max_hp_loss":0,"event_name":"Duplicator","floor":25,"gold_loss":0,"cards_obtained":["Blood for Blood"]},{"damage_healed":0,"gold_gain":0,"player_choice":"Ignored","damage_taken":0,"max_hp_gain":0,"max_hp_loss":0,"event_name":"The Moai Head","floor":37,"gold_loss":0},{"damage_healed":23,"gold_gain":0,"player_choice":"Writhe","damage_taken":0,"max_hp_gain":0,"max_hp_loss":0,"event_name":"Winding Halls","floor":38,"gold_loss":0,"cards_obtained":["Writhe"]}],"is_beta":false,"boss_relics":[{"not_picked":["Eternal Feather","Velvet Choker"],"picked":"Astrolabe"},{"not_picked":["Runic Dome","Fusion Hammer"],"picked":"Black Blood"}],"items_purged_floors":[],"is_endless":false,"potions_floor_spawned":[5,27,29,31,35,36],"killed_by":"Nemesis","ascension_level":0}