{"gold_per_floor":[115,115,125,200,211,211,231,231,279,293,313,313,56,68,68,172,172,186,206,52,52,18,18,43,43,125,138,148,168,184,0,0,103,103,118,0,0,18,18,18,33,65,89,142,142,142,156,11,11,11],"floor_reached":50,"playtime":2580,"items_purged":["Strike_G"],"score":661,"play_id":"e9f1c72e-fd82-46f7-8570-460f5ac084ef","local_time":"20181122201521","is_ascension_mode":true,"campfire_choices":[{"data":"Noxious Fumes","floor":6,"key":"SMITH"},{"floor":15,"key":"REST"},{"data":"Noxious Fumes","floor":23,"key":"SMITH"},{"floor":25,"key":"REST"},{"floor":32,"key":"REST"},{"data":"After Image","floor":40,"key":"SMITH"},{"floor":45,"key":"REST"},{"data":"Caltrops","floor":49,"key":"SMITH"}],"neow_cost":"NONE","seed_source_timestamp":415834248458470,"circlet_count":0,"master_deck":["Defend_G","Defend_G","Defend_G","Defend_G","Defend_G","Strike_G","Strike_G","Strike_G","Survivor","Neutralize","Deflect","PiercingWail","Noxious Fumes+1","Bouncing Flask","Deadly Poison","Dodge and Roll","Poisoned Stab","Well Laid Plans","Deadly Poison","After Image+1","Leg Sweep+1","Noxious Fumes+1","Deadly Poison+1","Slice+1","Sucker Punch+1","Adrenaline","Poisoned Stab+1","Thinking Ahead","Catalyst+1","Dodge and Roll+1","Crippling Poison+1","Caltrops+1"],"relics":["Ring of the Snake","Potion Belt","Centennial Puzzle","Happy Flower","Lizard Tail","Snake Skull","Matryoshka","Pear","Anchor","Sozu","Red Mask","Orichalcum","Oddly Smooth Stone","Strawberry","Dream Catcher"],"potions_floor_usage":[18,27,28,29,29,29],"damage_taken":[{"damage":1,"enemies":"Small Slimes","floor":1,"turns":5},{"damage":2,"enemies":"Cultist","floor":3,"turns":5},{"damage":2,"enemies":"2 Louse","floor":5,"turns":3},{"damage":7,"enemies":"Large Slime","floor":7,"turns":6},{"damage":3,"enemies":"Red Slaver","floor":10,"turns":4},{"damage":11,"enemies":"Exordium Wildlife","floor":11,"turns":4},{"damage":3,"enemies":"Exordium Thugs","floor":14,"turns":4},{"damage":38,"enemies":"Slime Boss","floor":16,"turns":9},{"damage":0,"enemies":"3 Byrds","floor":18,"turns":4},{"damage":0,"enemies":"Spheric Guardian","floor":19,"turns":3},{"damage":44,"enemies":"Slavers","floor":24,"turns":6},{"damage":35,"enemies":"Cultist and Chosen","floor":27,"turns":8},{"damage":16,"enemies":"Centurion and Healer","floor":28,"turns":5},{"damage":30,"enemies":"3 Cultists","floor":29,"turns":6},{"damage":29,"enemies":"Cultist and Chosen","floor":30,"turns":7},{"damage":35,"enemies":"Champ","floor":33,"turns":10},{"damage":0,"enemies":"3 Shapes","floor":35,"turns":4},{"damage":2,"enemies":"Orb Walker","floor":38,"turns":3},{"damage":6,"enemies":"3 Darklings","floor":41,"turns":4},{"damage":27,"enemies":"Nemesis","floor":42,"turns":5},{"damage":1,"enemies":"Jaw Worm Horde","floor":47,"turns":5},{"damage":98,"enemies":"Time Eater","floor":50,"turns":11}],"seed_played":"-4629393365038520536","potions_obtained":[{"floor":1,"key":"SneckoOil"},{"floor":7,"key":"Dexterity Potion"},{"floor":14,"key":"EssenceOfSteel"},{"floor":16,"key":"Energy Potion"},{"floor":27,"key":"FearPotion"},{"floor":28,"key":"Fruit Juice"}],"is_trial":false,"path_per_floor":["M","?","M","?","M","R","M","?","T","M","M","?","$","M","R","B",null,"M","M","$","?","$","R","E","R","T","M","M","M","M","?","R","B",null,"M","?","?","M","?","R","M","E","T","T","R","?","M","$","R","B"],"character_chosen":"THE_SILENT","items_purchased":["Happy Flower","Poisoned Stab","Well Laid Plans","Snake Skull","Noxious Fumes","Caltrops"],"campfire_rested":4,"item_purchase_floors":[13,13,13,20,22,48],"current_hp_per_floor":[76,76,74,63,61,61,54,54,54,51,40,45,45,42,66,28,82,82,82,82,74,74,74,30,54,64,29,13,39,10,10,39,4,97,97,97,97,95,95,95,89,62,69,69,100,99,98,98,98,0],"gold":11,"neow_bonus":"TEN_PERCENT_HP_BONUS","is_prod":false,"is_daily":false,"chose_seed":false,"campfire_upgraded":4,"win_rate":0,"timestamp":1542914121,"path_taken":["M","?","?","?","M","R","M","?","T","?","M","?","$","M","R","BOSS","M","M","$","?","?","R","E","R","T","M","?","M","?","?","R","BOSS","M","?","?","M","?","R","M","E","T","?","R","?","M","?","R","BOSS"],"build_version":"2018-11-15","purchased_purges":1,"victory":false,"max_hp_per_floor":[77,77,77,77,77,77,77,77,77,77,77,82,82,82,82,82,82,82,82,82,82,82,82,82,82,92,92,92,97,97,97,97,97,97,97,97,97,97,97,97,97,97,104,104,104,99,99,99,99,99],"card_choices":[{"not_picked":["Skewer","Bane"],"picked":"Deflect","floor":1},{"not_picked":["Slice","Riddle With Holes"],"picked":"Prepared","floor":3},{"not_picked":["Footwork","Riddle With Holes"],"picked":"Noxious Fumes","floor":5},{"not_picked":["Underhanded Strike","Quick Slash"],"picked":"Bouncing Flask","floor":7},{"not_picked":["Prepared","Acrobatics"],"picked":"Deadly Poison","floor":10},{"not_picked":["Flying Knee","Underhanded Strike"],"picked":"Dodge and Roll","floor":11},{"not_picked":["Acrobatics","Crippling Poison"],"picked":"Deadly Poison","floor":14},{"not_picked":["Night Terror","Phantasmal Killer"],"picked":"After Image","floor":16},{"not_picked":["Outmaneuver+1","All Out Attack","Dagger Spray"],"picked":"SKIP","floor":18},{"not_picked":["Slice","Choke"],"picked":"Leg Sweep+1","floor":19},{"not_picked":["Dagger Throw","Reflex"],"picked":"Deadly Poison+1","floor":24},{"not_picked":["Blur","Flying Knee+1"],"picked":"Slice+1","floor":27},{"not_picked":["All Out Attack","Dagger Spray+1"],"picked":"Sucker Punch+1","floor":28},{"not_picked":["Dagger Throw","Crippling Poison","Backflip"],"picked":"SKIP","floor":29},{"not_picked":["Backflip","Underhanded Strike","Grand Finale"],"picked":"SKIP","floor":30},{"not_picked":["Storm of Steel","Wraith Form v2"],"picked":"Adrenaline","floor":33},{"not_picked":["Choke","Acrobatics+1","Setup"],"picked":"SKIP","floor":35},{"not_picked":["Cloak And Dagger+1","Finisher"],"picked":"Poisoned Stab+1","floor":38},{"not_picked":["Enlightenment","HandOfGreed"],"picked":"Thinking Ahead","floor":39},{"not_picked":["Cloak And Dagger+1","Prepared+1"],"picked":"Catalyst+1","floor":41},{"not_picked":["Underhanded Strike+1","Concentrate+1"],"picked":"Dodge and Roll+1","floor":42},{"not_picked":["Dash+1","Cloak And Dagger"],"picked":"Crippling Poison+1","floor":47}],"player_experience":298028,"relics_obtained":[{"floor":9,"key":"Centennial Puzzle"},{"floor":24,"key":"Matryoshka"},{"floor":26,"key":"Pear"},{"floor":26,"key":"Anchor"},{"floor":42,"key":"Orichalcum"},{"floor":43,"key":"Oddly Smooth Stone"},{"floor":43,"key":"Strawberry"},{"floor":44,"key":"Dream Catcher"}],"event_choices":[{"damage_healed":0,"gold_gain":0,"player_choice":"1 cards matched","damage_taken":0,"max_hp_gain":0,"max_hp_loss":0,"event_name":"Match and Keep!","floor":2,"gold_loss":0,"cards_obtained":["PiercingWail"]},{"damage_healed":0,"gold_gain":75,"player_choice":"Gather Gold","damage_taken":11,"max_hp_gain":0,"max_hp_loss":0,"event_name":"World of Goop","floor":4,"gold_loss":0},{"cards_removed":["Prepared"],"damage_healed":0,"gold_gain":0,"player_choice":"Gave Card","damage_taken":0,"relics_obtained":["Potion Belt"],"max_hp_gain":0,"max_hp_loss":0,"event_name":"WeMeetAgain","floor":8,"gold_loss":0},{"damage_healed":0,"gold_gain":0,"player_choice":"Donut","damage_taken":0,"max_hp_gain":5,"max_hp_loss":0,"event_name":"Big Fish","floor":12,"gold_loss":0},{"damage_healed":0,"gold_gain":0,"player_choice":"","damage_taken":8,"max_hp_gain":0,"max_hp_loss":0,"event_name":"Knowing Skull","floor":21,"potions_obtained":[],"gold_loss":0,"cards_obtained":[]},{"damage_healed":0,"gold_gain":0,"player_choice":"Paid Fearfully","damage_taken":0,"max_hp_gain":0,"max_hp_loss":0,"event_name":"Masked Bandits","floor":31,"gold_loss":184},{"damage_healed":0,"gold_gain":0,"player_choice":"Paid","damage_taken":0,"relics_obtained":["Red Mask"],"max_hp_gain":0,"max_hp_loss":0,"event_name":"Tomb of Lord Red Mask","floor":36,"gold_loss":118},{"cards_removed":["Strike_G"],"damage_healed":0,"gold_gain":0,"player_choice":"Removed Attack","damage_taken":0,"max_hp_gain":0,"max_hp_loss":0,"event_name":"Falling","floor":37,"gold_loss":0},{"damage_healed":0,"gold_gain":0,"player_choice":"Memory 1","damage_taken":0,"max_hp_gain":0,"max_hp_loss":0,"event_name":"SensoryStone","floor":39,"gold_loss":0},{"damage_healed":0,"gold_gain":0,"player_choice":"Max HP","damage_taken":0,"max_hp_gain":0,"max_hp_loss":5,"event_name":"Winding Halls","floor":46,"gold_loss":0}],"is_beta":false,"boss_relics":[{"not_picked":["Eternal Feather","Orrery"],"picked":"Lizard Tail"},{"not_picked":["White Beast Statue","Fusion Hammer"],"picked":"Sozu"}],"items_purged_floors":[48],"is_endless":false,"potions_floor_spawned":[1,7,14,16,27,28,41,47],"killed_by":"Time Eater","ascension_level":4}