{"gold_per_floor":[118,118,42,66,66,66,99,99,125,136,136,67,82,96,96,191,191,210,210,245,245,258,293,293,303,349,349,259,271,271,282,282,282],"floor_reached":33,"playtime":1763,"items_purged":[],"score":470,"play_id":"ae8e3b13-433a-4a04-a64d-0b6c16c849fd","local_time":"20190829204539","is_ascension_mode":true,"campfire_choices":[{"data":"Bash","floor":6,"key":"SMITH"},{"data":"Power Through","floor":8,"key":"SMITH"},{"data":"Headbutt","floor":11,"key":"SMITH"},{"data":"Evolve","floor":15,"key":"SMITH"},{"floor":24,"key":"REST"},{"data":"Body Slam","floor":27,"key":"SMITH"},{"floor":30,"key":"REST"},{"data":"Bludgeon","floor":32,"key":"SMITH"}],"neow_cost":"NONE","seed_source_timestamp":1247543192506100,"circlet_count":0,"master_deck":["AscendersBane","Strike_R","Strike_R","Strike_R+1","Strike_R+1","Defend_R","Defend_R","Defend_R","Defend_R","Bash+1","Power Through+1","Jack Of All Trades+1","Infernal Blade","Second Wind","Headbutt+1","Evolve+1","Bludgeon+1","Body Slam+1","Pommel Strike","Writhe","Corruption","Armaments+1","Clothesline","Intimidate"],"relics":["Burning Blood","Bronze Scales","Centennial Puzzle","Regal Pillow","Whetstone","Mark of Pain","Red Mask","Oddly Smooth Stone","Potion Belt","Lantern"],"potions_floor_usage":[7,16,16,20,23,33,33],"damage_taken":[{"damage":6,"enemies":"Cultist","floor":1,"turns":3},{"damage":13,"enemies":"Gremlin Nob","floor":7,"turns":3},{"damage":9,"enemies":"2 Louse","floor":10,"turns":2},{"damage":0,"enemies":"Jaw Worm","floor":13,"turns":2},{"damage":6,"enemies":"Looter","floor":14,"turns":3},{"damage":0,"enemies":"Slime Boss","floor":16,"turns":9},{"damage":6,"enemies":"3 Byrds","floor":18,"turns":3},{"damage":13,"enemies":"Masked Bandits","floor":20,"turns":6},{"damage":2,"enemies":"Chosen","floor":22,"turns":3},{"damage":29,"enemies":"Slavers","floor":23,"turns":5},{"damage":13,"enemies":"Centurion and Healer","floor":25,"turns":6},{"damage":23,"enemies":"Shelled Parasite and Fungi","floor":29,"turns":5},{"damage":18,"enemies":"Snake Plant","floor":31,"turns":3},{"damage":77,"enemies":"Collector","floor":33,"turns":6}],"seed_played":"-7366512139995481193","potions_obtained":[{"floor":1,"key":"AttackPotion"},{"floor":5,"key":"Block Potion"},{"floor":5,"key":"Explosive Potion"},{"floor":7,"key":"Dexterity Potion"},{"floor":18,"key":"SteroidPotion"},{"floor":25,"key":"AttackPotion"},{"floor":29,"key":"Dexterity Potion"}],"is_trial":false,"path_per_floor":["M","?","$","T","?","R","E","R","T","M","R","$","M","M","R","B",null,"M","?","?","?","M","E","R","M","T","R","?","M","R","M","R","B"],"character_chosen":"IRONCLAD","items_purchased":["Infernal Blade","Evolve"],"campfire_rested":2,"item_purchase_floors":[3,12],"current_hp_per_floor":[72,72,72,72,72,72,65,65,65,62,62,62,68,68,68,74,79,79,79,72,72,76,53,80,73,73,73,73,56,80,68,68,0],"gold":282,"neow_bonus":"RANDOM_COMMON_RELIC","is_prod":false,"is_daily":false,"chose_seed":false,"campfire_upgraded":6,"win_rate":0,"timestamp":1567079139,"path_taken":["M","?","$","?","?","R","E","R","T","?","R","$","M","M","R","BOSS","M","?","?","?","M","E","R","M","T","R","?","M","R","?","R","BOSS"],"build_version":"2019-07-17","purchased_purges":0,"victory":false,"max_hp_per_floor":[80,80,80,80,80,80,80,80,80,80,80,80,80,80,80,80,80,80,80,80,80,80,80,80,80,80,80,80,80,80,80,80,80],"card_choices":[{"not_picked":["Disarm","Reckless Charge"],"picked":"Power Through","floor":1},{"not_picked":["Havoc","Flex"],"picked":"Second Wind","floor":7},{"not_picked":["Havoc","Searing Blow"],"picked":"Headbutt","floor":10},{"not_picked":["Headbutt","Wild Strike","Disarm"],"picked":"SKIP","floor":13},{"not_picked":["Havoc","Dual Wield","Corruption"],"picked":"SKIP","floor":14},{"not_picked":["Double Tap","Berserk"],"picked":"Bludgeon","floor":16},{"not_picked":["Wild Strike","Clash"],"picked":"Body Slam","floor":18},{"not_picked":["Havoc","Flex"],"picked":"Corruption","floor":22},{"not_picked":["Exhume","Cleave"],"picked":"Armaments+1","floor":23},{"not_picked":["Rupture","Flame Barrier"],"picked":"Clothesline","floor":25},{"not_picked":["Wild Strike","Evolve","True Grit"],"picked":"SKIP","floor":29},{"not_picked":["Metallicize","Hemokinesis+1"],"picked":"Intimidate","floor":31}],"player_experience":230866,"relics_obtained":[{"floor":4,"key":"Centennial Puzzle"},{"floor":7,"key":"Regal Pillow"},{"floor":9,"key":"Whetstone"},{"floor":20,"key":"Red Mask"},{"floor":23,"key":"Potion Belt"},{"floor":26,"key":"Lantern"}],"event_choices":[{"damage_healed":0,"gold_gain":0,"player_choice":"1 cards matched","damage_taken":0,"max_hp_gain":0,"max_hp_loss":0,"event_name":"Match and Keep!","floor":2,"gold_loss":0,"cards_obtained":["Jack Of All Trades"]},{"damage_healed":0,"gold_gain":0,"player_choice":"Got Potions","damage_taken":0,"max_hp_gain":0,"max_hp_loss":0,"event_name":"Lab","floor":5,"gold_loss":0},{"damage_healed":0,"gold_gain":0,"player_choice":"Read","damage_taken":0,"max_hp_gain":0,"max_hp_loss":0,"event_name":"The Library","floor":19,"gold_loss":0,"cards_obtained":["Pommel Strike"]},{"damage_healed":0,"gold_gain":0,"player_choice":"Fought Bandits","damage_taken":0,"max_hp_gain":0,"max_hp_loss":0,"event_name":"Masked Bandits","floor":20,"gold_loss":0},{"damage_healed":0,"gold_gain":0,"player_choice":"Opened","damage_taken":0,"relics_obtained":["Oddly Smooth Stone"],"max_hp_gain":0,"max_hp_loss":0,"event_name":"The Mausoleum","floor":21,"gold_loss":0,"cards_obtained":["Writhe"]},{"cards_removed":["Strike_R"],"damage_healed":0,"gold_gain":0,"player_choice":"Upgrade and Remove","damage_taken":0,"max_hp_gain":0,"max_hp_loss":0,"event_name":"Designer","floor":28,"gold_loss":90,"cards_upgraded":["Jack Of All Trades"]}],"is_beta":false,"boss_relics":[{"not_picked":["White Beast Statue","Astrolabe"],"picked":"Mark of Pain"}],"items_purged_floors":[],"is_endless":false,"potions_floor_spawned":[1,7,14,18,25,29],"killed_by":"Collector","ascension_level":10}