{"gold_per_floor":[111,61,73,92,17,47,60,94,94,94,121,121,139,153,153,251,251,261,280,299,314,58,89,113,113,113,113,130,147,204,218,218,319,319,333,95,105,0,17,36,68,68,68,68,83,112,131,151,151,151,151,151,29,54,54],"floor_reached":55,"playtime":6732,"items_purged":["Defend_R","Parasite"],"score":1009,"play_id":"68363056-6735-488a-bee2-fc87ad71601c","local_time":"20190624224342","is_ascension_mode":true,"campfire_choices":[{"floor":12,"key":"REST"},{"data":"Double Tap","floor":15,"key":"SMITH"},{"data":"Blood for Blood","floor":25,"key":"SMITH"},{"data":"Rage","floor":27,"key":"SMITH"},{"data":"Pommel Strike","floor":32,"key":"SMITH"},{"floor":44,"key":"RECALL"},{"floor":49,"key":"REST"},{"data":"Rage","floor":52,"key":"SMITH"}],"neow_cost":"NONE","seed_source_timestamp":241499699494492,"circlet_count":0,"master_deck":["Strike_R","Strike_R","Strike_R","Strike_R","Strike_R","Defend_R","Defend_R","Bash","Iron Wave","Iron Wave","Rage+1","Brutality","Pommel Strike+1","Double Tap+1","Blood for Blood+1","Pommel Strike","Clothesline","Immolate","Headbutt","Rage+1","Shockwave+1","Armaments+1","Iron Wave","Perfected Strike+1","Demon Form","Sword Boomerang+1","Flame Barrier+1","Headbutt+1","Perfected Strike+1","Dropkick","Rage+1","Shrug It Off","Reckless Charge+1","Blood for Blood+1","Disarm","Perfected Strike+1"],"relics":["Velvet Choker","FossilizedHelix","Bag of Marbles","Kunai","StoneCalendar","Lizard Tail","Paper Frog","Orichalcum","Potion Belt","Tiny Chest","Black Star","Self Forming Clay","Red Mask","Dream Catcher","Frozen Egg 2","Boot","Smiling Mask","Blue Candle","Bronze Scales","Shuriken"],"potions_floor_usage":[16,30,30,31,33,33,46,50,55,55,55,55],"damage_taken":[{"damage":3,"enemies":"2 Louse","floor":1,"turns":3},{"damage":5,"enemies":"Small Slimes","floor":3,"turns":3},{"damage":1,"enemies":"Cultist","floor":4,"turns":3},{"damage":23,"enemies":"Lagavulin","floor":6,"turns":6},{"damage":1,"enemies":"Red Slaver","floor":7,"turns":3},{"damage":21,"enemies":"3 Sentries","floor":8,"turns":8},{"damage":1,"enemies":"Gremlin Nob","floor":11,"turns":3},{"damage":3,"enemies":"Exordium Thugs","floor":13,"turns":5},{"damage":0,"enemies":"Looter","floor":14,"turns":2},{"damage":17,"enemies":"Hexaghost","floor":16,"turns":7},{"damage":7,"enemies":"Spheric Guardian","floor":18,"turns":3},{"damage":8,"enemies":"2 Thieves","floor":19,"turns":3},{"damage":13,"enemies":"Snake Plant","floor":20,"turns":3},{"damage":6,"enemies":"Snecko","floor":21,"turns":5},{"damage":3,"enemies":"Book of Stabbing","floor":23,"turns":4},{"damage":1,"enemies":"Chosen and Byrds","floor":28,"turns":3},{"damage":0,"enemies":"Snake Plant","floor":29,"turns":2},{"damage":3,"enemies":"Gremlin Leader","floor":30,"turns":5},{"damage":0,"enemies":"Centurion and Healer","floor":31,"turns":4},{"damage":36,"enemies":"Automaton","floor":33,"turns":7},{"damage":0,"enemies":"3 Shapes","floor":35,"turns":4},{"damage":0,"enemies":"Orb Walker","floor":37,"turns":2},{"damage":0,"enemies":"Spire Growth","floor":39,"turns":3},{"damage":25,"enemies":"Writhing Mass","floor":40,"turns":7},{"damage":9,"enemies":"Nemesis","floor":41,"turns":5},{"damage":19,"enemies":"3 Darklings","floor":45,"turns":5},{"damage":45,"enemies":"Reptomancer","floor":46,"turns":7},{"damage":21,"enemies":"Sphere and 2 Shapes","floor":47,"turns":7},{"damage":0,"enemies":"4 Shapes","floor":48,"turns":3},{"damage":28,"enemies":"Donu and Deca","floor":50,"turns":8},{"damage":64,"enemies":"Shield and Spear","floor":54,"turns":7},{"damage":77,"enemies":"The Heart","floor":55,"turns":6}],"seed_played":"-4183579039536383597","potions_obtained":[{"floor":3,"key":"EssenceOfSteel"},{"floor":6,"key":"GamblersBrew"},{"floor":11,"key":"LiquidBronze"},{"floor":13,"key":"Swift Potion"},{"floor":16,"key":"BloodPotion"},{"floor":28,"key":"AttackPotion"},{"floor":29,"key":"GamblersBrew"},{"floor":33,"key":"EssenceOfSteel"},{"floor":35,"key":"LiquidBronze"},{"floor":39,"key":"Energy Potion"},{"floor":40,"key":"EssenceOfSteel"},{"floor":47,"key":"Swift Potion"},{"floor":54,"key":"Swift Potion"}],"is_trial":false,"path_per_floor":["M","?","M","M","$","E","M","E","T","?","E","R","M","M","R","B",null,"M","M","M","M","$","E","T","R","T","R","M","M","E","M","R","B",null,"M","$","M","?","M","M","E","?","T","R","M","E","M","M","R","B",null,"R","$","E","B"],"character_chosen":"IRONCLAD","items_purchased":["Paper Frog","Self Forming Clay","Disarm"],"campfire_rested":2,"item_purchase_floors":[22,36,53],"current_hp_per_floor":[77,77,72,71,71,48,47,26,26,26,25,49,46,46,46,29,80,73,65,52,46,46,43,43,43,43,43,42,42,39,39,39,11,80,80,80,80,80,80,55,46,90,90,90,71,26,5,5,32,4,90,90,87,23,0],"gold":54,"neow_bonus":"BOSS_RELIC","is_prod":false,"is_daily":false,"chose_seed":false,"campfire_upgraded":5,"win_rate":0,"timestamp":1561430622,"path_taken":["M","?","M","M","$","E","M","E","T","?","E","R","M","M","R","BOSS","M","M","M","?","?","E","?","R","T","R","M","M","E","M","R","BOSS","M","$","M","?","M","M","E","?","T","R","M","E","?","M","R","BOSS","R","$","E","BOSS"],"build_version":"2019-01-23","purchased_purges":2,"victory":false,"max_hp_per_floor":[80,80,80,80,80,80,80,80,80,80,80,80,80,80,80,80,80,80,80,80,80,80,80,80,80,80,80,80,80,80,80,80,80,80,80,80,80,80,80,80,80,90,90,90,90,90,90,90,90,90,90,90,87,87,87],"card_choices":[{"not_picked":["True Grit","Twin Strike"],"picked":"Iron Wave","floor":1},{"not_picked":["Perfected Strike","True Grit"],"picked":"Iron Wave","floor":3},{"not_picked":["Havoc","Dropkick"],"picked":"Rage","floor":4},{"not_picked":["Clothesline","Heavy Blade"],"picked":"Brutality","floor":6},{"not_picked":["Sentinel","Shrug It Off"],"picked":"Pommel Strike","floor":7},{"not_picked":["Flex","Body Slam"],"picked":"Double Tap","floor":8},{"not_picked":["Body Slam","Shrug It Off"],"picked":"Exhume","floor":11},{"not_picked":["Heavy Blade","Reckless Charge"],"picked":"Pommel Strike","floor":13},{"not_picked":["Searing Blow","Headbutt"],"picked":"Clothesline","floor":14},{"not_picked":["Juggernaut","Barricade"],"picked":"Immolate","floor":16},{"not_picked":["Wild Strike","Thunderclap"],"picked":"Headbutt","floor":18},{"not_picked":["Anger","Second Wind"],"picked":"Rage+1","floor":19},{"not_picked":["Dropkick","Twin Strike"],"picked":"Shockwave+1","floor":20},{"not_picked":["Power Through","Rampage+1"],"picked":"Armaments+1","floor":21},{"not_picked":["Ghostly Armor","Uppercut"],"picked":"Iron Wave","floor":23},{"not_picked":["Armaments+1","Second Wind","Heavy Blade"],"picked":"SKIP","floor":28},{"not_picked":["Rampage","Body Slam","Clothesline"],"picked":"SKIP","floor":29},{"not_picked":["Uppercut","Rupture"],"picked":"Perfected Strike+1","floor":30},{"not_picked":["Twin Strike","Carnage","Clothesline+1"],"picked":"SKIP","floor":31},{"not_picked":["Dark Embrace","Brutality"],"picked":"Demon Form","floor":33},{"not_picked":["Iron Wave","Clothesline"],"picked":"Sword Boomerang+1","floor":35},{"not_picked":["Havoc+1","Corruption+1"],"picked":"Flame Barrier+1","floor":37},{"not_picked":["Wild Strike","Blood for Blood"],"picked":"Headbutt+1","floor":39},{"not_picked":["Hemokinesis+1","Pommel Strike+1"],"picked":"Perfected Strike+1","floor":40},{"not_picked":["Bloodletting","Exhume"],"picked":"Dropkick","floor":41},{"not_picked":["Clothesline+1","Iron Wave"],"picked":"Rage","floor":45},{"not_picked":["Heavy Blade","Body Slam+1"],"picked":"Shrug It Off","floor":46},{"not_picked":["Iron Wave","Wild Strike"],"picked":"Reckless Charge+1","floor":47},{"not_picked":["Fire Breathing+1","Warcry+1"],"picked":"Blood for Blood+1","floor":48},{"not_picked":["Rampage+1","Shrug It Off+1"],"picked":"Perfected Strike+1","floor":54}],"player_experience":109944,"relics_obtained":[{"floor":6,"key":"FossilizedHelix"},{"floor":8,"key":"Bag of Marbles"},{"floor":9,"key":"Kunai"},{"floor":11,"key":"StoneCalendar"},{"floor":23,"key":"Orichalcum"},{"floor":26,"key":"Potion Belt"},{"floor":30,"key":"Tiny Chest"},{"floor":41,"key":"Dream Catcher"},{"floor":41,"key":"Frozen Egg 2"},{"floor":43,"key":"Boot"},{"floor":46,"key":"Smiling Mask"},{"floor":46,"key":"Blue Candle"},{"floor":54,"key":"Bronze Scales"},{"floor":54,"key":"Shuriken"}],"event_choices":[{"cards_removed":["Defend_R"],"damage_healed":0,"gold_gain":0,"player_choice":"Card Removal","damage_taken":0,"max_hp_gain":0,"max_hp_loss":0,"event_name":"The Cleric","floor":2,"gold_loss":50},{"damage_healed":0,"gold_gain":0,"player_choice":"1 cards matched","damage_taken":0,"max_hp_gain":0,"max_hp_loss":0,"event_name":"Match and Keep!","floor":10,"gold_loss":0,"cards_obtained":["Blood for Blood"]},{"damage_healed":0,"gold_gain":0,"player_choice":"Paid","damage_taken":0,"relics_obtained":["Red Mask"],"max_hp_gain":0,"max_hp_loss":0,"event_name":"Tomb of Lord Red Mask","floor":38,"gold_loss":105},{"cards_removed":["Exhume"],"damage_healed":34,"gold_gain":0,"player_choice":"Offered Rare","damage_taken":0,"max_hp_gain":10,"max_hp_loss":0,"event_name":"Bonfire Elementals","floor":42,"gold_loss":0}],"is_beta":false,"boss_relics":[{"not_picked":["Orrery","Snecko Eye"],"picked":"Lizard Tail"},{"not_picked":["Astrolabe","Coffee Dripper"],"picked":"Black Star"}],"items_purged_floors":[5,53],"is_endless":false,"potions_floor_spawned":[3,6,11,13,16,20,28,29,33,35,39,40,47,54],"killed_by":"The Heart","ascension_level":4}