{"gold_per_floor":[114,124,51,67,17,17,51,51,51,51,64,93,93,106,106,211,211,211,211,211,44,44,44,44,44,44,44,44,44,44,44,44,44,44,44,44,44,44,44,44,44],"floor_reached":41,"playtime":3951,"items_purged":["Strike_G"],"score":503,"play_id":"6dbbd273-6fbb-41dc-87cb-60f50df6fdf8","local_time":"20181229195628","is_ascension_mode":true,"campfire_choices":[{"data":"Footwork","floor":6,"key":"SMITH"},{"data":"Finisher","floor":8,"key":"SMITH"},{"floor":15,"key":"REST"},{"floor":23,"key":"REST"},{"floor":27,"key":"REST"},{"floor":32,"key":"REST"}],"neow_cost":"NONE","seed_source_timestamp":33710416976625,"circlet_count":0,"master_deck":["Defend_G","Defend_G","Defend_G","Defend_G","Defend_G","Strike_G","Survivor","Neutralize","Outmaneuver","Sucker Punch","Dagger Throw","Footwork+1","Well Laid Plans","Finisher+1","Catalyst","Predator","Corpse Explosion","Backflip","Endless Agony","Acrobatics","Noxious Fumes","PiercingWail","Crippling Poison","Footwork","Prepared+1","Acrobatics+1","Caltrops+1","After Image","Blade Dance","Caltrops","Cloak And Dagger"],"relics":["Ring of the Snake","Mummified Hand","Vajra","Lantern","Ectoplasm","Dream Catcher","Bag of Marbles","Sozu","Torii","Kunai"],"potions_floor_usage":[7,16,20,31,33,40],"damage_taken":[{"damage":0,"enemies":"Small Slimes","floor":1,"turns":4},{"damage":7,"enemies":"Jaw Worm","floor":2,"turns":5},{"damage":0,"enemies":"Cultist","floor":4,"turns":4},{"damage":13,"enemies":"Gremlin Nob","floor":7,"turns":5},{"damage":5,"enemies":"Exordium Wildlife","floor":11,"turns":4},{"damage":13,"enemies":"Lagavulin","floor":12,"turns":7},{"damage":2,"enemies":"Large Slime","floor":14,"turns":7},{"damage":36,"enemies":"Hexaghost","floor":16,"turns":12},{"damage":9,"enemies":"Shell Parasite","floor":18,"turns":6},{"damage":4,"enemies":"3 Byrds","floor":19,"turns":2},{"damage":10,"enemies":"3 Cultists","floor":20,"turns":4},{"damage":6,"enemies":"Snake Plant","floor":22,"turns":5},{"damage":17,"enemies":"Shelled Parasite and Fungi","floor":24,"turns":6},{"damage":4,"enemies":"Cultist and Chosen","floor":25,"turns":3},{"damage":3,"enemies":"Book of Stabbing","floor":28,"turns":6},{"damage":3,"enemies":"Snecko","floor":29,"turns":6},{"damage":11,"enemies":"Centurion and Healer","floor":30,"turns":5},{"damage":8,"enemies":"Chosen and Byrds","floor":31,"turns":4},{"damage":4,"enemies":"Automaton","floor":33,"turns":12},{"damage":21,"enemies":"3 Shapes","floor":35,"turns":3},{"damage":1,"enemies":"Orb Walker","floor":36,"turns":3},{"damage":3,"enemies":"Mind Bloom Boss Battle","floor":37,"turns":7},{"damage":33,"enemies":"Reptomancer","floor":40,"turns":8},{"damage":12,"enemies":"3 Darklings","floor":41,"turns":2}],"seed_played":"-1198745119901189916","potions_obtained":[{"floor":4,"key":"Fire Potion"},{"floor":7,"key":"SpeedPotion"},{"floor":11,"key":"Block Potion"},{"floor":12,"key":"EssenceOfSteel"},{"floor":19,"key":"Dexterity Potion"},{"floor":22,"key":"GamblersBrew"},{"floor":31,"key":"Weak Potion"},{"floor":33,"key":"Swift Potion"}],"is_trial":false,"path_per_floor":["M","M","$","M","?","R","E","R","T","?","M","E","?","M","R","B",null,"M","M","M","$","M","R","M","M","T","R","E","M","M","M","R","B",null,"M","M","?","$","?","E","M"],"character_chosen":"THE_SILENT","items_purchased":["Footwork","Noxious Fumes","PiercingWail"],"campfire_rested":4,"item_purchase_floors":[3,21,21],"current_hp_per_floor":[70,63,63,63,63,63,50,50,50,50,45,32,32,30,51,15,70,61,57,47,47,41,62,45,41,41,62,59,56,45,37,58,54,70,49,48,45,45,45,12,0],"gold":44,"neow_bonus":"TRANSFORM_CARD","is_prod":false,"is_daily":false,"chose_seed":false,"campfire_upgraded":2,"win_rate":0,"timestamp":1546080988,"path_taken":["M","M","$","M","?","R","E","R","T","?","M","E","?","M","R","BOSS","M","M","M","$","M","R","M","M","T","R","E","M","M","M","R","BOSS","M","M","?","$","?","E","?"],"build_version":"2018-12-20","purchased_purges":1,"victory":false,"max_hp_per_floor":[70,70,70,70,70,70,70,70,70,70,70,70,70,70,70,70,70,70,70,70,70,70,70,70,70,70,70,70,70,70,70,70,70,70,70,70,70,70,70,70,70],"card_choices":[{"not_picked":["Underhanded Strike","Caltrops"],"picked":"Sucker Punch","floor":1},{"not_picked":["Caltrops","Quick Slash"],"picked":"Dagger Throw","floor":2},{"not_picked":["Bane","Poisoned Stab"],"picked":"Well Laid Plans","floor":4},{"not_picked":["Distraction","A Thousand Cuts"],"picked":"Finisher","floor":7},{"not_picked":["Deflect","Poisoned Stab","Calculated Gamble"],"picked":"SKIP","floor":11},{"not_picked":["Deadly Poison","Sucker Punch"],"picked":"Catalyst","floor":12},{"not_picked":["Masterful Stab","Riddle With Holes"],"picked":"Predator","floor":14},{"not_picked":["Venomology","Wraith Form v2"],"picked":"Corpse Explosion","floor":16},{"not_picked":["Quick Slash","Sucker Punch+1"],"picked":"Backflip","floor":18},{"not_picked":["Quick Slash","Outmaneuver"],"picked":"Endless Agony","floor":19},{"not_picked":["Crippling Poison","Deflect"],"picked":"Acrobatics","floor":20},{"not_picked":["Flechettes","Quick Slash+1","Dodge and Roll"],"picked":"SKIP","floor":22},{"not_picked":["Accuracy","Reflex+1"],"picked":"Crippling Poison","floor":24},{"not_picked":["Tactician+1","PiercingWail","Predator"],"picked":"SKIP","floor":25},{"not_picked":["Reflex","Caltrops"],"picked":"Footwork","floor":28},{"not_picked":["Dodge and Roll","PiercingWail"],"picked":"Prepared+1","floor":29},{"not_picked":["Accuracy+1","Phantasmal Killer","Dagger Throw"],"picked":"SKIP","floor":30},{"not_picked":["Underhanded Strike","Cloak And Dagger+1"],"picked":"Acrobatics+1","floor":31},{"not_picked":["Dagger Throw","Flechettes"],"picked":"Caltrops+1","floor":32},{"not_picked":["Burst","Phantasmal Killer"],"picked":"After Image","floor":33},{"not_picked":["Dagger Throw+1","Quick Slash"],"picked":"Blade Dance","floor":35},{"not_picked":["Dagger Spray+1","Backflip"],"picked":"Caltrops","floor":36},{"not_picked":["Bane+1","Well Laid Plans"],"picked":"Cloak And Dagger","floor":37},{"not_picked":["Skewer","Outmaneuver+1","Sucker Punch+1"],"picked":"SKIP","floor":40}],"player_experience":45733,"relics_obtained":[{"floor":7,"key":"Mummified Hand"},{"floor":9,"key":"Vajra"},{"floor":12,"key":"Lantern"},{"floor":26,"key":"Dream Catcher"},{"floor":28,"key":"Bag of Marbles"},{"floor":37,"key":"Torii"},{"floor":40,"key":"Kunai"}],"event_choices":[{"cards_removed":["Strike_G"],"damage_healed":0,"gold_gain":0,"player_choice":"Card Removal","damage_taken":0,"max_hp_gain":0,"max_hp_loss":0,"event_name":"The Cleric","floor":5,"gold_loss":50},{"damage_healed":0,"gold_gain":0,"player_choice":"Ignored","damage_taken":0,"max_hp_gain":0,"max_hp_loss":0,"event_name":"Shining Light","floor":10,"gold_loss":0},{"damage_healed":0,"gold_gain":0,"player_choice":"Ignored","damage_taken":0,"max_hp_gain":0,"max_hp_loss":0,"event_name":"Golden Idol","floor":13,"gold_loss":0},{"damage_healed":0,"gold_gain":0,"player_choice":"Fight","damage_taken":0,"max_hp_gain":0,"max_hp_loss":0,"event_name":"MindBloom","floor":37,"gold_loss":0},{"cards_removed":["Strike_G"],"damage_healed":0,"gold_gain":0,"player_choice":"Purged","damage_taken":0,"max_hp_gain":0,"max_hp_loss":0,"event_name":"Purifier","floor":39,"gold_loss":0}],"is_beta":false,"boss_relics":[{"not_picked":["Cursed Key","Coffee Dripper"],"picked":"Ectoplasm"},{"not_picked":["Velvet Choker","Astrolabe"],"picked":"Sozu"}],"items_purged_floors":[21],"is_endless":false,"potions_floor_spawned":[4,7,11,12,19,22,25,30,31,33,35],"killed_by":"3 Darklings","ascension_level":2}