{"gold_per_floor":[118,218,218,234,199,199,219,219,219,219,236,236,269,291,303,416,428,457,469,492,504,516,562,574,596,608,639,651,663,689,701],"floor_reached":31,"playtime":1748,"items_purged":[],"score":281,"play_id":"f10fbced-eaf3-4206-b938-7037081be0d6","local_time":"20180810161604","is_ascension_mode":true,"campfire_choices":[{"data":"Neutralize","floor":6,"key":"SMITH"},{"data":"Slice","floor":8,"key":"SMITH"},{"data":"Venomology","floor":12,"key":"SMITH"},{"data":"Neutralize","floor":15,"key":"SMITH"},{"floor":24,"key":"REST"},{"floor":29,"key":"REST"}],"neow_cost":"NONE","seed_source_timestamp":1209925139539927,"circlet_count":0,"master_deck":["Defend_G+1","Defend_G+1","Defend_G+1","Defend_G+1","Defend_G+1","Strike_G+1","Strike_G+1","Strike_G+1","Strike_G+1","Strike_G+1","Survivor","Neutralize+1","Slice+1","Underhanded Strike","Masterful Stab","Neutralize+1","Venomology+1","Flying Knee","Dodge and Roll","Adrenaline","Phantasmal Killer","Well Laid Plans","Distraction+1","Footwork","Deflect+1","PiercingWail","Backflip+1"],"relics":["Ring of the Snake","War Paint","MawBank","Velvet Choker","Juzu Bracelet","Incense Burner","Bird Faced Urn"],"potions_floor_usage":[1,13,13,14,16,16,18,20,23,23,27,27,27,30,31,31],"damage_taken":[{"damage":0,"enemies":"2 Louse","floor":1,"turns":2},{"damage":0,"enemies":"Cultist","floor":4,"turns":3},{"damage":4,"enemies":"Small Slimes","floor":7,"turns":3},{"damage":0,"enemies":"Exordium Wildlife","floor":11,"turns":3},{"damage":7,"enemies":"Lagavulin","floor":13,"turns":6},{"damage":4,"enemies":"3 Louse","floor":14,"turns":3},{"damage":52,"enemies":"The Guardian","floor":16,"turns":14},{"damage":8,"enemies":"Spheric Guardian","floor":18,"turns":4},{"damage":0,"enemies":"Chosen","floor":20,"turns":6},{"damage":58,"enemies":"Gremlin Leader","floor":23,"turns":6},{"damage":15,"enemies":"Centurion and Healer","floor":25,"turns":5},{"damage":14,"enemies":"3 Cultists","floor":27,"turns":6},{"damage":25,"enemies":"Snake Plant","floor":30,"turns":6},{"damage":9,"enemies":"Cultist and Chosen","floor":31,"turns":6}],"seed_played":"6671371920012028064","potions_obtained":[{"floor":0,"key":"Fire Potion"},{"floor":0,"key":"Ancient Potion"},{"floor":0,"key":"SteroidPotion"},{"floor":1,"key":"EssenceOfSteel"},{"floor":4,"key":"GhostInAJar"},{"floor":20,"key":"SteroidPotion"},{"floor":25,"key":"SteroidPotion"},{"floor":30,"key":"PowerPotion"}],"is_trial":false,"path_per_floor":["M","?","?","M","?","R","M","R","T","?","M","R","E","M","R","B",null,"M","?","M","?","?","E","R","M","T","M","?","R","M"],"character_chosen":"THE_SILENT","items_purchased":[],"campfire_rested":2,"item_purchase_floors":[],"current_hp_per_floor":[70,70,56,56,70,70,66,66,66,66,66,66,59,55,55,3,70,62,62,62,62,62,4,25,10,10,2,2,23,2,0],"gold":701,"neow_bonus":"THREE_SMALL_POTIONS","is_prod":false,"is_daily":false,"chose_seed":false,"campfire_upgraded":4,"win_rate":0,"timestamp":1533910564,"path_taken":["M","?","?","M","?","R","M","R","T","?","M","R","E","?","R","BOSS","M","?","M","?","?","E","R","M","T","M","?","R","M","M"],"build_version":"2018-08-09","purchased_purges":0,"victory":false,"max_hp_per_floor":[70,70,70,70,70,70,70,70,70,70,70,70,70,70,70,70,70,70,70,70,70,70,70,70,70,70,70,70,70,70,70],"card_choices":[{"not_picked":["Backflip","Bane"],"picked":"Slice","floor":1},{"not_picked":["Setup","Storm of Steel"],"picked":"Underhanded Strike","floor":4},{"not_picked":["Quick Slash","Blade Dance"],"picked":"Masterful Stab","floor":7},{"not_picked":["Expertise","Dash"],"picked":"Flying Knee","floor":11},{"not_picked":["Backflip","Dagger Throw"],"picked":"Dodge and Roll","floor":13},{"not_picked":["Backflip","Outmaneuver"],"picked":"Adrenaline","floor":14},{"not_picked":["Grand Finale","Corpse Explosion"],"picked":"Phantasmal Killer","floor":16},{"not_picked":["Flying Knee","Dagger Throw"],"picked":"Well Laid Plans","floor":18},{"not_picked":["Deflect","Cloak And Dagger"],"picked":"Distraction+1","floor":20},{"not_picked":["Tactician+1","Well Laid Plans"],"picked":"Footwork","floor":23},{"not_picked":["Accuracy","Flying Knee+1"],"picked":"Deflect+1","floor":25},{"not_picked":["Poisoned Stab","Predator+1"],"picked":"PiercingWail","floor":27},{"not_picked":["Cloak And Dagger+1","Prepared"],"picked":"Backflip+1","floor":30}],"player_experience":200600,"relics_obtained":[{"floor":9,"key":"War Paint"},{"floor":13,"key":"MawBank"},{"floor":23,"key":"Incense Burner"},{"floor":26,"key":"Bird Faced Urn"}],"event_choices":[{"event_name":"Wheel of Change","player_choice":"Gold","floor":2,"damage_taken":0},{"event_name":"Shining Light","player_choice":"Entered Light","floor":3,"damage_taken":0},{"event_name":"The Cleric","player_choice":"Healed","floor":5,"damage_taken":0},{"event_name":"Match and Keep!","player_choice":"2 cards matched","floor":10,"damage_taken":0},{"event_name":"Wheel of Change","player_choice":"Relic","floor":19,"damage_taken":0},{"event_name":"Ghosts","player_choice":"Ignored","floor":21,"damage_taken":0},{"event_name":"Vampires","player_choice":"Ignored","floor":22,"damage_taken":0},{"event_name":"Back to Basics","player_choice":"Simplicity","floor":28,"damage_taken":0}],"is_beta":false,"boss_relics":[{"not_picked":["Snecko Eye","Philosopher\u0027s Stone"],"picked":"Velvet Choker"}],"items_purged_floors":[],"is_endless":false,"potions_floor_spawned":[1,4,11,20,25,30],"killed_by":"Cultist and Chosen","ascension_level":2}