{"gold_per_floor":[112,123,141,216,216,216,233,233,233,248,258,289,289,306,306,410,410,423,440,270,270,290,290,303,303,328,328,343,343,354,354,354,454,504,523,533,99,0,17,17,35,35,35,115,129,129,141,111,111,111],"floor_reached":50,"playtime":2757,"items_purged":[],"score":619,"play_id":"6cca97dc-62f3-4662-bf08-f5c89c448dc9","local_time":"20181028162806","is_ascension_mode":true,"campfire_choices":[{"data":"Noxious Fumes","floor":6,"key":"SMITH"},{"data":"Dagger Spray","floor":8,"key":"SMITH"},{"data":"Neutralize","floor":13,"key":"SMITH"},{"data":"A Thousand Cuts","floor":15,"key":"SMITH"},{"floor":23,"key":"REST"},{"data":"RitualDagger","floor":25,"key":"SMITH"},{"floor":32,"key":"REST"},{"floor":40,"key":"REST"},{"floor":42,"key":"REST"},{"floor":46,"key":"REST"},{"floor":49,"key":"REST"}],"neow_cost":"NONE","seed_source_timestamp":857789310433307,"circlet_count":0,"master_deck":["Defend_G+1","Defend_G+1","Defend_G+1","Defend_G+1","Defend_G+1","Strike_G+1","Strike_G+1","Strike_G+1","Strike_G+1","Strike_G+1","Survivor","Neutralize+1","Backstab","Dagger Spray+1","Noxious Fumes+1","Poisoned Stab","Backstab","Backstab","A Thousand Cuts+1","Backstab","After Image","Deflect","Unload","Bane","RitualDagger+1","PiercingWail+1","Bouncing Flask+1","Writhe","Flechettes+1","Poisoned Stab","Footwork","Adrenaline","Deadly Poison+1","Terror+1","Prepared","Bane+1","Tools of the Trade","Blur+1","PiercingWail+1","Noxious Fumes+1","Noxious Fumes+1"],"relics":["Ring of the Serpent","Vajra","Lantern","Mummified Hand","Dream Catcher","Ancient Tea Set","Regal Pillow","Tiny House","ClockworkSouvenir","Matryoshka","Red Mask","FossilizedHelix","Bag of Preparation","Snake Skull","Pantograph"],"potions_floor_usage":[2,7,12,12,12,16,19,28,33,35,35,36,50,50,50],"damage_taken":[{"damage":0,"enemies":"Cultist","floor":1,"turns":4},{"damage":0,"enemies":"Jaw Worm","floor":2,"turns":1},{"damage":8,"enemies":"Small Slimes","floor":3,"turns":2},{"damage":0,"enemies":"3 Louse","floor":7,"turns":2},{"damage":0,"enemies":"Lots of Slimes","floor":10,"turns":1},{"damage":0,"enemies":"Red Slaver","floor":11,"turns":1},{"damage":0,"enemies":"Gremlin Nob","floor":12,"turns":2},{"damage":0,"enemies":"Gremlin Gang","floor":14,"turns":2},{"damage":20,"enemies":"Slime Boss","floor":16,"turns":6},{"damage":1,"enemies":"Spheric Guardian","floor":18,"turns":3},{"damage":6,"enemies":"2 Thieves","floor":19,"turns":2},{"damage":16,"enemies":"Sentry and Sphere","floor":22,"turns":6},{"damage":5,"enemies":"Snecko","floor":24,"turns":3},{"damage":7,"enemies":"3 Cultists","floor":28,"turns":5},{"damage":24,"enemies":"Centurion and Healer","floor":30,"turns":6},{"damage":45,"enemies":"Champ","floor":33,"turns":11},{"damage":42,"enemies":"3 Darklings","floor":35,"turns":3},{"damage":0,"enemies":"3 Shapes","floor":36,"turns":5},{"damage":20,"enemies":"Transient","floor":39,"turns":5},{"damage":45,"enemies":"3 Darklings","floor":41,"turns":5},{"damage":10,"enemies":"Maw","floor":45,"turns":6},{"damage":12,"enemies":"Sphere and 2 Shapes","floor":47,"turns":6},{"damage":75,"enemies":"Awakened One","floor":50,"turns":12}],"seed_played":"-1635512619986908912","potions_obtained":[{"floor":1,"key":"Fire Potion"},{"floor":2,"key":"EssenceOfSteel"},{"floor":5,"key":"Poison Potion"},{"floor":5,"key":"Explosive Potion"},{"floor":10,"key":"Explosive Potion"},{"floor":12,"key":"SkillPotion"},{"floor":16,"key":"SkillPotion"},{"floor":19,"key":"Dexterity Potion"},{"floor":24,"key":"Regen Potion"},{"floor":33,"key":"PowerPotion"},{"floor":34,"key":"AttackPotion"},{"floor":35,"key":"Block Potion"},{"floor":36,"key":"SteroidPotion"},{"floor":41,"key":"LiquidBronze"},{"floor":47,"key":"Block Potion"},{"floor":48,"key":"Energy Potion"},{"floor":48,"key":"GamblersBrew"}],"is_trial":false,"path_per_floor":["M","M","M","?","?","R","M","R","T","M","M","E","R","M","R","B",null,"M","M","$","?","M","R","M","R","T","?","M","?","M","T","R","B",null,"M","M","$","?","M","R","M","R","T","T","M","R","M","?","R"],"character_chosen":"THE_SILENT","items_purchased":["Unload","Bane","ClockworkSouvenir","Matryoshka"],"campfire_rested":6,"item_purchase_floors":[20,20,37,37],"current_hp_per_floor":[70,70,62,51,51,51,51,51,51,51,51,51,51,51,51,31,70,69,63,63,57,41,62,57,57,57,57,64,64,40,40,70,25,75,33,33,33,33,13,50,5,42,42,42,32,69,57,57,75,0],"gold":111,"neow_bonus":"RANDOM_COMMON_RELIC","is_prod":false,"is_daily":false,"chose_seed":false,"campfire_upgraded":5,"win_rate":0,"timestamp":1540740486,"path_taken":["M","M","?","?","?","R","M","R","T","?","M","E","R","?","R","BOSS","M","M","$","?","M","R","M","R","T","?","M","?","?","?","R","BOSS","M","M","$","?","M","R","?","R","T","?","M","R","?","?","R","BOSS"],"build_version":"2018-10-25v2","purchased_purges":0,"victory":false,"max_hp_per_floor":[70,70,70,70,70,70,70,70,70,70,70,70,70,70,70,70,70,70,70,70,70,70,70,70,70,70,70,70,70,70,70,70,70,75,75,75,75,75,75,75,75,75,75,75,75,75,75,75,75,75],"card_choices":[{"not_picked":["Blur","Calculated Gamble"],"picked":"Backstab","floor":1},{"not_picked":["Quick Slash","Backflip"],"picked":"Dagger Spray","floor":2},{"not_picked":["Distraction","Backflip"],"picked":"Noxious Fumes","floor":3},{"not_picked":["Dagger Throw","Well Laid Plans"],"picked":"Poisoned Stab","floor":7},{"not_picked":["Flying Knee","Tactician"],"picked":"Backstab","floor":10},{"not_picked":["Blade Dance","Terror"],"picked":"Backstab","floor":11},{"not_picked":["Bullet Time","Terror"],"picked":"A Thousand Cuts","floor":12},{"not_picked":["Acrobatics","Cloak And Dagger"],"picked":"Backstab","floor":14},{"not_picked":["Tools of the Trade","Glass Knife"],"picked":"After Image","floor":16},{"not_picked":["Sucker Punch","Expertise","Flying Knee"],"picked":"SKIP","floor":18},{"not_picked":["Underhanded Strike","Leg Sweep"],"picked":"Deflect","floor":19},{"not_picked":["Acrobatics","Quick Slash"],"picked":"PiercingWail+1","floor":22},{"not_picked":["Dash","Poisoned Stab"],"picked":"Bouncing Flask","floor":24},{"not_picked":["Dagger Spray","Infinite Blades"],"picked":"Flechettes+1","floor":28},{"not_picked":["Glass Knife","Deadly Poison"],"picked":"Poisoned Stab","floor":30},{"not_picked":["Expertise+1","Bane"],"picked":"Footwork","floor":32},{"not_picked":["Grand Finale","Storm of Steel"],"picked":"Adrenaline","floor":33},{"not_picked":["Choke","Expertise"],"picked":"Deadly Poison+1","floor":34},{"not_picked":["PiercingWail","Deflect"],"picked":"Terror+1","floor":35},{"not_picked":["Predator","Sucker Punch+1"],"picked":"Prepared","floor":36},{"not_picked":["Dagger Spray","Acrobatics"],"picked":"Bane+1","floor":39},{"not_picked":["Bouncing Flask","Quick Slash+1"],"picked":"Tools of the Trade","floor":40},{"not_picked":["Slice","Acrobatics+1"],"picked":"Blur+1","floor":41},{"not_picked":["Blade Dance","PiercingWail","Sucker Punch+1"],"picked":"SKIP","floor":45},{"not_picked":["Blur+1","Finisher"],"picked":"PiercingWail+1","floor":46},{"not_picked":["Leg Sweep","Bane+1"],"picked":"Noxious Fumes+1","floor":47},{"not_picked":["Setup+1","Distraction+1"],"picked":"Noxious Fumes+1","floor":49}],"player_experience":236588,"relics_obtained":[{"floor":9,"key":"Lantern"},{"floor":12,"key":"Mummified Hand"},{"floor":26,"key":"Dream Catcher"},{"floor":31,"key":"Regal Pillow"},{"floor":43,"key":"FossilizedHelix"},{"floor":43,"key":"Bag of Preparation"},{"floor":44,"key":"Snake Skull"},{"floor":44,"key":"Pantograph"}],"event_choices":[{"damage_healed":0,"gold_gain":75,"player_choice":"Gather Gold","damage_taken":11,"max_hp_gain":0,"max_hp_loss":0,"event_name":"World of Goop","floor":4,"gold_loss":0},{"damage_healed":0,"gold_gain":0,"player_choice":"Got Potions","damage_taken":0,"max_hp_gain":0,"max_hp_loss":0,"event_name":"The Lab","floor":5,"gold_loss":0},{"damage_healed":0,"gold_gain":0,"player_choice":"Joined the Cult","damage_taken":6,"max_hp_gain":0,"max_hp_loss":0,"event_name":"Nest","floor":21,"gold_loss":0,"cards_obtained":["RitualDagger"]},{"damage_healed":0,"gold_gain":0,"player_choice":"Opened","damage_taken":0,"relics_obtained":["Ancient Tea Set"],"max_hp_gain":0,"max_hp_loss":0,"event_name":"The Mausoleum","floor":27,"gold_loss":0,"cards_obtained":["Writhe"]},{"damage_healed":0,"gold_gain":0,"player_choice":"Simplicity","damage_taken":0,"max_hp_gain":0,"max_hp_loss":0,"event_name":"Back to Basics","floor":29,"gold_loss":0,"cards_upgraded":["Defend_G","Defend_G","Defend_G","Defend_G","Defend_G","Strike_G","Strike_G","Strike_G","Strike_G","Strike_G"]},{"damage_healed":0,"gold_gain":0,"player_choice":"Paid","damage_taken":0,"relics_obtained":["Red Mask"],"max_hp_gain":0,"max_hp_loss":0,"event_name":"Tomb of Lord Red Mask","floor":38,"gold_loss":99},{"damage_healed":0,"gold_gain":0,"player_choice":"Bought 2 Potions","damage_taken":0,"max_hp_gain":0,"max_hp_loss":0,"event_name":"The Woman in Blue","floor":48,"gold_loss":0}],"is_beta":false,"boss_relics":[{"not_picked":["Astrolabe","Lizard Tail"],"picked":"Ring of the Serpent"},{"not_picked":["Philosopher\u0027s Stone","WristBlade"],"picked":"Tiny House"}],"items_purged_floors":[],"is_endless":false,"potions_floor_spawned":[1,2,10,12,16,19,24,33,35,36,41,47],"killed_by":"Awakened One","ascension_level":3}