{"gold_per_floor":[109,109,184,4,24,68,68,17,64,64,103,278,302,315,315,439,439,454,379,402,426,426,426,441,441,468,489,49,49],"floor_reached":29,"playtime":1764,"items_purged":["Defend_R"],"score":373,"play_id":"a8c4b782-e098-488f-b7c9-1117203e1f94","local_time":"20190826164610","is_ascension_mode":true,"campfire_choices":[{"floor":7.0,"key":"REST"},{"data":"Rage","floor":10.0,"key":"SMITH"},{"data":"Anger","floor":15.0,"key":"SMITH"},{"data":"Spot Weakness","floor":23.0,"key":"SMITH"},{"data":"Rage","floor":25.0,"key":"SMITH"}],"neow_cost":"NONE","seed_source_timestamp":585795206756700,"circlet_count":0,"master_deck":["AscendersBane","Strike_R","Strike_R","Strike_R","Strike_R","Strike_R","Defend_R","Defend_R","Defend_R","Bash","Rage+1","Panache","Intimidate","Clash","Anger+1","Battle Trance","Shrug It Off","Brutality","Clash","Warcry","Spot Weakness+1","Rage+1","Warcry","Bandage Up"],"special_seed":0,"relics":["Burning Blood","Golden Idol","Anchor","Happy Flower","Ancient Tea Set","Runic Cube","Sundial","Potion Belt","Membership Card","Singing Bowl"],"potions_floor_usage":[29],"damage_taken":[{"damage":6.0,"enemies":"2 Louse","floor":1.0,"turns":3.0},{"damage":3.0,"enemies":"Small Slimes","floor":5.0,"turns":4.0},{"damage":37.0,"enemies":"Gremlin Nob","floor":6.0,"turns":5.0},{"damage":25.0,"enemies":"3 Sentries","floor":11.0,"turns":9.0},{"damage":0.0,"enemies":"Jaw Worm","floor":13.0,"turns":3.0},{"damage":10.0,"enemies":"2 Fungi Beasts","floor":14.0,"turns":4.0},{"damage":71.0,"enemies":"Slime Boss","floor":16.0,"turns":14.0},{"damage":34.0,"enemies":"Spheric Guardian","floor":18.0,"turns":6.0},{"damage":13.0,"enemies":"3 Byrds","floor":20.0,"turns":5.0},{"damage":3.0,"enemies":"Centurion and Healer","floor":21.0,"turns":5.0},{"damage":19.0,"enemies":"Snake Plant","floor":24.0,"turns":3.0},{"damage":19.0,"enemies":"Snecko","floor":27.0,"turns":5.0},{"damage":37,"enemies":"Chosen and Byrds","floor":29,"turns":6}],"seed_played":"5717784613260918799","potions_obtained":[{"floor":6.0,"key":"Block Potion"},{"floor":11.0,"key":"Regen Potion"},{"floor":14.0,"key":"Regen Potion"},{"floor":18.0,"key":"Weak Potion"}],"is_trial":false,"path_per_floor":["M","?","?","$","M","E","R","$","T","R","E","?","M","M","R","B",null,"M","?","M","M","?","R","M","R","T","M","$","M"],"character_chosen":"IRONCLAD","items_purchased":["Panache","Anger","Membership Card","Bandage Up","Regen Potion","Singing Bowl"],"campfire_rested":1,"item_purchase_floors":[4,8,28,28,28,28],"current_hp_per_floor":[80,58,47,47,50,19,45,45,45,45,26,26,32,28,28,18,71,43,43,36,39,39,39,26,26,26,13,13,0],"gold":49,"neow_bonus":"TEN_PERCENT_HP_BONUS","is_prod":false,"is_daily":false,"chose_seed":false,"campfire_upgraded":4,"win_rate":0,"timestamp":1566863170,"path_taken":["M","?","?","?","M","E","R","$","T","R","E","?","?","M","R","BOSS","M","?","M","M","?","R","M","R","T","?","$","?"],"build_version":"2019-07-17","purchased_purges":1,"victory":false,"max_hp_per_floor":[88,88,88,88,88,88,88,88,88,88,88,88,88,88,88,88,88,88,88,88,88,88,88,88,88,88,88,88,88],"card_choices":[{"not_picked":["Clothesline","Shrug It Off"],"picked":"Rage","floor":1.0},{"not_picked":["Body Slam","Pommel Strike"],"picked":"Intimidate","floor":5.0},{"not_picked":["True Grit","Pommel Strike"],"picked":"Clash","floor":6.0},{"not_picked":["Seeing Red","Body Slam","Perfected Strike"],"picked":"SKIP","floor":11.0},{"not_picked":["Thunderclap","Heavy Blade"],"picked":"Battle Trance","floor":13.0},{"not_picked":["Whirlwind","Searing Blow"],"picked":"Shrug It Off","floor":14.0},{"not_picked":["Double Tap","Reaper"],"picked":"Brutality","floor":16.0},{"not_picked":["Whirlwind","Dual Wield"],"picked":"Clash","floor":18.0},{"not_picked":["Cleave","Perfected Strike"],"picked":"Warcry","floor":20.0},{"not_picked":["Power Through","Wild Strike"],"picked":"Spot Weakness","floor":21.0},{"not_picked":["Burning Pact","Battle Trance"],"picked":"Rage","floor":24.0},{"not_picked":["Blood for Blood","Carnage"],"picked":"Warcry","floor":27.0}],"player_experience":206767,"relics_obtained":[{"floor":6.0,"key":"Anchor"},{"floor":9.0,"key":"Happy Flower"},{"floor":11.0,"key":"Ancient Tea Set"},{"floor":26.0,"key":"Potion Belt"}],"event_choices":[{"damage_healed":0.0,"max_hp_gain":0.0,"max_hp_loss":0.0,"gold_gain":0.0,"event_name":"Golden Idol","player_choice":"Take Damage","floor":2.0,"gold_loss":0.0,"damage_taken":22.0,"relics_obtained":["Golden Idol"]},{"damage_healed":0.0,"max_hp_gain":0.0,"max_hp_loss":0.0,"gold_gain":75.0,"event_name":"World of Goop","player_choice":"Gather Gold","floor":3.0,"gold_loss":0.0,"damage_taken":11.0},{"damage_healed":0.0,"max_hp_gain":0.0,"max_hp_loss":0.0,"gold_gain":175.0,"event_name":"Liars Game","player_choice":"AGREE","floor":12.0,"gold_loss":0.0,"damage_taken":0.0,"cards_obtained":["Doubt"]},{"cards_removed":["Doubt"],"damage_healed":0.0,"max_hp_gain":0.0,"max_hp_loss":0.0,"gold_gain":0.0,"event_name":"Beggar","player_choice":"Gave Gold","floor":19.0,"gold_loss":75.0,"damage_taken":0.0},{"damage_healed":0.0,"max_hp_gain":0.0,"max_hp_loss":0.0,"gold_gain":0.0,"event_name":"WeMeetAgain","player_choice":"Gave Potion","floor":22.0,"gold_loss":0.0,"damage_taken":0.0,"relics_obtained":["Sundial"]}],"is_beta":false,"boss_relics":[{"not_picked":["Black Blood","Fusion Hammer"],"picked":"Runic Cube"}],"items_purged_floors":[28],"is_endless":false,"potions_floor_spawned":[6,11,14,18],"killed_by":"Chosen and Byrds","ascension_level":12}