{"gold_per_floor":[114,114,132,132,142,217,245,265,265,13,13,13,13,23,23,125,125,144,69,89,89,104,104,19,19,19,30,30,48,48,63,63,168,168,185,10,25,25,25,25],"floor_reached":40,"playtime":2163,"items_purged":["Strike_R","Strike_R"],"score":540,"play_id":"7fcd2d14-4340-408d-bd0b-39ad4a8011aa","local_time":"20190106110111","is_ascension_mode":true,"campfire_choices":[{"floor":11,"key":"REST"},{"data":"Whirlwind","floor":13,"key":"SMITH"},{"data":"Shockwave","floor":15,"key":"SMITH"},{"data":"Body Slam","floor":23,"key":"SMITH"},{"data":"Barricade","floor":28,"key":"SMITH"},{"data":"True Grit","floor":30,"key":"SMITH"},{"floor":32,"key":"REST"}],"neow_cost":"NONE","seed_source_timestamp":609284464473898,"circlet_count":0,"master_deck":["Strike_R","Strike_R","Defend_R","Defend_R","Defend_R","Bash","Pommel Strike","Shrug It Off","Clothesline","Ghostly Armor","Armaments","Whirlwind+1","Shockwave+1","Inflame","Double Tap","Uppercut","True Grit+1","Body Slam+1","Barricade+1","Inflame+1","Shrug It Off","Offering","Entrench","Shockwave"],"relics":["Burning Blood","NeowsBlessing","Oddly Smooth Stone","Mango","Ancient Tea Set","Sozu","Gremlin Horn","Question Card","Lizard Tail"],"potions_floor_usage":[7,16,22],"damage_taken":[{"damage":0,"enemies":"2 Louse","floor":1,"turns":1},{"damage":0,"enemies":"Jaw Worm","floor":3,"turns":1},{"damage":0,"enemies":"Cultist","floor":5,"turns":1},{"damage":50,"enemies":"Lagavulin","floor":7,"turns":7},{"damage":1,"enemies":"3 Louse","floor":8,"turns":4},{"damage":0,"enemies":"Large Slime","floor":14,"turns":5},{"damage":50,"enemies":"The Guardian","floor":16,"turns":13},{"damage":13,"enemies":"2 Thieves","floor":18,"turns":4},{"damage":2,"enemies":"Chosen","floor":20,"turns":4},{"damage":0,"enemies":"Centurion and Healer","floor":22,"turns":6},{"damage":9,"enemies":"Snecko","floor":27,"turns":6},{"damage":18,"enemies":"Shelled Parasite and Fungi","floor":29,"turns":8},{"damage":15,"enemies":"Centurion and Healer","floor":31,"turns":6},{"damage":55,"enemies":"Champ","floor":33,"turns":15},{"damage":11,"enemies":"3 Shapes","floor":35,"turns":3},{"damage":14,"enemies":"3 Darklings","floor":37,"turns":5},{"damage":140,"enemies":"Giant Head","floor":40,"turns":10}],"seed_played":"3113947148225816511","potions_obtained":[{"floor":3,"key":"AttackPotion"},{"floor":14,"key":"Poison Potion"},{"floor":16,"key":"Block Potion"}],"is_trial":false,"path_per_floor":["M","?","M","T","M","?","E","M","T","$","R","$","R","M","R","B",null,"M","?","M","?","M","R","?","$","T","M","R","M","R","M","R","B",null,"M","$","M","?","?","E"],"character_chosen":"IRONCLAD","items_purchased":["Whirlwind","Shockwave","Inflame","Shockwave"],"campfire_rested":2,"item_purchase_floors":[10,10,10,36],"current_hp_per_floor":[78,78,80,80,80,69,39,44,44,44,72,72,72,78,78,34,79,72,72,76,76,82,82,82,82,82,79,79,67,67,58,86,37,80,75,75,67,67,67,0],"gold":25,"neow_bonus":"THREE_ENEMY_KILL","is_prod":false,"is_daily":false,"chose_seed":false,"campfire_upgraded":5,"win_rate":0,"timestamp":1546740071,"path_taken":["M","?","M","?","M","?","E","?","T","$","R","?","R","M","R","BOSS","M","?","M","?","M","R","?","?","T","M","R","M","R","M","R","BOSS","M","$","?","?","?","E"],"build_version":"2019-01-03v4","purchased_purges":2,"victory":false,"max_hp_per_floor":[80,80,80,80,80,80,94,94,94,94,94,94,94,94,94,94,94,94,94,94,94,94,94,94,94,94,94,94,94,94,94,94,94,94,94,94,94,89,89,89],"card_choices":[{"not_picked":["Clash","Rage"],"picked":"Pommel Strike","floor":1},{"not_picked":["Havoc","Anger"],"picked":"Shrug It Off","floor":3},{"not_picked":["Entrench","Pommel Strike"],"picked":"Clothesline","floor":5},{"not_picked":["Barricade","Clash"],"picked":"Ghostly Armor","floor":7},{"not_picked":["Clothesline","Power Through"],"picked":"Armaments","floor":8},{"not_picked":["Entrench","Iron Wave","Headbutt"],"picked":"SKIP","floor":14},{"not_picked":["Juggernaut","Exhume"],"picked":"Double Tap","floor":16},{"not_picked":["Clash","Warcry+1"],"picked":"Uppercut","floor":18},{"not_picked":["Intimidate","Anger"],"picked":"True Grit","floor":20},{"not_picked":["Inflame","Shrug It Off"],"picked":"Body Slam","floor":22},{"not_picked":["Cleave","Body Slam","Pommel Strike"],"picked":"Barricade","floor":27},{"not_picked":["Pommel Strike","Warcry","Cleave"],"picked":"Inflame+1","floor":29},{"not_picked":["Twin Strike","Pommel Strike","Warcry"],"picked":"Shrug It Off","floor":31},{"not_picked":["Immolate","Dark Embrace","Barricade"],"picked":"Offering","floor":33},{"not_picked":["Uppercut+1","Armaments+1","Rage+1"],"picked":"Entrench","floor":35},{"not_picked":["Perfected Strike+1","Anger","Armaments+1","Ghostly Armor"],"picked":"SKIP","floor":37}],"player_experience":166975,"relics_obtained":[{"floor":4,"key":"Oddly Smooth Stone"},{"floor":7,"key":"Mango"},{"floor":9,"key":"Ancient Tea Set"},{"floor":26,"key":"Question Card"}],"event_choices":[{"damage_healed":0,"gold_gain":0,"player_choice":"Ignored","damage_taken":0,"max_hp_gain":0,"max_hp_loss":0,"event_name":"Liars Game","floor":2,"gold_loss":0},{"damage_healed":0,"gold_gain":75,"player_choice":"Gather Gold","damage_taken":11,"max_hp_gain":0,"max_hp_loss":0,"event_name":"World of Goop","floor":6,"gold_loss":0},{"cards_removed":["Strike_R"],"damage_healed":0,"gold_gain":0,"player_choice":"Gave Gold","damage_taken":0,"max_hp_gain":0,"max_hp_loss":0,"event_name":"Beggar","floor":19,"gold_loss":75},{"damage_healed":0,"gold_gain":0,"player_choice":"Ignored","damage_taken":0,"max_hp_gain":0,"max_hp_loss":0,"event_name":"Vampires","floor":21,"gold_loss":0},{"damage_healed":0,"gold_gain":0,"player_choice":"Obtained Relic","damage_taken":0,"relics_obtained":["Gremlin Horn"],"max_hp_gain":0,"max_hp_loss":0,"event_name":"Addict","floor":24,"gold_loss":85},{"damage_healed":0,"gold_gain":0,"player_choice":"Max HP","damage_taken":0,"max_hp_gain":0,"max_hp_loss":5,"event_name":"Winding Halls","floor":38,"gold_loss":0},{"cards_removed":["Defend_R"],"damage_healed":0,"gold_gain":0,"player_choice":"Removed Skill","damage_taken":0,"max_hp_gain":0,"max_hp_loss":0,"event_name":"Falling","floor":39,"gold_loss":0}],"is_beta":false,"boss_relics":[{"not_picked":["Runic Pyramid","Tiny House"],"picked":"Sozu"},{"not_picked":["Black Star","Coffee Dripper"],"picked":"Lizard Tail"}],"items_purged_floors":[10,36],"is_endless":false,"potions_floor_spawned":[3,14,16,18,22,33,35],"killed_by":"Giant Head","ascension_level":8}