{"gold_per_floor":[116,116,116,128,140,140,172,187,214,225,241,313,313,400,412,527,539,561,573,585,616,87,87,98,116,140,140],"floor_reached":27,"playtime":2229,"items_purged":["Regret"],"score":344,"play_id":"0cd813c8-ec41-47d9-8b25-88fbaea2a1bb","local_time":"20190826212116","is_ascension_mode":true,"campfire_choices":[{"data":"Juggernaut","floor":6.0,"key":"SMITH"},{"data":"Armaments","floor":15.0,"key":"SMITH"},{"data":"Chrysalis","floor":23,"key":"SMITH"}],"neow_cost":"NONE","seed_source_timestamp":0,"circlet_count":0,"master_deck":["AscendersBane","Strike_R+1","Strike_R+1","Strike_R+1","Strike_R+1","Strike_R+1","Defend_R+1","Defend_R+1","Defend_R+1","Bash","Deep Breath","Power Through","Metallicize","Bash","Juggernaut+1","Dramatic Entrance","Anger","Anger","Uppercut","Uppercut","Armaments+1","Barricade","Anger","Madness","Deep Breath","Iron Wave","Flash of Steel","Chrysalis+1","Battle Trance","Power Through"],"special_seed":0,"relics":["Burning Blood","Art of War","Orichalcum","Letter Opener","MawBank","Runic Pyramid","Lee\u0027s Waffle","PreservedInsect"],"potions_floor_usage":[27,27],"damage_taken":[{"damage":1.0,"enemies":"2 Louse","floor":1.0,"turns":3.0},{"damage":1.0,"enemies":"Cultist","floor":4.0,"turns":3.0},{"damage":4.0,"enemies":"Jaw Worm","floor":5.0,"turns":4.0},{"damage":26.0,"enemies":"Gremlin Nob","floor":7.0,"turns":4.0},{"damage":6.0,"enemies":"Looter","floor":8.0,"turns":2.0},{"damage":9.0,"enemies":"2 Fungi Beasts","floor":10.0,"turns":3.0},{"damage":10.0,"enemies":"3 Louse","floor":11.0,"turns":3.0},{"damage":17.0,"enemies":"The Guardian","floor":16.0,"turns":11.0},{"damage":7.0,"enemies":"Chosen","floor":18.0,"turns":6.0},{"damage":25.0,"enemies":"Shell Parasite","floor":21.0,"turns":5.0},{"damage":48,"enemies":"3 Cultists","floor":24,"turns":7},{"damage":28,"enemies":"Snecko","floor":25,"turns":7},{"damage":50,"enemies":"Gremlin Leader","floor":27,"turns":6}],"seed_played":"-2455992979198348136","potions_obtained":[{"floor":1.0,"key":"BloodPotion"},{"floor":8.0,"key":"BloodPotion"},{"floor":25,"key":"LiquidBronze"}],"is_trial":false,"path_per_floor":["M","?","?","M","M","R","E","M","T","M","M","T","?","?","R","B",null,"M","?","?","M","$","R","M","M","T","E"],"character_chosen":"IRONCLAD","items_purchased":["Lee\u0027s Waffle","Flash of Steel","Chrysalis"],"campfire_rested":0,"item_purchase_floors":[22,22,22],"current_hp_per_floor":[77,77,77,80,80,80,60,60,60,57,73,73,73,62,62,51,73,72,72,48,29,87,87,45,23,23,0],"gold":140,"neow_bonus":"RANDOM_COLORLESS","is_prod":false,"is_daily":false,"chose_seed":false,"campfire_upgraded":3,"win_rate":0,"timestamp":1566879676,"path_taken":["M","?","?","M","M","R","E","?","T","?","?","?","?","?","R","BOSS","M","?","?","?","$","R","M","M","T","E"],"build_version":"2019-07-17","purchased_purges":1,"victory":false,"max_hp_per_floor":[80,80,80,80,80,80,80,80,80,80,80,80,80,80,80,80,80,80,80,80,80,87,87,87,87,87,87],"card_choices":[{"not_picked":["Heavy Blade","Sentinel"],"picked":"Power Through","floor":1.0},{"not_picked":["Thunderclap","Intimidate"],"picked":"Anger","floor":4.0},{"not_picked":["Clothesline","Inflame"],"picked":"Anger","floor":5.0},{"not_picked":["Wild Strike","Clash"],"picked":"Uppercut","floor":7.0},{"not_picked":["Twin Strike","Clash"],"picked":"Uppercut","floor":8.0},{"not_picked":["Inflame","Intimidate"],"picked":"Armaments","floor":10.0},{"not_picked":["Infernal Blade","Disarm","Dual Wield"],"picked":"SKIP","floor":11.0},{"not_picked":["Limit Break","Impervious"],"picked":"Barricade","floor":16.0},{"not_picked":["Perfected Strike","Shockwave"],"picked":"Anger","floor":18.0},{"not_picked":["Clothesline","Burning Pact"],"picked":"Iron Wave","floor":21.0},{"not_picked":["Inflame","Battle Trance","Iron Wave"],"picked":"SKIP","floor":24},{"not_picked":["Inflame","Iron Wave"],"picked":"Battle Trance","floor":24},{"not_picked":["Burning Pact+1","Flex"],"picked":"Power Through","floor":25}],"player_experience":217497,"relics_obtained":[{"floor":7.0,"key":"Art of War"},{"floor":9.0,"key":"Orichalcum"},{"floor":12.0,"key":"Letter Opener"},{"floor":26,"key":"PreservedInsect"}],"event_choices":[{"damage_healed":0.0,"max_hp_gain":0.0,"max_hp_loss":0.0,"gold_gain":0.0,"cards_transformed":["Defend_R"],"event_name":"Living Wall","player_choice":"Change","floor":2.0,"gold_loss":0.0,"damage_taken":0.0,"cards_obtained":["Metallicize"]},{"damage_healed":0.0,"max_hp_gain":0.0,"max_hp_loss":0.0,"gold_gain":0.0,"event_name":"Match and Keep!","player_choice":"3 cards matched","floor":3.0,"gold_loss":0.0,"damage_taken":0.0,"cards_obtained":["Bash","Juggernaut","Dramatic Entrance"]},{"damage_healed":0.0,"max_hp_gain":0.0,"max_hp_loss":0.0,"gold_gain":0.0,"event_name":"Match and Keep!","player_choice":"3 cards matched","floor":3.0,"gold_loss":0.0,"damage_taken":0.0,"cards_obtained":["Bash","Juggernaut","Dramatic Entrance"]},{"damage_healed":0.0,"max_hp_gain":0.0,"max_hp_loss":0.0,"gold_gain":0.0,"event_name":"Big Fish","player_choice":"Box","floor":13.0,"gold_loss":0.0,"damage_taken":0.0,"relics_obtained":["MawBank"],"cards_obtained":["Regret"]},{"damage_healed":0.0,"max_hp_gain":0.0,"max_hp_loss":0.0,"gold_gain":75.0,"event_name":"World of Goop","player_choice":"Gather Gold","floor":14.0,"gold_loss":0.0,"damage_taken":11.0},{"damage_healed":0.0,"max_hp_gain":0.0,"max_hp_loss":0.0,"gold_gain":0.0,"event_name":"Back to Basics","player_choice":"Simplicity","floor":19.0,"gold_loss":0.0,"damage_taken":0.0,"cards_upgraded":["Strike_R","Strike_R","Strike_R","Strike_R","Strike_R","Defend_R","Defend_R","Defend_R"]},{"damage_healed":0.0,"max_hp_gain":0.0,"max_hp_loss":0.0,"gold_gain":0.0,"event_name":"Knowing Skull","player_choice":"CARD CARD ","floor":20.0,"potions_obtained":[],"gold_loss":0.0,"damage_taken":24.0,"cards_obtained":["Madness","Deep Breath"]}],"is_beta":false,"boss_relics":[{"not_picked":["Runic Dome","Black Star"],"picked":"Runic Pyramid"}],"items_purged_floors":[22],"is_endless":false,"potions_floor_spawned":[1,8,10,25],"killed_by":"Gremlin Leader","ascension_level":12}