{"gold_per_floor":[112,112,112,112,131,131,150,150,150,169,190,205,230,230,230,351,351,374,397,55,78,99,99,115,115,115,115,140,265,265,288,288,412,412,433,454,230,246,246,289,289,0,23,23,44,44,64,64,64,64],"floor_reached":51,"playtime":8935,"items_purged":["Defend_B"],"score":698,"play_id":"82e4120a-9e20-4738-90eb-5ebe281fddf1","local_time":"20190627181459","is_ascension_mode":false,"campfire_choices":[{"data":"Conserve Battery","floor":6,"key":"SMITH"},{"data":"Consume","floor":8,"key":"SMITH"},{"data":"Chaos","floor":15,"key":"SMITH"},{"data":"Multi-Cast","floor":23,"key":"SMITH"},{"data":"Buffer","floor":25,"key":"SMITH"},{"floor":32,"key":"REST"},{"data":"Self Repair","floor":41,"key":"SMITH"},{"data":"Defragment","floor":49,"key":"SMITH"}],"neow_cost":"TEN_PERCENT_HP_LOSS","seed_source_timestamp":729783964747879,"circlet_count":0,"master_deck":["Strike_B","Strike_B","Strike_B","Defend_B","Defend_B","Defend_B","Zap","Dualcast","Conserve Battery+1","Capacitor","Consume+1","Chaos+1","Echo Form","Coolheaded","Multi-Cast+1","Buffer+1","Self Repair+1","Capacitor","Skim","Glacier+1","Echo Form","Heatsinks+1","Multi-Cast","Madness+1","Chaos+1","Glacier+1","Defragment+1"],"relics":["Cracked Core","Mango","Golden Idol","Nuclear Battery","Medical Kit","Pear","Torii","Question Card","White Beast Statue","Molten Egg 2","Red Mask","Anchor"],"potions_floor_usage":[16,16,29,29,31,31,38,45,45,50,50,50],"damage_taken":[{"damage":0,"enemies":"Small Slimes","floor":1,"turns":2},{"damage":1,"enemies":"2 Louse","floor":5,"turns":3},{"damage":3,"enemies":"Jaw Worm","floor":7,"turns":4},{"damage":4,"enemies":"Blue Slaver","floor":10,"turns":3},{"damage":26,"enemies":"Lots of Slimes","floor":11,"turns":4},{"damage":10,"enemies":"Looter","floor":12,"turns":4},{"damage":1,"enemies":"Exordium Thugs","floor":13,"turns":4},{"damage":12,"enemies":"Hexaghost","floor":16,"turns":10},{"damage":12,"enemies":"Shell Parasite","floor":18,"turns":7},{"damage":10,"enemies":"3 Byrds","floor":19,"turns":3},{"damage":3,"enemies":"Centurion and Healer","floor":21,"turns":9},{"damage":21,"enemies":"Chosen and Byrds","floor":22,"turns":7},{"damage":5,"enemies":"Snecko","floor":24,"turns":5},{"damage":0,"enemies":"Centurion and Healer","floor":28,"turns":7},{"damage":33,"enemies":"Colosseum Slavers","floor":29,"turns":9},{"damage":20,"enemies":"Colosseum Nobs","floor":29,"turns":4},{"damage":1,"enemies":"Shelled Parasite and Fungi","floor":31,"turns":7},{"damage":21,"enemies":"Collector","floor":33,"turns":17},{"damage":25,"enemies":"3 Darklings","floor":35,"turns":11},{"damage":32,"enemies":"3 Shapes","floor":36,"turns":6},{"damage":2,"enemies":"Sphere and 2 Shapes","floor":38,"turns":9},{"damage":0,"enemies":"Nemesis","floor":40,"turns":9},{"damage":22,"enemies":"Writhing Mass","floor":45,"turns":6},{"damage":22,"enemies":"Transient","floor":47,"turns":5},{"damage":49,"enemies":"Awakened One","floor":50,"turns":24}],"seed_played":"4297200901800462442","potions_obtained":[{"floor":1,"key":"FocusPotion"},{"floor":12,"key":"FearPotion"},{"floor":13,"key":"SteroidPotion"},{"floor":18,"key":"Dexterity Potion"},{"floor":19,"key":"SkillPotion"},{"floor":29,"key":"EssenceOfSteel"},{"floor":35,"key":"GamblersBrew"},{"floor":36,"key":"AttackPotion"},{"floor":38,"key":"Strength Potion"},{"floor":40,"key":"Poison Potion"},{"floor":45,"key":"Dexterity Potion"},{"floor":47,"key":"SteroidPotion"}],"is_trial":false,"path_per_floor":["M","?","?","?","M","R","M","R","T","M","M","M","M","?","R","B",null,"M","M","$","M","M","R","M","R","T","?","M","?","?","M","R","B",null,"M","M","$","M","?","E","R","?","T","?","M","?","M","$","R","B",null],"character_chosen":"DEFECT","items_purchased":["Multi-Cast","Medical Kit","Multi-Cast"],"campfire_rested":1,"item_purchase_floors":[20,20,37],"current_hp_per_floor":[82,82,82,82,81,81,78,78,78,74,48,38,37,37,37,25,82,70,60,60,57,36,36,31,31,41,41,48,2,2,8,35,21,92,81,56,56,68,68,68,68,68,68,68,66,66,54,54,54,15],"gold":64,"neow_bonus":"ONE_RARE_RELIC","is_prod":false,"is_daily":false,"chose_seed":false,"campfire_upgraded":7,"win_rate":0.0,"timestamp":1561626899,"path_taken":["M","?","?","?","M","R","M","R","T","?","M","M","M","?","R","BOSS","M","?","$","M","M","R","M","R","T","?","M","?","?","M","R","BOSS","M","M","$","M","?","E","R","?","T","?","?","?","M","$","R","BOSS"],"build_version":"2019-01-23","purchased_purges":1,"victory":true,"max_hp_per_floor":[82,82,82,82,82,82,82,82,82,82,82,82,82,82,82,82,82,82,82,82,82,82,82,82,82,92,92,92,92,92,92,92,92,92,92,92,92,92,92,92,92,92,92,92,92,92,92,92,92,92],"card_choices":[{"not_picked":["Chaos","Ball Lightning"],"picked":"Conserve Battery","floor":1},{"not_picked":["Stack","Chaos","Go for the Eyes"],"picked":"SKIP","floor":5},{"not_picked":["Force Field","Go for the Eyes"],"picked":"Consume","floor":7},{"not_picked":["Cold Snap","Force Field"],"picked":"Chaos","floor":10},{"not_picked":["Beam Cell","Cold Snap","Rebound"],"picked":"SKIP","floor":11},{"not_picked":["Leap","Go for the Eyes","Chaos"],"picked":"SKIP","floor":12},{"not_picked":["Melter","Turbo","Beam Cell"],"picked":"SKIP","floor":13},{"not_picked":["Biased Cognition","Buffer"],"picked":"Echo Form","floor":16},{"not_picked":["Leap+1","Cold Snap"],"picked":"Coolheaded","floor":18},{"not_picked":["Go for the Eyes","Beam Cell","Steam"],"picked":"SKIP","floor":19},{"not_picked":["Force Field","Compile Driver","Sunder"],"picked":"SKIP","floor":21},{"not_picked":["Blizzard+1","Rip and Tear+1"],"picked":"Buffer","floor":22},{"not_picked":["Gash+1","Coolheaded+1"],"picked":"Self Repair","floor":24},{"not_picked":["Consume","Ball Lightning"],"picked":"Skim","floor":28},{"not_picked":["Stack+1","Turbo","Leap+1"],"picked":"Glacier+1","floor":31},{"not_picked":["Biased Cognition","Reboot","Machine Learning"],"picked":"Echo Form","floor":33},{"not_picked":["Undo+1","Streamline+1","Turbo","Force Field+1"],"picked":"SKIP","floor":35},{"not_picked":["Redo+1","Barrage","Darkness"],"picked":"Heatsinks+1","floor":36},{"not_picked":["Melter+1","Leap+1","Streamline","Hologram+1"],"picked":"SKIP","floor":38},{"not_picked":["Jack Of All Trades","HandOfGreed","Finesse"],"picked":"Madness","floor":39},{"not_picked":["Barrage","Auto Shields","Beam Cell"],"picked":"Chaos+1","floor":40},{"not_picked":["Ball Lightning+1","Stack","Turbo"],"picked":"Glacier+1","floor":45},{"not_picked":["Streamline+1","Doom and Gloom+1","Aggregate+1"],"picked":"Defragment","floor":47}],"player_experience":62824,"relics_obtained":[{"floor":26,"key":"Pear"},{"floor":29,"key":"Torii"},{"floor":29,"key":"Question Card"},{"floor":40,"key":"Molten Egg 2"},{"floor":43,"key":"Anchor"}],"event_choices":[{"damage_healed":0,"gold_gain":0,"player_choice":"Take Wound","damage_taken":0,"relics_obtained":["Golden Idol"],"max_hp_gain":0,"max_hp_loss":0,"event_name":"Golden Idol","floor":2,"gold_loss":0,"cards_obtained":["Injury"]},{"damage_healed":0,"gold_gain":0,"player_choice":"Ignored","damage_taken":0,"max_hp_gain":0,"max_hp_loss":0,"event_name":"Shining Light","floor":3,"gold_loss":0},{"damage_healed":0,"gold_gain":0,"cards_transformed":["Strike_B"],"player_choice":"Change","damage_taken":0,"max_hp_gain":0,"max_hp_loss":0,"event_name":"Living Wall","floor":4,"gold_loss":0,"cards_obtained":["Capacitor"]},{"cards_removed":["Injury"],"damage_healed":0,"gold_gain":0,"player_choice":"Card Removal","damage_taken":0,"max_hp_gain":0,"max_hp_loss":0,"event_name":"Wheel of Change","floor":14,"gold_loss":0},{"damage_healed":0,"gold_gain":0,"player_choice":"Read","damage_taken":0,"max_hp_gain":0,"max_hp_loss":0,"event_name":"The Library","floor":27,"gold_loss":0,"cards_obtained":["Capacitor"]},{"damage_healed":0,"gold_gain":0,"player_choice":"Fight","damage_taken":0,"max_hp_gain":0,"max_hp_loss":0,"event_name":"Colosseum","floor":29,"gold_loss":0},{"damage_healed":0,"gold_gain":0,"player_choice":"Fought Nobs","damage_taken":0,"max_hp_gain":0,"max_hp_loss":0,"event_name":"Colosseum","floor":29,"gold_loss":0},{"damage_healed":0,"gold_gain":0,"player_choice":"Bought 0 Potions","damage_taken":0,"max_hp_gain":0,"max_hp_loss":0,"event_name":"The Woman in Blue","floor":30,"gold_loss":0},{"damage_healed":0,"gold_gain":0,"player_choice":"Memory 1","damage_taken":0,"max_hp_gain":0,"max_hp_loss":0,"event_name":"SensoryStone","floor":39,"gold_loss":0},{"damage_healed":0,"gold_gain":0,"player_choice":"Paid","damage_taken":0,"relics_obtained":["Red Mask"],"max_hp_gain":0,"max_hp_loss":0,"event_name":"Tomb of Lord Red Mask","floor":42,"gold_loss":289},{"damage_healed":0,"gold_gain":0,"player_choice":"Upgraded","damage_taken":0,"max_hp_gain":0,"max_hp_loss":0,"event_name":"Upgrade Shrine","floor":44,"gold_loss":0,"cards_upgraded":["Madness"]},{"damage_healed":0,"gold_gain":0,"player_choice":"Ignored","damage_taken":0,"max_hp_gain":0,"max_hp_loss":0,"event_name":"The Moai Head","floor":46,"gold_loss":0}],"is_beta":false,"boss_relics":[{"not_picked":["Runic Pyramid","Velvet Choker"],"picked":"Nuclear Battery"},{"not_picked":["Philosopher\u0027s Stone","Sozu"],"picked":"White Beast Statue"}],"items_purged_floors":[37],"is_endless":false,"potions_floor_spawned":[1,12,13,18,19,29,35,36,38,40,45,47],"ascension_level":0}