{"gold_per_floor":[116,136,151,171,183,183,208,208,208,208,220,236,236,236,236,308,308,318,335,349,367,1,12,12,37,37,37,312,331,360,34,34,111,111,128,145,58,68,42,42,142,224,224,224,242,255,255,93,93,93,93,93,93,39,67,67],"floor_reached":56,"playtime":7912,"items_purged":["Strike_B","Regret","Decay"],"score":1832,"play_id":"70b510b9-7633-4bc7-81ac-e5217feef4c6","local_time":"20190827202324","is_ascension_mode":true,"campfire_choices":[{"floor":6,"key":"REST"},{"data":"Fission","floor":8,"key":"SMITH"},{"data":"Zap","floor":10,"key":"SMITH"},{"data":"Creative AI","floor":13,"key":"SMITH"},{"data":"Reinforced Body","floor":15,"key":"SMITH"},{"floor":24,"key":"REST"},{"floor":27,"key":"REST"},{"floor":32,"key":"REST"},{"data":"Buffer","floor":40,"key":"SMITH"},{"data":"Static Discharge","floor":44,"key":"SMITH"},{"floor":47,"key":"RECALL"},{"data":"Amplify","floor":49,"key":"SMITH"},{"data":"Capacitor","floor":53,"key":"SMITH"}],"neow_cost":"PERCENT_DAMAGE","seed_source_timestamp":602242675804200,"circlet_count":0,"master_deck":["AscendersBane","Strike_B","Defend_B","Defend_B","Defend_B","Zap+1","Dualcast","Fission+1","Lockon","Reinforced Body+1","Chill","Go for the Eyes+1","Chill","FTL","Creative AI+1","Auto Shields","Ball Lightning","Doom and Gloom+1","Electrodynamics","Reprogram+1","Static Discharge+1","Glacier","Blizzard","Self Repair","Blizzard","Chill","All For One","Decay","Buffer+1","Amplify+1","Self Repair+1","Capacitor+1","Hologram","Turbo","Echo Form","Clumsy","Coolheaded+1","Undo"],"relics":["FrozenCore","Pen Nib","Singing Bowl","Cursed Key","Whetstone","Bag of Preparation","Question Card","Turnip","Strawberry","Incense Burner","Bird Faced Urn","Sundial"],"potions_floor_usage":[4,7,19,20,25,30,30,35,36,55,56,56],"damage_taken":[{"damage":0,"enemies":"Cultist","floor":1,"turns":3},{"damage":0,"enemies":"2 Louse","floor":2,"turns":3},{"damage":5,"enemies":"Jaw Worm","floor":3,"turns":4},{"damage":8,"enemies":"Gremlin Gang","floor":4,"turns":6},{"damage":2,"enemies":"Looter","floor":5,"turns":3},{"damage":0,"enemies":"3 Sentries","floor":7,"turns":10},{"damage":0,"enemies":"Exordium Wildlife","floor":11,"turns":3},{"damage":0,"enemies":"Blue Slaver","floor":12,"turns":3},{"damage":12,"enemies":"The Guardian","floor":16,"turns":10},{"damage":0,"enemies":"2 Thieves","floor":18,"turns":2},{"damage":12,"enemies":"Shell Parasite","floor":19,"turns":4},{"damage":16,"enemies":"Shelled Parasite and Fungi","floor":20,"turns":3},{"damage":8,"enemies":"Sentry and Sphere","floor":21,"turns":5},{"damage":4,"enemies":"Centurion and Healer","floor":23,"turns":4},{"damage":20,"enemies":"Slavers","floor":25,"turns":3},{"damage":23,"enemies":"Shelled Parasite and Fungi","floor":29,"turns":4},{"damage":35,"enemies":"Gremlin Leader","floor":30,"turns":6},{"damage":13,"enemies":"Champ","floor":33,"turns":10},{"damage":27,"enemies":"Orb Walker","floor":35,"turns":7},{"damage":12,"enemies":"3 Shapes","floor":36,"turns":4},{"damage":36,"enemies":"Transient","floor":38,"turns":6},{"damage":0,"enemies":"Mind Bloom Boss Battle","floor":41,"turns":8},{"damage":39,"enemies":"4 Shapes","floor":45,"turns":18},{"damage":0,"enemies":"Sphere and 2 Shapes","floor":46,"turns":5},{"damage":34,"enemies":"Time Eater","floor":50,"turns":7},{"damage":23,"enemies":"Donu and Deca","floor":51,"turns":7},{"damage":86,"enemies":"Shield and Spear","floor":55,"turns":8},{"damage":97,"enemies":"The Heart","floor":56,"turns":14}],"seed_played":"7612600501151751105","potions_obtained":[{"floor":1,"key":"Swift Potion"},{"floor":3,"key":"Weak Potion"},{"floor":5,"key":"FocusPotion"},{"floor":12,"key":"GamblersBrew"},{"floor":19,"key":"SkillPotion"},{"floor":25,"key":"Strength Potion"},{"floor":29,"key":"FocusPotion"},{"floor":33,"key":"Strength Potion"},{"floor":35,"key":"Block Potion"},{"floor":45,"key":"AttackPotion"},{"floor":55,"key":"Strength Potion"}],"is_trial":false,"path_per_floor":["M","M","M","M","M","R","E","R","T","R","M","M","R","?","R","B",null,"M","M","M","M","$","M","R","E","T","R","?","M","E","$","R","B",null,"M","M","$","M","$","R","?","T","T","R","M","M","R","$","R","B","B",null,"R","$","E","B"],"character_chosen":"DEFECT","items_purchased":["Self Repair","Whetstone","Blizzard","SkillPotion","Strawberry","Capacitor","Turbo","Undo","Weak Potion"],"campfire_rested":4,"item_purchase_floors":[22,22,22,31,31,37,39,48,54],"current_hp_per_floor":[46,46,41,33,31,52,52,52,52,52,52,52,52,52,52,40,63,63,51,35,27,27,30,51,38,38,59,59,36,10,17,41,35,69,49,56,56,30,30,30,47,47,47,47,84,84,84,84,84,77,82,84,84,84,56,0],"gold":67,"neow_bonus":"TRANSFORM_TWO_CARDS","is_prod":false,"is_daily":false,"chose_seed":false,"campfire_upgraded":8,"win_rate":0,"timestamp":1566951804,"path_taken":["M","M","M","M","M","R","E","R","T","R","M","?","R","?","R","BOSS","M","?","M","M","$","M","R","E","T","R","?","M","E","$","R","BOSS","M","?","$","M","$","R","?","?","T","R","M","M","R","?","R","BOSS","BOSS","R","$","E","BOSS"],"build_version":"2019-07-17","purchased_purges":3,"victory":false,"max_hp_per_floor":[71,71,71,71,71,71,71,71,71,71,71,71,71,71,71,71,71,71,71,71,71,71,71,71,71,71,71,71,71,73,80,80,80,80,80,82,82,82,82,82,82,82,82,82,84,84,84,84,84,84,84,84,84,84,86,86],"card_choices":[{"not_picked":["Beam Cell","Streamline"],"picked":"Reinforced Body","floor":1},{"not_picked":["Auto Shields","Turbo"],"picked":"Chill","floor":2},{"not_picked":["Redo","Steam"],"picked":"Go for the Eyes","floor":3},{"not_picked":["Beam Cell","Fusion"],"picked":"Chill","floor":4},{"not_picked":["Turbo","Hello World"],"picked":"FTL","floor":5},{"not_picked":["Cold Snap","Beam Cell"],"picked":"Creative AI","floor":7},{"not_picked":["Reprogram","Redo"],"picked":"Auto Shields","floor":11},{"not_picked":["Rebound","Steam"],"picked":"Ball Lightning","floor":12},{"not_picked":["Reboot","Seek"],"picked":"Electrodynamics","floor":16},{"not_picked":["Compile Driver+1","Go for the Eyes"],"picked":"Reprogram+1","floor":18},{"not_picked":["Rebound+1","Compile Driver"],"picked":"Static Discharge","floor":19},{"not_picked":["Steam Power","White Noise"],"picked":"Glacier","floor":20},{"not_picked":["Stack","Redo"],"picked":"Blizzard","floor":21},{"not_picked":["BootSequence+1","Darkness"],"picked":"Chill","floor":23},{"not_picked":["Coolheaded+1","Rip and Tear"],"picked":"All For One","floor":25},{"not_picked":["Streamline+1","Beam Cell+1","Cold Snap"],"picked":"Buffer","floor":29},{"not_picked":["Loop","Leap","Lockon","Compile Driver"],"picked":"Singing Bowl","floor":30},{"not_picked":["Buffer","Fission","Meteor Strike"],"picked":"Amplify","floor":33},{"not_picked":["Cold Snap","Rebound","Recycle+1"],"picked":"Self Repair+1","floor":35},{"not_picked":["Coolheaded","Conserve Battery","Skim+1","Aggregate"],"picked":"Singing Bowl","floor":36},{"not_picked":["Steam","Redo","Cold Snap"],"picked":"Hologram","floor":38},{"not_picked":["Rebound+1","Recycle","Reprogram"],"picked":"Echo Form","floor":41},{"not_picked":["Compile Driver+1","Conserve Battery","Ball Lightning","Steam+1"],"picked":"Singing Bowl","floor":45},{"not_picked":["Ball Lightning","BootSequence","Machine Learning"],"picked":"Coolheaded+1","floor":46},{"not_picked":["Gash+1","Tempest+1","Compile Driver+1","Leap"],"picked":"Singing Bowl","floor":55}],"player_experience":446129,"relics_obtained":[{"floor":7,"key":"Pen Nib"},{"floor":9,"key":"Singing Bowl"},{"floor":25,"key":"Bag of Preparation"},{"floor":26,"key":"Question Card"},{"floor":30,"key":"Turnip"},{"floor":41,"key":"Incense Burner"},{"floor":43,"key":"Bird Faced Urn"},{"floor":55,"key":"Sundial"}],"event_choices":[{"damage_healed":0,"gold_gain":0,"cards_transformed":["Defend_B"],"player_choice":"Transformed","damage_taken":0,"max_hp_gain":0,"max_hp_loss":0,"event_name":"Transmorgrifier","floor":14,"gold_loss":0,"cards_obtained":["Doom and Gloom"]},{"damage_healed":0,"gold_gain":275,"player_choice":"Desecrate","damage_taken":0,"max_hp_gain":0,"max_hp_loss":0,"event_name":"Golden Shrine","floor":28,"gold_loss":0,"cards_obtained":["Regret"]},{"damage_healed":0,"gold_gain":0,"player_choice":"Fight","damage_taken":0,"max_hp_gain":0,"max_hp_loss":0,"event_name":"MindBloom","floor":41,"gold_loss":0}],"is_beta":false,"boss_relics":[{"not_picked":["Snecko Eye","Ectoplasm"],"picked":"Cursed Key"},{"not_picked":["Velvet Choker","Black Star"],"picked":"FrozenCore"}],"items_purged_floors":[22,31,48],"is_endless":false,"potions_floor_spawned":[1,3,5,12,18,19,25,29,33,35,45,55],"killed_by":"The Heart","ascension_level":20}