{"gold_per_floor":[111,129,51,67,82,117,117,152,152,171,171,171,171,184,184,287,287,306,581,357,3,22,54,54,81,107,107,107,22,22],"floor_reached":30,"playtime":1234,"items_purged":["Regret"],"score":317,"play_id":"67d42443-899d-4a27-b174-9dd4381c845f","local_time":"20181104190109","is_ascension_mode":true,"campfire_choices":[{"data":"Storm","floor":7,"key":"SMITH"},{"floor":11,"key":"REST"},{"floor":13,"key":"REST"},{"floor":15,"key":"REST"},{"floor":24,"key":"REST"}],"neow_cost":"NONE","seed_source_timestamp":84796580001912,"circlet_count":0,"master_deck":["Strike_B","Strike_B","Strike_B+1","Strike_B+1","Defend_B","Defend_B","Defend_B","Defend_B","Zap","Dualcast","Redo","Redo","Storm+1","Loop","Go for the Eyes","Ball Lightning","Creative AI+1","Melter+1","Doom and Gloom+1","Machine Learning","Capacitor","Redo","Gash+1","Genetic Algorithm+1","Decay"],"relics":["Cracked Core","PreservedInsect","Regal Pillow","Meat on the Bone","Molten Egg 2","Busted Crown","Juzu Bracelet","Matryoshka","Lantern","Potion Belt","Whetstone","Centennial Puzzle","Art of War"],"potions_floor_usage":[10,16,22,23,23,23,30,30,30],"damage_taken":[{"damage":1,"enemies":"Cultist","floor":1,"turns":3},{"damage":0,"enemies":"2 Louse","floor":2,"turns":1},{"damage":0,"enemies":"Small Slimes","floor":4,"turns":3},{"damage":14,"enemies":"Red Slaver","floor":5,"turns":3},{"damage":26,"enemies":"Gremlin Nob","floor":6,"turns":4},{"damage":30,"enemies":"Lagavulin","floor":8,"turns":4},{"damage":4,"enemies":"2 Fungi Beasts","floor":10,"turns":3},{"damage":37,"enemies":"Exordium Thugs","floor":14,"turns":3},{"damage":46,"enemies":"The Guardian","floor":16,"turns":9},{"damage":0,"enemies":"Spheric Guardian","floor":18,"turns":2},{"damage":25,"enemies":"2 Thieves","floor":22,"turns":3},{"damage":22,"enemies":"Slavers","floor":23,"turns":4},{"damage":73,"enemies":"Gremlin Leader","floor":25,"turns":5},{"damage":19,"enemies":"Book of Stabbing","floor":30,"turns":2}],"seed_played":"5857794934881566176","potions_obtained":[{"floor":4,"key":"SteroidPotion"},{"floor":6,"key":"Strength Potion"},{"floor":8,"key":"Regen Potion"},{"floor":14,"key":"Block Potion"},{"floor":18,"key":"Fire Potion"},{"floor":22,"key":"SteroidPotion"},{"floor":28,"key":"PowerPotion"},{"floor":28,"key":"Swift Potion"},{"floor":28,"key":"Energy Potion"}],"is_trial":false,"path_per_floor":["M","M","$","M","M","E","R","E","T","M","R","?","R","M","R","B",null,"M","?","$","$","M","E","R","E","T","?","?","?","E"],"character_chosen":"DEFECT","items_purchased":["Storm","Juzu Bracelet","Matryoshka","Capacitor","Redo"],"campfire_rested":4,"item_purchase_floors":[3,20,21,21,21],"current_hp_per_floor":[74,74,74,74,60,34,34,4,4,21,58,58,75,38,75,41,75,75,75,75,75,50,40,75,14,14,14,14,14,0],"gold":22,"neow_bonus":"RANDOM_COMMON_RELIC","is_prod":false,"is_daily":false,"chose_seed":false,"campfire_upgraded":1,"win_rate":0,"timestamp":1541354469,"path_taken":["M","M","$","M","?","E","R","E","T","M","R","?","R","M","R","BOSS","M","?","?","$","M","E","R","E","T","?","?","?","E"],"build_version":"2018-11-01","purchased_purges":1,"victory":false,"max_hp_per_floor":[75,75,75,75,75,75,75,75,75,75,75,75,75,75,75,75,75,75,75,75,75,75,75,75,75,75,75,75,75,75],"card_choices":[{"not_picked":["Coolheaded","Go for the Eyes"],"picked":"Redo","floor":1},{"not_picked":["Fusion","Streamline"],"picked":"Redo","floor":2},{"not_picked":["Rebound","Hello World"],"picked":"Loop","floor":4},{"not_picked":["Coolheaded","Hologram"],"picked":"Go for the Eyes","floor":5},{"not_picked":["Reinforced Body","Rip and Tear"],"picked":"Ball Lightning","floor":6},{"not_picked":["Force Field","Scrape"],"picked":"Creative AI","floor":8},{"not_picked":["Barrage+1","Steam"],"picked":"Melter+1","floor":10},{"not_picked":["Conserve Battery","Stack"],"picked":"Doom and Gloom+1","floor":14},{"not_picked":["Creative AI","Echo Form"],"picked":"Machine Learning","floor":16},{"not_picked":["Turbo"],"picked":"SKIP","floor":18},{"not_picked":[],"picked":"Gash+1","floor":22},{"not_picked":["Stack"],"picked":"SKIP","floor":23},{"not_picked":[],"picked":"Genetic Algorithm+1","floor":25}],"player_experience":242031,"relics_obtained":[{"floor":6,"key":"Regal Pillow"},{"floor":8,"key":"Meat on the Bone"},{"floor":9,"key":"Molten Egg 2"},{"floor":23,"key":"Lantern"},{"floor":25,"key":"Potion Belt"},{"floor":26,"key":"Whetstone"},{"floor":26,"key":"Centennial Puzzle"}],"event_choices":[{"damage_healed":0,"gold_gain":0,"player_choice":"Forge","damage_taken":0,"max_hp_gain":0,"max_hp_loss":0,"event_name":"Accursed Blacksmith","floor":12,"gold_loss":0,"cards_upgraded":["Creative AI"]},{"damage_healed":0,"gold_gain":275,"player_choice":"Desecrate","damage_taken":0,"max_hp_gain":0,"max_hp_loss":0,"event_name":"Golden Shrine","floor":19,"gold_loss":0,"cards_obtained":["Regret"]},{"damage_healed":0,"gold_gain":0,"player_choice":"Smashed Altar","damage_taken":0,"max_hp_gain":0,"max_hp_loss":0,"event_name":"Forgotten Altar","floor":27,"gold_loss":0,"cards_obtained":["Decay"]},{"damage_healed":0,"gold_gain":0,"player_choice":"Got Potions","damage_taken":0,"max_hp_gain":0,"max_hp_loss":0,"event_name":"Lab","floor":28,"gold_loss":0},{"damage_healed":0,"gold_gain":0,"player_choice":"Obtained Relic","damage_taken":0,"relics_obtained":["Art of War"],"max_hp_gain":0,"max_hp_loss":0,"event_name":"Addict","floor":29,"gold_loss":85}],"is_beta":false,"boss_relics":[{"not_picked":["Orrery","Pandora\u0027s Box"],"picked":"Busted Crown"}],"items_purged_floors":[20],"is_endless":false,"potions_floor_spawned":[4,6,8,14,18,22],"killed_by":"Book of Stabbing","ascension_level":3}