{"gold_per_floor":[116,116,128,143,163,191,205,220,220,280,291,18,37,112,112,210,210,229,247,9,23,34,60,60,94,94,94,94,105,105,30,30,127,127,141,161,173,190,190,190,200,200,200,226,226,226],"floor_reached":46,"playtime":3720,"items_purged":["Writhe"],"score":620,"play_id":"6e1c2abb-fdd5-468f-9986-894f8ace6c0b","local_time":"20190822163757","is_ascension_mode":true,"campfire_choices":[{"data":"Anger","floor":15.0,"key":"SMITH"},{"data":"Metallicize","floor":24,"key":"SMITH"},{"floor":27,"key":"REST"},{"floor":30,"key":"REST"},{"data":"Metallicize","floor":32,"key":"SMITH"},{"floor":40,"key":"REST"}],"neow_cost":"NONE","seed_source_timestamp":0,"circlet_count":0,"master_deck":["Strike_R","Strike_R+1","Strike_R","Strike_R","Strike_R+1","Defend_R+1","Defend_R","Defend_R+1","Defend_R","Bash+1","Shrug It Off","Iron Wave","Cleave","Perfected Strike","Metallicize+1","Infernal Blade","Pommel Strike","Fire Breathing","Anger+1","Panache","Flame Barrier+1","Metallicize+1","Immolate","Headbutt","Corruption+1","Feel No Pain","Sword Boomerang+1","Thunderclap","Immolate","Iron Wave","Rupture+1","Clash","Carnage","Warcry","Warcry+1","Dramatic Entrance","Dark Shackles","Madness","Clash"],"special_seed":0,"relics":["Burning Blood","NeowsBlessing","Thread and Needle","Shuriken","Red Skull","Busted Crown","Mercury Hourglass","War Paint","Nunchaku","Whetstone","FossilizedHelix","Orrery","Letter Opener","Regal Pillow"],"potions_floor_usage":[23,23,37,37,44,44,46],"damage_taken":[{"damage":0.0,"enemies":"Cultist","floor":1.0,"turns":1.0},{"damage":0.0,"enemies":"Small Slimes","floor":3.0,"turns":1.0},{"damage":0.0,"enemies":"2 Louse","floor":4.0,"turns":1.0},{"damage":8.0,"enemies":"Exordium Wildlife","floor":5.0,"turns":5.0},{"damage":40.0,"enemies":"Lagavulin","floor":6.0,"turns":6.0},{"damage":0.0,"enemies":"2 Fungi Beasts","floor":7.0,"turns":3.0},{"damage":3.0,"enemies":"Large Slime","floor":8.0,"turns":6.0},{"damage":12.0,"enemies":"Gremlin Nob","floor":10.0,"turns":4.0},{"damage":1.0,"enemies":"Exordium Wildlife","floor":11.0,"turns":5.0},{"damage":0.0,"enemies":"Blue Slaver","floor":13.0,"turns":4.0},{"damage":2.0,"enemies":"Hexaghost","floor":16.0,"turns":8.0},{"damage":6,"enemies":"2 Thieves","floor":18,"turns":4},{"damage":0,"enemies":"3 Byrds","floor":19,"turns":4},{"damage":17,"enemies":"Snake Plant","floor":21,"turns":3},{"damage":22,"enemies":"Centurion and Healer","floor":22,"turns":4},{"damage":18,"enemies":"Book of Stabbing","floor":23,"turns":6},{"damage":29,"enemies":"Slavers","floor":25,"turns":3},{"damage":2,"enemies":"Chosen and Byrds","floor":29,"turns":4},{"damage":5,"enemies":"Champ","floor":33,"turns":11},{"damage":2,"enemies":"Orb Walker","floor":35,"turns":3},{"damage":10,"enemies":"3 Darklings","floor":36,"turns":2},{"damage":37,"enemies":"Writhing Mass","floor":37,"turns":5},{"damage":19,"enemies":"Spire Growth","floor":38,"turns":4},{"damage":0,"enemies":"Jaw Worm Horde","floor":41,"turns":3},{"damage":43,"enemies":"Nemesis","floor":44,"turns":5},{"damage":78,"enemies":"Giant Head","floor":46,"turns":7}],"seed_played":"-286412385776726863","potions_obtained":[{"floor":3.0,"key":"SkillPotion"},{"floor":5.0,"key":"LiquidBronze"},{"floor":10.0,"key":"Energy Potion"},{"floor":13.0,"key":"Weak Potion"},{"floor":19,"key":"GamblersBrew"},{"floor":22,"key":"PowerPotion"},{"floor":33,"key":"SpeedPotion"},{"floor":35,"key":"Dexterity Potion"},{"floor":37,"key":"SpeedPotion"},{"floor":41,"key":"AttackPotion"},{"floor":44,"key":"AttackPotion"}],"is_trial":false,"path_per_floor":["M","?","M","M","M","E","M","M","T","?","M","$","M","?","R","B",null,"M","M","$","M","M","E","R","E","T","R","?","M","R","$","R","B",null,"M","M","M","M","?","R","M","?","T","E","?","E"],"character_chosen":"IRONCLAD","items_purchased":["Panache","Flame Barrier","Armaments","Mercury Hourglass"],"campfire_rested":3,"item_purchase_floors":[12,12,12,20],"current_hp_per_floor":[80,64,70,76,74,40,46,49,49,43,48,48,54,43,43,47,80,80,80,80,69,53,41,41,18,18,42,42,46,70,70,70,71,80,80,76,45,32,32,56,62,52,52,15,70,0],"gold":226,"neow_bonus":"THREE_ENEMY_KILL","is_prod":false,"is_daily":false,"chose_seed":false,"campfire_upgraded":3,"win_rate":0,"timestamp":1566517077,"path_taken":["M","?","M","M","M","E","M","M","T","?","M","$","M","?","R","BOSS","M","M","$","M","M","E","R","E","T","R","?","M","R","$","R","BOSS","M","M","M","M","?","R","M","?","T","E","?","E"],"build_version":"2019-07-17","purchased_purges":1,"victory":false,"max_hp_per_floor":[80,80,80,80,80,80,80,80,80,80,80,80,80,80,80,80,80,80,80,80,80,80,80,80,80,80,80,80,80,80,80,80,80,80,80,80,80,80,80,80,80,80,80,80,70,70],"card_choices":[{"not_picked":["Blood for Blood","Sever Soul"],"picked":"Shrug It Off","floor":1.0},{"not_picked":["Warcry","Twin Strike"],"picked":"Iron Wave","floor":3.0},{"not_picked":["Pummel","Rage"],"picked":"Cleave","floor":4.0},{"not_picked":["Shockwave","Sword Boomerang"],"picked":"Perfected Strike","floor":5.0},{"not_picked":["Sentinel","Headbutt"],"picked":"Metallicize","floor":6.0},{"not_picked":["Uppercut","Armaments"],"picked":"Infernal Blade","floor":7.0},{"not_picked":["Ghostly Armor","Anger"],"picked":"Pommel Strike","floor":8.0},{"not_picked":["Iron Wave","Demon Form"],"picked":"Fire Breathing","floor":10.0},{"not_picked":["Disarm","Burning Pact"],"picked":"Anger","floor":11.0},{"not_picked":["Pommel Strike","Body Slam"],"picked":"Metallicize","floor":13.0},{"not_picked":["Brutality","Feed"],"picked":"Immolate","floor":16.0},{"not_picked":[],"picked":"Headbutt","floor":18},{"not_picked":["Heavy Blade"],"picked":"SKIP","floor":19},{"not_picked":[],"picked":"Corruption+1","floor":21},{"not_picked":["Searing Blow+1"],"picked":"SKIP","floor":22},{"not_picked":[],"picked":"Feel No Pain","floor":23},{"not_picked":[],"picked":"Sword Boomerang+1","floor":25},{"not_picked":[],"picked":"Thunderclap","floor":29},{"not_picked":[],"picked":"Immolate","floor":33},{"not_picked":[],"picked":"Iron Wave","floor":34},{"not_picked":[],"picked":"Rupture+1","floor":34},{"not_picked":[],"picked":"Clash","floor":34},{"not_picked":[],"picked":"Carnage","floor":34},{"not_picked":[],"picked":"Warcry","floor":35},{"not_picked":["Whirlwind"],"picked":"SKIP","floor":36},{"not_picked":["Body Slam"],"picked":"SKIP","floor":37},{"not_picked":[],"picked":"Warcry+1","floor":38},{"not_picked":["Body Slam"],"picked":"SKIP","floor":41},{"not_picked":[],"picked":"Dramatic Entrance","floor":42},{"not_picked":[],"picked":"Dark Shackles","floor":42},{"not_picked":[],"picked":"Madness","floor":42},{"not_picked":[],"picked":"Clash","floor":44}],"player_experience":76208,"relics_obtained":[{"floor":6.0,"key":"Thread and Needle"},{"floor":9.0,"key":"Shuriken"},{"floor":23,"key":"War Paint"},{"floor":25,"key":"Nunchaku"},{"floor":26,"key":"Whetstone"},{"floor":43,"key":"Letter Opener"},{"floor":44,"key":"Regal Pillow"}],"event_choices":[{"damage_healed":0.0,"max_hp_gain":0.0,"max_hp_loss":0.0,"gold_gain":0.0,"event_name":"Shining Light","player_choice":"Entered Light","floor":2.0,"gold_loss":0.0,"damage_taken":16.0,"cards_upgraded":["Bash","Defend_R"]},{"damage_healed":0.0,"max_hp_gain":0.0,"max_hp_loss":0.0,"gold_gain":0.0,"event_name":"Dead Adventurer","player_choice":"Searched \u00272\u0027 times","floor":10.0,"gold_loss":0.0,"damage_taken":0.0,"relics_obtained":["Red Skull"]},{"damage_healed":0.0,"max_hp_gain":0.0,"max_hp_loss":0.0,"gold_gain":75.0,"event_name":"World of Goop","player_choice":"Gather Gold","floor":14.0,"gold_loss":0.0,"damage_taken":11.0},{"damage_healed":0,"gold_gain":0,"player_choice":"Opened","damage_taken":0,"relics_obtained":["FossilizedHelix"],"max_hp_gain":0,"max_hp_loss":0,"event_name":"The Mausoleum","floor":28,"gold_loss":0,"cards_obtained":["Writhe"]},{"cards_removed":["Armaments"],"damage_healed":0,"gold_gain":0,"player_choice":"Removed Skill","damage_taken":0,"max_hp_gain":0,"max_hp_loss":0,"event_name":"Falling","floor":39,"gold_loss":0},{"damage_healed":0,"gold_gain":0,"player_choice":"Memory 3","damage_taken":10,"max_hp_gain":0,"max_hp_loss":0,"event_name":"SensoryStone","floor":42,"gold_loss":0},{"damage_healed":70,"gold_gain":0,"player_choice":"Heal","damage_taken":0,"max_hp_gain":0,"max_hp_loss":10,"event_name":"The Moai Head","floor":45,"gold_loss":0}],"is_beta":false,"boss_relics":[{"not_picked":["Runic Cube","Ectoplasm"],"picked":"Busted Crown"},{"not_picked":["Mark of Pain","Tiny House"],"picked":"Orrery"}],"items_purged_floors":[31],"is_endless":false,"potions_floor_spawned":[3,5,10,13,19,22,33,35,37,41,44],"killed_by":"Giant Head","ascension_level":4}