{"gold_per_floor":[119,119,119,133,82,122,122,1,301,301,321,321,392,411,411,536,536,550,550,550,568,182,182,196,196],"floor_reached":25,"playtime":2203,"items_purged":[],"score":209,"play_id":"a37e16b3-d982-4daa-810d-7e3917359752","local_time":"20190824160029","is_ascension_mode":false,"campfire_choices":[{"floor":7,"key":"REST"},{"floor":15,"key":"REST"},{"floor":23,"key":"REST"}],"neow_cost":"NONE","seed_source_timestamp":811279356477900,"circlet_count":0,"master_deck":["Strike_R","Strike_R","Strike_R","Strike_R","Strike_R","Defend_R","Defend_R","Defend_R","Defend_R","Bash+1","Heavy Blade","Shrug It Off","Shrug It Off","Carnage","Inflame","Heavy Blade","Shrug It Off","Dual Wield","Demon Form","Limit Break","Perfected Strike","Cleave","Double Tap","Thunderclap","Evolve","Flex+1","Inflame","Dramatic Entrance","Spot Weakness","Pummel"],"relics":["Burning Blood","Golden Idol","Shuriken","Incense Burner","Old Coin","Tiny Chest","Orrery","MutagenicStrength","Boot"],"potions_floor_usage":[16,16],"damage_taken":[{"damage":9,"enemies":"2 Louse","floor":1,"turns":3},{"damage":0,"enemies":"Small Slimes","floor":4,"turns":3},{"damage":25,"enemies":"Gremlin Nob","floor":6,"turns":5},{"damage":0,"enemies":"Cultist","floor":11,"turns":3},{"damage":38,"enemies":"3 Sentries","floor":13,"turns":8},{"damage":3,"enemies":"Gremlin Gang","floor":14,"turns":4},{"damage":34,"enemies":"Hexaghost","floor":16,"turns":8},{"damage":29,"enemies":"Spheric Guardian","floor":18,"turns":5},{"damage":41,"enemies":"Shell Parasite","floor":21,"turns":7},{"damage":54,"enemies":"Chosen and Byrds","floor":24,"turns":6},{"damage":27,"enemies":"Sentry and Sphere","floor":25,"turns":4}],"seed_played":"-6489755453509071976","potions_obtained":[{"floor":4,"key":"FearPotion"},{"floor":11,"key":"Weak Potion"}],"is_trial":false,"path_per_floor":["M","?","?","M","$","E","R","$","T","?","M","?","E","M","R","B",null,"M","?","?","M","$","R","M","M"],"character_chosen":"IRONCLAD","items_purchased":["Shrug It Off","Inflame","Heavy Blade","Inflame","Dramatic Entrance","Boot","Spot Weakness"],"campfire_rested":3,"item_purchase_floors":[5,8,8,22,22,22,22],"current_hp_per_floor":[77,57,50,56,56,37,61,61,61,66,72,72,40,43,68,40,85,62,62,85,50,50,75,27,0],"gold":196,"neow_bonus":"UPGRADE_CARD","is_prod":false,"is_daily":false,"chose_seed":false,"campfire_upgraded":0,"win_rate":0,"timestamp":1566687629,"path_taken":["M","?","?","M","$","E","R","$","T","?","M","?","E","M","R","BOSS","M","?","?","?","$","R","M","M"],"build_version":"2019-07-17","purchased_purges":0,"victory":false,"max_hp_per_floor":[80,80,80,80,80,80,80,80,80,85,85,85,85,85,85,85,85,85,85,85,85,85,85,85,85],"card_choices":[{"not_picked":["Armaments","Thunderclap"],"picked":"Heavy Blade","floor":1},{"not_picked":["Pommel Strike","Iron Wave"],"picked":"Shrug It Off","floor":4},{"not_picked":["Anger","Twin Strike"],"picked":"Carnage","floor":6},{"not_picked":["Feel No Pain","Wild Strike"],"picked":"Shrug It Off","floor":11},{"not_picked":["Carnage","Cleave"],"picked":"Dual Wield","floor":13},{"not_picked":["Armaments","Sever Soul"],"picked":"Demon Form","floor":14},{"not_picked":["Double Tap","Offering"],"picked":"Limit Break","floor":16},{"not_picked":["Sword Boomerang","Headbutt"],"picked":"Perfected Strike","floor":17},{"not_picked":["Pummel","Warcry"],"picked":"Cleave","floor":17},{"not_picked":["Cleave","Battle Trance"],"picked":"Double Tap","floor":17},{"not_picked":["Hemokinesis","Headbutt"],"picked":"Thunderclap","floor":17},{"not_picked":["Wild Strike","Anger"],"picked":"Evolve","floor":17},{"not_picked":["Body Slam+1","Burning Pact","Sword Boomerang"],"picked":"SKIP","floor":18},{"not_picked":["Wild Strike","Searing Blow"],"picked":"Flex+1","floor":21},{"not_picked":["Body Slam","Dropkick"],"picked":"Pummel","floor":24}],"player_experience":62053,"relics_obtained":[{"floor":6,"key":"Incense Burner"},{"floor":9,"key":"Old Coin"},{"floor":13,"key":"Tiny Chest"}],"event_choices":[{"damage_healed":0,"gold_gain":0,"player_choice":"Take Damage","damage_taken":20,"relics_obtained":["Golden Idol"],"max_hp_gain":0,"max_hp_loss":0,"event_name":"Golden Idol","floor":2,"gold_loss":0},{"damage_healed":0,"gold_gain":0,"player_choice":"Success","damage_taken":7,"relics_obtained":["Shuriken"],"max_hp_gain":0,"max_hp_loss":0,"event_name":"Scrap Ooze","floor":3,"gold_loss":0},{"damage_healed":0,"gold_gain":0,"player_choice":"Donut","damage_taken":0,"max_hp_gain":5,"max_hp_loss":0,"event_name":"Big Fish","floor":10,"gold_loss":0},{"damage_healed":0,"gold_gain":0,"player_choice":"Ignored","damage_taken":0,"max_hp_gain":0,"max_hp_loss":0,"event_name":"Liars Game","floor":12,"gold_loss":0},{"damage_healed":0,"gold_gain":0,"player_choice":"Inject Mutagens","damage_taken":0,"relics_obtained":["MutagenicStrength"],"max_hp_gain":0,"max_hp_loss":0,"event_name":"Drug Dealer","floor":19,"gold_loss":0},{"damage_healed":23,"gold_gain":0,"player_choice":"Full Heal","damage_taken":0,"max_hp_gain":0,"max_hp_loss":0,"event_name":"Wheel of Change","floor":20,"gold_loss":0}],"is_beta":false,"boss_relics":[{"not_picked":["White Beast Statue","Astrolabe"],"picked":"Orrery"}],"items_purged_floors":[],"is_endless":false,"potions_floor_spawned":[4,11],"killed_by":"Sentry and Sphere","ascension_level":0}