{"gold_per_floor":[118,137,137,137,87,87,10,10,10,10,23,23,62,83,83,211,211,226,247,267,291,304,304,304],"floor_reached":24,"playtime":860,"items_purged":[],"score":208,"play_id":"02b86e21-4249-4c73-aa54-49ec195fb20f","local_time":"20190828065720","is_ascension_mode":true,"campfire_choices":[{"data":"Dualcast","floor":6,"key":"SMITH"},{"data":"Defragment","floor":8,"key":"SMITH"},{"floor":10,"key":"REST"},{"floor":15,"key":"REST"},{"floor":23,"key":"REST"}],"neow_cost":"NONE","seed_source_timestamp":986376821988740,"circlet_count":0,"master_deck":["Strike_B","Strike_B+1","Strike_B","Defend_B","Defend_B","Defend_B","Defend_B","Zap+1","Dualcast+1","Defragment+1","Self Repair+1","Electrodynamics+1"],"relics":["Cracked Core","Golden Idol","Lantern","Frozen Egg 2","Gremlin Horn","Black Star"],"potions_floor_usage":[16,18,19],"damage_taken":[{"damage":0,"enemies":"Small Slimes","floor":1,"turns":4},{"damage":3,"enemies":"Jaw Worm","floor":2,"turns":4},{"damage":2,"enemies":"2 Louse","floor":11,"turns":2},{"damage":32,"enemies":"Gremlin Nob","floor":13,"turns":4},{"damage":0,"enemies":"Large Slime","floor":14,"turns":3},{"damage":51,"enemies":"Hexaghost","floor":16,"turns":10},{"damage":10,"enemies":"2 Thieves","floor":18,"turns":3},{"damage":0,"enemies":"3 Byrds","floor":19,"turns":2},{"damage":33,"enemies":"Centurion and Healer","floor":20,"turns":5},{"damage":16,"enemies":"Snake Plant","floor":21,"turns":3},{"damage":28,"enemies":"Shelled Parasite and Fungi","floor":22,"turns":6},{"damage":63,"enemies":"Book of Stabbing","floor":24,"turns":5}],"seed_played":"5348808701381404891","potions_obtained":[{"floor":11,"key":"Weak Potion"},{"floor":16,"key":"Fire Potion"},{"floor":18,"key":"Fire Potion"}],"is_trial":false,"path_per_floor":["M","M","?","?","?","R","$","R","T","R","M","?","E","M","R","B",null,"M","M","M","M","M","R","E"],"character_chosen":"DEFECT","items_purchased":["Defragment"],"campfire_rested":3,"item_purchase_floors":[7],"current_hp_per_floor":[82,79,59,43,43,43,43,43,43,67,65,62,30,40,64,23,82,82,82,59,53,35,59,0],"gold":304,"neow_bonus":"TEN_PERCENT_HP_BONUS","is_prod":false,"is_daily":false,"chose_seed":false,"campfire_upgraded":2,"win_rate":0,"timestamp":1566943040,"path_taken":["M","M","?","?","?","R","?","R","T","R","M","?","E","M","R","BOSS","M","M","M","M","M","R","E"],"build_version":"2019-07-05","purchased_purges":0,"victory":false,"max_hp_per_floor":[82,82,82,82,82,82,82,82,82,82,82,82,82,82,82,82,82,82,82,82,82,82,82,82],"card_choices":[{"not_picked":["Rebound","Leap","Coolheaded"],"picked":"SKIP","floor":1},{"not_picked":["Cold Snap","Turbo","Steam"],"picked":"SKIP","floor":2},{"not_picked":["Sweeping Beam","Beam Cell","Stack"],"picked":"SKIP","floor":11},{"not_picked":["Redo","Undo"],"picked":"Self Repair+1","floor":13},{"not_picked":["Compile Driver","Rip and Tear","Coolheaded"],"picked":"SKIP","floor":14},{"not_picked":["Creative AI+1","Thunder Strike"],"picked":"Electrodynamics+1","floor":16},{"not_picked":["Glacier","FTL","Streamline+1"],"picked":"SKIP","floor":18},{"not_picked":["Leap","Hologram","Auto Shields"],"picked":"SKIP","floor":19},{"not_picked":["Aggregate+1","FTL+1","Coolheaded"],"picked":"SKIP","floor":20},{"not_picked":["Coolheaded","Compile Driver","Rebound+1"],"picked":"SKIP","floor":21},{"not_picked":["Sweeping Beam","Turbo","Gash"],"picked":"SKIP","floor":22}],"player_experience":619308,"relics_obtained":[{"floor":9,"key":"Lantern"},{"floor":13,"key":"Gremlin Horn"}],"event_choices":[{"damage_healed":0,"gold_gain":0,"player_choice":"Take Damage","damage_taken":20,"relics_obtained":["Golden Idol"],"max_hp_gain":0,"max_hp_loss":0,"event_name":"Golden Idol","floor":3,"gold_loss":0},{"damage_healed":0,"gold_gain":0,"player_choice":"Entered Light","damage_taken":16,"max_hp_gain":0,"max_hp_loss":0,"event_name":"Shining Light","floor":4,"gold_loss":0,"cards_upgraded":["Zap","Strike_B"]},{"cards_removed":["Strike_B"],"damage_healed":0,"gold_gain":0,"player_choice":"Card Removal","damage_taken":0,"max_hp_gain":0,"max_hp_loss":0,"event_name":"The Cleric","floor":5,"gold_loss":50},{"damage_healed":0,"gold_gain":0,"player_choice":"Success","damage_taken":3,"relics_obtained":["Frozen Egg 2"],"max_hp_gain":0,"max_hp_loss":0,"event_name":"Scrap Ooze","floor":12,"gold_loss":0}],"is_beta":false,"boss_relics":[{"not_picked":["Coffee Dripper","Orrery"],"picked":"Black Star"}],"items_purged_floors":[],"is_endless":false,"potions_floor_spawned":[11,16,18],"killed_by":"Book of Stabbing","ascension_level":1}