{"gold_per_floor":[113,126,146,146,156,190,204,204,204,204,204,224,224,262,262,262],"floor_reached":16,"playtime":874,"items_purged":[],"score":185,"play_id":"fb43d127-17cf-4a82-9c90-a75bb6953c27","local_time":"20190827150245","is_ascension_mode":true,"campfire_choices":[{"floor":8,"key":"REST"},{"data":"Body Slam","floor":13,"key":"SMITH"},{"data":"Entrench","floor":15,"key":"SMITH"}],"neow_cost":"NONE","seed_source_timestamp":667007904387700,"circlet_count":0,"master_deck":["AscendersBane","Strike_R","Strike_R","Strike_R","Strike_R","Strike_R","Defend_R","Defend_R","Defend_R","Defend_R","Bash","Power Through","Body Slam","Clothesline","Headbutt","Body Slam+1","Armaments","Entrench+1","Spot Weakness"],"relics":["Burning Blood","Oddly Smooth Stone","Mercury Hourglass","WingedGreaves","Letter Opener","Golden Idol","The Courier"],"potions_floor_usage":[16],"damage_taken":[{"damage":6,"enemies":"Cultist","floor":1,"turns":5},{"damage":0,"enemies":"Jaw Worm","floor":2,"turns":4},{"damage":0,"enemies":"2 Louse","floor":3,"turns":2},{"damage":2,"enemies":"Looter","floor":5,"turns":3},{"damage":49,"enemies":"Lagavulin","floor":6,"turns":7},{"damage":18,"enemies":"2 Fungi Beasts","floor":7,"turns":3},{"damage":2,"enemies":"Large Slime","floor":12,"turns":5},{"damage":15,"enemies":"Gremlin Nob","floor":14,"turns":4},{"damage":46,"enemies":"The Guardian","floor":16,"turns":11}],"seed_played":"1921391050170701156","potions_obtained":[{"floor":3,"key":"SpeedPotion"},{"floor":7,"key":"Weak Potion"},{"floor":14,"key":"Strength Potion"}],"is_trial":false,"path_per_floor":["M","M","M","?","M","E","M","R","T","?","?","M","R","E","R","B"],"character_chosen":"IRONCLAD","items_purchased":[],"campfire_rested":1,"item_purchase_floors":[],"current_hp_per_floor":[72,78,80,80,80,37,25,49,49,49,49,53,53,44,44,0],"gold":262,"neow_bonus":"RANDOM_COMMON_RELIC","is_prod":false,"is_daily":false,"chose_seed":false,"campfire_upgraded":2,"win_rate":0,"timestamp":1566943365,"path_taken":["M","M","M","?","M","E","M","R","T","?","?","M","R","E","R","BOSS"],"build_version":"2019-07-17","purchased_purges":0,"victory":false,"max_hp_per_floor":[80,80,80,80,80,80,80,80,80,80,74,74,74,74,74,74],"card_choices":[{"not_picked":["Cleave","Armaments"],"picked":"Power Through","floor":1},{"not_picked":["Heavy Blade","Fire Breathing"],"picked":"Body Slam","floor":2},{"not_picked":["Spot Weakness","Pommel Strike"],"picked":"Clothesline","floor":3},{"not_picked":["Clash","Perfected Strike"],"picked":"Headbutt","floor":5},{"not_picked":["Armaments","Double Tap"],"picked":"Body Slam","floor":6},{"not_picked":["Inflame","Wild Strike"],"picked":"Armaments","floor":7},{"not_picked":["Wild Strike","Warcry"],"picked":"Entrench","floor":12},{"not_picked":["Armaments","Cleave"],"picked":"Spot Weakness","floor":14}],"player_experience":230828,"relics_obtained":[{"floor":6,"key":"WingedGreaves"},{"floor":9,"key":"Letter Opener"},{"floor":14,"key":"The Courier"}],"event_choices":[{"damage_healed":0,"gold_gain":0,"player_choice":"Box","damage_taken":0,"relics_obtained":["Mercury Hourglass"],"max_hp_gain":0,"max_hp_loss":0,"event_name":"Big Fish","floor":4,"gold_loss":0,"cards_obtained":["Regret"]},{"cards_removed":["Regret"],"damage_healed":0,"gold_gain":0,"player_choice":"Forget","damage_taken":0,"max_hp_gain":0,"max_hp_loss":0,"event_name":"Living Wall","floor":10,"gold_loss":0},{"damage_healed":0,"gold_gain":0,"player_choice":"Lose Max HP","damage_taken":0,"relics_obtained":["Golden Idol"],"max_hp_gain":0,"max_hp_loss":6,"event_name":"Golden Idol","floor":11,"gold_loss":0}],"is_beta":false,"boss_relics":[],"items_purged_floors":[],"is_endless":false,"potions_floor_spawned":[3,7,14],"killed_by":"The Guardian","ascension_level":13}