{"gold_per_floor":[112,112,125,125,140,140,172,182,182,29,48,61,61,61,61,162,162,177,177,190,201,214,214,214,245,245,245,260,260,180,197,197,197],"floor_reached":33,"playtime":2958,"items_purged":[],"score":269,"play_id":"ded68a88-9abe-441f-913f-255e0444df18","local_time":"20190820211520","is_ascension_mode":false,"campfire_choices":[{"data":"Backstab","floor":6,"key":"SMITH"},{"data":"Flying Knee","floor":13,"key":"SMITH"},{"floor":15,"key":"REST"},{"floor":23,"key":"REST"},{"floor":29,"key":"REST"},{"data":"Infinite Blades","floor":32,"key":"SMITH"}],"neow_cost":"NONE","seed_source_timestamp":483816629619300,"circlet_count":0,"master_deck":["Strike_G+1","Strike_G+1","Strike_G+1","Strike_G+1","Defend_G+1","Defend_G+1","Defend_G+1","Defend_G+1","Defend_G+1","Survivor","Neutralize","Endless Agony","Backstab+1","Iron Wave","Underhanded Strike","Tools of the Trade","Flying Knee+1","Blur","Blade Dance","Envenom","Dodge and Roll","Crippling Poison+1","Terror+1","Sucker Punch+1","Unload","Neutralize","Regret","Dash","Infinite Blades+1","Backflip"],"relics":["Ring of the Snake","Boot","Anchor","Happy Flower","Philosopher\u0027s Stone","Nloth\u0027s Gift","Blood Vial","Mummified Hand"],"potions_floor_usage":[7,16,16],"damage_taken":[{"damage":0,"enemies":"2 Louse","floor":1,"turns":3},{"damage":1,"enemies":"Cultist","floor":3,"turns":4},{"damage":0,"enemies":"Jaw Worm","floor":5,"turns":3},{"damage":11,"enemies":"Gremlin Nob","floor":7,"turns":4},{"damage":0,"enemies":"Red Slaver","floor":8,"turns":2},{"damage":0,"enemies":"Looter","floor":11,"turns":2},{"damage":0,"enemies":"Exordium Wildlife","floor":12,"turns":6},{"damage":32,"enemies":"Slime Boss","floor":16,"turns":12},{"damage":19,"enemies":"Spheric Guardian","floor":18,"turns":5},{"damage":0,"enemies":"Shell Parasite","floor":20,"turns":6},{"damage":19,"enemies":"Centurion and Healer","floor":21,"turns":5},{"damage":4,"enemies":"3 Cultists","floor":22,"turns":5},{"damage":16,"enemies":"Slavers","floor":25,"turns":6},{"damage":3,"enemies":"Cultist and Chosen","floor":28,"turns":5},{"damage":0,"enemies":"Chosen and Byrds","floor":31,"turns":6},{"damage":69,"enemies":"Automaton","floor":33,"turns":12}],"seed_played":"5517411453755207257","potions_obtained":[{"floor":1,"key":"Fire Potion"},{"floor":2,"key":"Energy Potion"},{"floor":2,"key":"EntropicBrew"},{"floor":5,"key":"LiquidBronze"},{"floor":8,"key":"Regen Potion"},{"floor":20,"key":"SteroidPotion"},{"floor":22,"key":"Regen Potion"}],"is_trial":false,"path_per_floor":["M","?","M","?","M","R","E","M","T","$","M","M","R","?","R","B",null,"M","?","M","M","M","R","?","E","T","?","M","R","$","M","R","B"],"character_chosen":"THE_SILENT","items_purchased":["Happy Flower","Infinite Blades"],"campfire_rested":3,"item_purchase_floors":[10,30],"current_hp_per_floor":[77,77,76,76,76,76,65,65,65,65,65,65,65,47,70,43,77,58,58,58,39,35,58,58,42,42,42,41,64,64,66,66,0],"gold":197,"neow_bonus":"TEN_PERCENT_HP_BONUS","is_prod":false,"is_daily":false,"chose_seed":false,"campfire_upgraded":3,"win_rate":0.0,"timestamp":1566360920,"path_taken":["M","?","?","?","?","R","E","M","T","$","M","M","R","?","R","BOSS","M","?","?","?","M","R","?","E","T","?","M","R","$","M","R","BOSS"],"build_version":"2019-07-17","purchased_purges":0,"victory":false,"max_hp_per_floor":[77,77,77,77,77,77,77,77,77,77,77,77,77,77,77,77,77,77,77,77,77,77,77,77,77,77,77,77,77,77,77,77,77],"card_choices":[{"not_picked":["Heel Hook","Quick Slash"],"picked":"Endless Agony","floor":1},{"not_picked":["Slice","Escape Plan"],"picked":"Backstab","floor":3},{"not_picked":["Eviscerate","Calculated Gamble"],"picked":"Underhanded Strike","floor":5},{"not_picked":["Slice","Dagger Throw"],"picked":"Tools of the Trade","floor":7},{"not_picked":["Acrobatics","Masterful Stab"],"picked":"Flying Knee","floor":8},{"not_picked":["PiercingWail","Deadly Poison"],"picked":"Blur","floor":11},{"not_picked":["Calculated Gamble","Reflex"],"picked":"Blade Dance","floor":12},{"not_picked":["Glass Knife","After Image"],"picked":"Envenom","floor":16},{"not_picked":["Underhanded Strike","Prepared"],"picked":"Dodge and Roll","floor":18},{"not_picked":["Deadly Poison","Heel Hook+1"],"picked":"Crippling Poison+1","floor":20},{"not_picked":["Underhanded Strike","Quick Slash"],"picked":"Terror+1","floor":21},{"not_picked":["Deflect","Malaise"],"picked":"Sucker Punch+1","floor":22},{"not_picked":["Tools of the Trade","Deflect"],"picked":"Unload","floor":25},{"not_picked":["Sucker Punch","Expertise"],"picked":"Dash","floor":28},{"not_picked":["PiercingWail","Leg Sweep"],"picked":"Backflip","floor":31}],"player_experience":4639,"relics_obtained":[{"floor":7,"key":"Boot"},{"floor":9,"key":"Anchor"},{"floor":25,"key":"Blood Vial"},{"floor":26,"key":"Mummified Hand"}],"event_choices":[{"damage_healed":0,"gold_gain":0,"player_choice":"Got Potions","damage_taken":0,"max_hp_gain":0,"max_hp_loss":0,"event_name":"Lab","floor":2,"gold_loss":0},{"cards_removed":["Strike_G"],"damage_healed":0,"gold_gain":0,"player_choice":"Took Card","damage_taken":0,"max_hp_gain":0,"max_hp_loss":0,"event_name":"NoteForYourself","floor":4,"gold_loss":0,"cards_obtained":["Iron Wave"]},{"damage_healed":0,"gold_gain":0,"player_choice":"Success","damage_taken":18,"relics_obtained":["Gremlin Horn"],"max_hp_gain":0,"max_hp_loss":0,"event_name":"Scrap Ooze","floor":14,"gold_loss":0},{"damage_healed":0,"gold_gain":0,"player_choice":"Traded Relic","damage_taken":0,"relics_obtained":["Nloth\u0027s Gift"],"max_hp_gain":0,"max_hp_loss":0,"event_name":"N\u0027loth","floor":19,"relics_lost":["Gremlin Horn"],"gold_loss":0},{"damage_healed":0,"gold_gain":0,"player_choice":"Simplicity","damage_taken":0,"max_hp_gain":0,"max_hp_loss":0,"event_name":"Back to Basics","floor":24,"gold_loss":0,"cards_upgraded":["Strike_G","Strike_G","Strike_G","Strike_G","Defend_G","Defend_G","Defend_G","Defend_G","Defend_G"]},{"damage_healed":0,"gold_gain":0,"player_choice":"2 cards matched","damage_taken":0,"max_hp_gain":0,"max_hp_loss":0,"event_name":"Match and Keep!","floor":27,"gold_loss":0,"cards_obtained":["Neutralize","Regret"]},{"damage_healed":0,"gold_gain":0,"player_choice":"2 cards matched","damage_taken":0,"max_hp_gain":0,"max_hp_loss":0,"event_name":"Match and Keep!","floor":27,"gold_loss":0,"cards_obtained":["Neutralize","Regret"]}],"is_beta":false,"boss_relics":[{"not_picked":["Coffee Dripper","Busted Crown"],"picked":"Philosopher\u0027s Stone"}],"items_purged_floors":[],"is_endless":false,"potions_floor_spawned":[1,5,8,20,22],"killed_by":"Automaton","ascension_level":0}