{"path_per_floor":["M","?","M","?","M","?","?","R","T","$","M","E","R","M","R","B",null,"M","M","?","M"],"character_chosen":"THE_SILENT","items_purchased":["Apotheosis","Crippling Poison","Snake Skull"],"gold_per_floor":[119,119,132,132,148,223,398,398,421,47,57,89,89,106,106,206,206,218,229,229,246],"floor_reached":22,"campfire_rested":3,"playtime":1260,"current_hp_per_floor":[66,52,52,52,52,41,41,62,62,62,49,23,44,44,65,52,70,54,42,42,25],"items_purged":[],"gold":246,"score":212,"play_id":"0c39b6d1-e1bc-4ba3-ae26-b75d05a7060f","is_prod":false,"is_daily":false,"is_ascension_mode":false,"campfire_upgraded":0,"path_taken":["M","?","M","?","?","?","?","R","T","$","M","E","R","M","R","BOSS","M","M","?","M","M"],"build_version":"2018-02-08-PROD1","purchased_purges":0,"victory":false,"master_deck":["Defend_G","Defend_G","Defend_G","Defend_G+1","Strike_G","Strike_G","Strike_G","Strike_G","Strike_G","Survivor+1","Neutralize","Quick Slash","Quick Slash","Crippling Poison","Doubt","Apotheosis","Crippling Poison","Quick Slash","Sucker Punch","Outmaneuver","Choke","Eviscerate","Wraith Form","Quick Slash","Bouncing Flask+1","Writhe","Noxious Fumes"],"max_hp_per_floor":[70,70,70,70,70,70,70,70,70,70,70,70,70,70,70,70,70,70,70,70,70],"relics":["Snecko Eye","Dream Catcher","Snake Skull","Tough Bandages","The Specimen","Lantern"],"card_choices":[{"not_picked":["Slice","Sucker Punch"],"picked":"Quick Slash"},{"not_picked":["Underhanded Strike","Outmaneuver"],"picked":"Quick Slash"},{"not_picked":["Reflex","Dagger Spray"],"picked":"Crippling Poison"},{"not_picked":["Slice","Cloak And Dagger"],"picked":"Quick Slash"},{"not_picked":["Die Die Die","Slice"],"picked":"Sucker Punch"},{"not_picked":["Dodge and Roll","Backflip"],"picked":"Outmaneuver"},{"not_picked":["Flechettes","Well Laid Plans"],"picked":"Choke"},{"not_picked":["Finisher","Underhanded Strike"],"picked":"Eviscerate"},{"not_picked":["Bullet Time","Night Terror"],"picked":"Wraith Form"},{"not_picked":["Slice","Distraction"],"picked":"Quick Slash"},{"not_picked":["Flying Knee","Choke"],"picked":"Bouncing Flask"},{"not_picked":["Poisoned Stab","Backflip"],"picked":"Noxious Fumes"}],"player_experience":73869,"potions_floor_usage":[16,19,21,22],"damage_taken":[{"damage":4,"enemies":"Cultist","floor":1,"turns":6},{"damage":0,"enemies":"2 Louse","floor":3,"turns":3},{"damage":0,"enemies":"Jaw Worm","floor":5,"turns":3},{"damage":13,"enemies":"Large Slime","floor":11,"turns":5},{"damage":26,"enemies":"Gremlin Nob","floor":12,"turns":5},{"damage":0,"enemies":"Gremlin Gang","floor":14,"turns":4},{"damage":13,"enemies":"Slime Boss","floor":16,"turns":10},{"damage":16,"enemies":"Chosen","floor":18,"turns":5},{"damage":12,"enemies":"2 Thieves","floor":19,"turns":3},{"damage":17,"enemies":"Centurion and Healer","floor":21,"turns":5},{"damage":25,"enemies":"Sentry and Sphere","floor":22,"turns":3}],"event_choices":[{"event_name":"Shining Light","player_choice":"Entered Light","floor":2,"damage_taken":0},{"event_name":"Purifier","player_choice":"One Purge","floor":4,"damage_taken":0},{"event_name":"World of Goop","player_choice":"Gather Gold","floor":6,"damage_taken":0},{"event_name":"Liars Game","player_choice":"agreed","floor":7,"damage_taken":0},{"event_name":"The Mausoleum","player_choice":"Yes","floor":20,"damage_taken":0}],"boss_relics":[{"not_picked":["Calling Bell","Lizard Tail"],"picked":"The Specimen"}],"potions_floor_spawned":[3,14,16,19,21],"seed_played":"-86666921726812988","killed_by":"Sentry and Sphere","ascension_level":0,"is_trial":false}