{"gold_per_floor":[111,129,148,148,148,174,185,32,32,15,15,48,78],"floor_reached":13,"playtime":1719,"items_purged":["Defend_B"],"score":95,"play_id":"4f002530-9209-48f1-a709-a069640d1ae0","local_time":"20190713190530","is_ascension_mode":false,"campfire_choices":[{"floor":11,"key":"REST"}],"neow_cost":"NONE","seed_source_timestamp":150020897378429,"circlet_count":0,"master_deck":["Strike_B","Strike_B","Strike_B","Defend_B","Defend_B","Defend_B","Zap","Dualcast+1","Capacitor","Conserve Battery","Fusion","Genetic Algorithm","Defragment","Reinforced Body"],"relics":["Nuclear Battery","Mummified Hand","Ornamental Fan"],"potions_floor_usage":[6,12,12],"damage_taken":[{"damage":1,"enemies":"Cultist","floor":1,"turns":4},{"damage":0,"enemies":"Small Slimes","floor":2,"turns":4},{"damage":4,"enemies":"Jaw Worm","floor":3,"turns":4},{"damage":28,"enemies":"Lagavulin","floor":6,"turns":9},{"damage":7,"enemies":"Looter","floor":7,"turns":5},{"damage":25,"enemies":"Exordium Thugs","floor":10,"turns":5},{"damage":7,"enemies":"3 Sentries","floor":12,"turns":10},{"damage":29,"enemies":"Lagavulin Event","floor":13,"turns":6}],"seed_played":"6461471242947656144","potions_obtained":[{"floor":1,"key":"FearPotion"},{"floor":3,"key":"Poison Potion"},{"floor":10,"key":"FearPotion"}],"is_trial":false,"path_per_floor":["M","M","M","?","?","E","M","$","T","M","R","E","?"],"character_chosen":"DEFECT","items_purchased":["Defragment"],"campfire_rested":1,"item_purchase_floors":[8],"current_hp_per_floor":[74,74,70,63,63,35,28,28,28,3,25,18,0],"gold":78,"neow_bonus":"BOSS_RELIC","is_prod":false,"is_daily":false,"chose_seed":false,"campfire_upgraded":0,"win_rate":0,"timestamp":1563012330,"path_taken":["M","?","M","?","?","E","M","$","T","?","R","E","?"],"build_version":"2019-07-05","purchased_purges":1,"victory":false,"max_hp_per_floor":[75,75,75,75,75,75,75,75,75,75,75,75,75],"card_choices":[{"not_picked":["Redo","Conserve Battery"],"picked":"Capacitor","floor":1},{"not_picked":["Compile Driver","Coolheaded","Turbo"],"picked":"SKIP","floor":2},{"not_picked":["Ball Lightning","Rebound"],"picked":"Conserve Battery","floor":3},{"not_picked":["Lockon","Cold Snap"],"picked":"Fusion","floor":6},{"not_picked":["Stack","Chaos"],"picked":"Genetic Algorithm","floor":7},{"not_picked":["Gash","Glacier"],"picked":"Reinforced Body","floor":10},{"not_picked":["Cold Snap","Sunder","Rip and Tear"],"picked":"SKIP","floor":12}],"player_experience":212848,"relics_obtained":[{"floor":6,"key":"Mummified Hand"},{"floor":12,"key":"Ornamental Fan"}],"event_choices":[{"cards_removed":["Strike_B"],"damage_healed":0,"gold_gain":0,"player_choice":"Card Removal","damage_taken":7,"max_hp_gain":0,"max_hp_loss":0,"event_name":"Golden Wing","floor":4,"gold_loss":0},{"damage_healed":0,"gold_gain":0,"player_choice":"Upgraded","damage_taken":0,"max_hp_gain":0,"max_hp_loss":0,"event_name":"Upgrade Shrine","floor":5,"gold_loss":0,"cards_upgraded":["Dualcast"]},{"damage_healed":0,"gold_gain":30,"player_choice":"Searched \u00272\u0027 times","damage_taken":0,"max_hp_gain":0,"max_hp_loss":0,"event_name":"Dead Adventurer","floor":13,"gold_loss":0}],"is_beta":false,"boss_relics":[],"items_purged_floors":[8],"is_endless":false,"potions_floor_spawned":[1,3,10],"killed_by":"Lagavulin Event","ascension_level":0}