{"gold_per_floor":[119,194,194,210,27,27,56,76,158,48,66,66,85,0,0,71,71,90,90,100,124,124,151,43,43,66,66],"floor_reached":27,"playtime":1669,"items_purged":[],"score":447,"play_id":"ee2df2be-79c9-4f6a-8aaf-385a1b1124de","local_time":"20190802201620","is_ascension_mode":true,"campfire_choices":[{"floor":6.0,"key":"REST"},{"data":"Defragment","floor":12.0,"key":"SMITH"},{"floor":15.0,"key":"REST"},{"floor":25.0,"key":"REST"}],"neow_cost":"NONE","seed_source_timestamp":8838413729119,"circlet_count":0,"master_deck":["AscendersBane","Strike_B+1","Strike_B+1","Strike_B+1","Strike_B+1","Defend_B+1","Defend_B+1","Defend_B+1","Defend_B+1","Zap","Dualcast","Chill","Glacier","Rip and Tear","White Noise","Tempest","Defragment+1","Cold Snap","Lockon","Stack","Stack","Hologram","Core Surge","Storm","Chaos","Creative AI","Heatsinks","Good Instincts"],"special_seed":0,"relics":["Cracked Core","Bronze Scales","Tiny Chest","Lantern","Ornamental Fan","Inserter","Orichalcum","Nunchaku","Dream Catcher"],"potions_floor_usage":[27],"damage_taken":[{"damage":1.0,"enemies":"Cultist","floor":1.0,"turns":3.0},{"damage":1.0,"enemies":"Small Slimes","floor":4.0,"turns":3.0},{"damage":24.0,"enemies":"Gremlin Nob","floor":7.0,"turns":4.0},{"damage":7.0,"enemies":"Jaw Worm","floor":8.0,"turns":3.0},{"damage":0.0,"enemies":"Blue Slaver","floor":11.0,"turns":2.0},{"damage":0.0,"enemies":"Exordium Wildlife","floor":13.0,"turns":3.0},{"damage":38.0,"enemies":"Hexaghost","floor":16.0,"turns":9.0},{"damage":0.0,"enemies":"Chosen","floor":18.0,"turns":3.0},{"damage":3.0,"enemies":"Spheric Guardian","floor":20.0,"turns":5.0},{"damage":33.0,"enemies":"Slavers","floor":23.0,"turns":5.0},{"damage":57,"enemies":"Book of Stabbing","floor":27,"turns":4}],"seed_played":"5656208889768991291","potions_obtained":[{"floor":8.0,"key":"SmokeBomb"},{"floor":13.0,"key":"Swift Potion"},{"floor":16.0,"key":"Dexterity Potion"},{"floor":20.0,"key":"Weak Potion"}],"is_trial":false,"path_per_floor":["M","?","?","M","$","R","E","M","T","$","M","R","M","$","R","B",null,"M","?","M","T","?","E","$","R","T","E"],"character_chosen":"DEFECT","items_purchased":["Tiny Chest","Rip and Tear","Defragment","Cold Snap","Stack","Hologram","Good Instincts"],"campfire_rested":3,"item_purchase_floors":[5,5,10,10,14,14,24],"current_hp_per_floor":[70,59,41,40,40,63,39,32,32,32,32,32,32,32,55,17,63,63,63,60,60,60,27,27,50,50,0],"gold":66,"neow_bonus":"TEN_PERCENT_HP_BONUS","is_prod":false,"is_daily":false,"chose_seed":false,"campfire_upgraded":1,"win_rate":0,"timestamp":1564791380,"path_taken":["M","?","?","M","$","R","E","M","T","$","M","R","M","?","R","BOSS","M","?","M","?","?","E","$","R","T","E"],"build_version":"2019-07-17","purchased_purges":0,"victory":false,"max_hp_per_floor":[78,78,78,78,78,78,78,78,78,78,78,78,78,78,78,78,78,78,78,78,78,78,78,78,78,78,78],"card_choices":[{"not_picked":["Redo","Hologram"],"picked":"Chill","floor":1.0},{"not_picked":["Redo","Melter"],"picked":"Glacier","floor":4.0},{"not_picked":["Leap","Barrage"],"picked":"White Noise","floor":7.0},{"not_picked":["Rebound","Redo"],"picked":"Tempest","floor":8.0},{"not_picked":["Darkness","Melter"],"picked":"Lockon","floor":11.0},{"not_picked":["Cold Snap","Fusion"],"picked":"Stack","floor":13.0},{"not_picked":["Multi-Cast","Meteor Strike"],"picked":"Core Surge","floor":16.0},{"not_picked":["Rebound","Conserve Battery"],"picked":"Storm","floor":18.0},{"not_picked":["Stack","Scrape"],"picked":"Chaos","floor":20.0},{"not_picked":["Barrage","Leap"],"picked":"Heatsinks","floor":23.0}],"player_experience":331633,"relics_obtained":[{"floor":7.0,"key":"Lantern"},{"floor":9.0,"key":"Ornamental Fan"},{"floor":21.0,"key":"Orichalcum"},{"floor":23.0,"key":"Nunchaku"},{"floor":26.0,"key":"Dream Catcher"}],"event_choices":[{"damage_healed":0.0,"max_hp_gain":0.0,"max_hp_loss":0.0,"gold_gain":75.0,"event_name":"World of Goop","player_choice":"Gather Gold","floor":2.0,"gold_loss":0.0,"damage_taken":11.0},{"damage_healed":0.0,"max_hp_gain":0.0,"max_hp_loss":0.0,"gold_gain":0.0,"event_name":"Scrap Ooze","player_choice":"Success","floor":3.0,"gold_loss":0.0,"damage_taken":18.0,"relics_obtained":["Bronze Scales"]},{"damage_healed":0.0,"max_hp_gain":0.0,"max_hp_loss":0.0,"gold_gain":0.0,"event_name":"Back to Basics","player_choice":"Simplicity","floor":19.0,"gold_loss":0.0,"damage_taken":0.0,"cards_upgraded":["Strike_B","Strike_B","Strike_B","Strike_B","Defend_B","Defend_B","Defend_B","Defend_B"]},{"damage_healed":0.0,"max_hp_gain":0.0,"max_hp_loss":0.0,"gold_gain":0.0,"event_name":"The Library","player_choice":"Read","floor":22.0,"gold_loss":0.0,"damage_taken":0.0,"cards_obtained":["Creative AI"]}],"is_beta":false,"boss_relics":[{"not_picked":["Astrolabe","Tiny House"],"picked":"Inserter"}],"items_purged_floors":[],"is_endless":false,"potions_floor_spawned":[8,13,16,20],"killed_by":"Book of Stabbing","ascension_level":19}