{"gold_per_floor":[369,382,142,142,20,20,36,61,85,116,127,127,137,151,151,223,223,203,203,213,225,225,225,21,32,78,78,90,108,119,119,119,194,194,212,260,61,61,0,0,35,50,50,68,68,88,98,118,118,118],"floor_reached":51,"playtime":4787,"items_purged":["Strike_R"],"score":1257,"play_id":"550180da-a2a5-40ae-91f9-cd40ef665b9e","local_time":"20190828230547","is_ascension_mode":true,"campfire_choices":[{"data":"Armaments","floor":6.0,"key":"SMITH"},{"data":"Metallicize","floor":12.0,"key":"SMITH"},{"data":"Bash","floor":15.0,"key":"SMITH"},{"data":"Infernal Blade","floor":23,"key":"SMITH"},{"data":"Rage","floor":27,"key":"SMITH"},{"floor":32,"key":"REST"},{"data":"Offering","floor":40,"key":"SMITH"},{"floor":45,"key":"REST"},{"floor":49,"key":"REST"}],"neow_cost":"TEN_PERCENT_HP_LOSS","seed_source_timestamp":778435020951000,"circlet_count":0,"master_deck":["AscendersBane","Strike_R","Strike_R","Strike_R","Defend_R","Defend_R","Defend_R","Defend_R","Bash+1","Infernal Blade+1","Metallicize+1","Enlightenment+1","Armaments+1","Perfected Strike","Limit Break","Flame Barrier","Heavy Blade","Impervious","Barricade","Rage","Entrench","Rage+1","Enlightenment+1","Impervious","Headbutt+1","Demon Form","Offering+1","Entrench","Anger","Anger+1","Disarm+1","Body Slam"],"special_seed":0,"relics":["Burning Blood","Red Skull","Bag of Preparation","Smiling Mask","Runic Pyramid","Nloth\u0027s Gift","DollysMirror","Bag of Marbles","Ornamental Fan","Lizard Tail","Prayer Wheel","Centennial Puzzle","Red Mask","Shuriken","Mercury Hourglass"],"potions_floor_usage":[33,33,36,50],"damage_taken":[{"damage":5.0,"enemies":"Cultist","floor":1.0,"turns":5.0},{"damage":9.0,"enemies":"Jaw Worm","floor":2.0,"turns":3.0},{"damage":3.0,"enemies":"Small Slimes","floor":7.0,"turns":6.0},{"damage":28.0,"enemies":"Gremlin Nob","floor":8.0,"turns":4.0},{"damage":24.0,"enemies":"3 Sentries","floor":10.0,"turns":13.0},{"damage":6.0,"enemies":"2 Fungi Beasts","floor":11.0,"turns":5.0},{"damage":18.0,"enemies":"Exordium Thugs","floor":13.0,"turns":7.0},{"damage":10.0,"enemies":"3 Louse","floor":14.0,"turns":5.0},{"damage":16.0,"enemies":"The Guardian","floor":16.0,"turns":11.0},{"damage":10.0,"enemies":"2 Thieves","floor":18.0,"turns":4.0},{"damage":0,"enemies":"3 Byrds","floor":20,"turns":6},{"damage":0,"enemies":"Snake Plant","floor":21,"turns":2},{"damage":37,"enemies":"Cultist and Chosen","floor":25,"turns":10},{"damage":23,"enemies":"Centurion and Healer","floor":28,"turns":7},{"damage":3,"enemies":"Shelled Parasite and Fungi","floor":29,"turns":9},{"damage":5,"enemies":"Snecko","floor":30,"turns":3},{"damage":0,"enemies":"Champ","floor":33,"turns":11},{"damage":6,"enemies":"3 Shapes","floor":35,"turns":8},{"damage":30,"enemies":"2 Orb Walkers","floor":36,"turns":8},{"damage":15,"enemies":"Giant Head","floor":41,"turns":8},{"damage":0,"enemies":"Orb Walker","floor":42,"turns":2},{"damage":15,"enemies":"3 Darklings","floor":44,"turns":8},{"damage":6,"enemies":"Jaw Worm Horde","floor":46,"turns":6},{"damage":6,"enemies":"Spire Growth","floor":47,"turns":9},{"damage":31,"enemies":"Transient","floor":48,"turns":5},{"damage":66,"enemies":"Donu and Deca","floor":50,"turns":9}],"seed_played":"-1201730807373186815","potions_obtained":[{"floor":1.0,"key":"BloodPotion"},{"floor":11.0,"key":"Weak Potion"},{"floor":20,"key":"GamblersBrew"},{"floor":21,"key":"LiquidBronze"},{"floor":28,"key":"SkillPotion"},{"floor":35,"key":"EssenceOfSteel"},{"floor":42,"key":"Dexterity Potion"}],"is_trial":false,"path_per_floor":["M","M","$","?","$","R","M","E","T","E","M","R","M","M","R","B",null,"M","?","M","M","?","R","$","M","T","R","M","M","M","T","R","B",null,"M","?","$","?","?","R","E","M","T","M","R","M","M","M","R","B",null],"character_chosen":"IRONCLAD","items_purchased":["Red Skull","Enlightenment","BloodPotion","Armaments","DollysMirror","Centennial Puzzle"],"campfire_rested":3,"item_purchase_floors":[3,3,5,5,24,37],"current_hp_per_floor":[68,65,65,65,65,65,68,46,46,45,45,45,33,46,46,36,60,56,56,62,68,68,68,68,37,37,37,20,23,24,24,44,50,64,64,40,40,40,40,40,31,37,37,28,48,48,48,23,43,18],"gold":118,"neow_bonus":"TWO_FIFTY_GOLD","is_prod":false,"is_daily":false,"chose_seed":false,"campfire_upgraded":6,"win_rate":0,"timestamp":1567058747,"path_taken":["M","M","$","?","$","R","M","E","T","E","M","R","M","M","R","BOSS","M","?","?","M","?","R","$","M","T","R","?","M","M","?","R","BOSS","M","?","$","?","?","R","E","?","T","M","R","M","M","M","R","BOSS"],"build_version":"2019-07-17","purchased_purges":1,"victory":true,"max_hp_per_floor":[68,68,68,68,68,68,68,68,68,68,68,68,68,68,68,68,68,68,68,68,68,68,68,68,68,68,68,68,68,68,68,68,68,68,68,68,68,68,68,68,68,68,68,68,68,68,68,68,68,68],"card_choices":[{"not_picked":["Dual Wield","Rupture"],"picked":"Infernal Blade","floor":1.0},{"not_picked":["True Grit","Dropkick"],"picked":"Metallicize","floor":2.0},{"not_picked":["Shrug It Off","Wild Strike"],"picked":"Perfected Strike","floor":7.0},{"not_picked":["Infernal Blade","Iron Wave"],"picked":"Limit Break","floor":8.0},{"not_picked":["Armaments","Pommel Strike"],"picked":"Flame Barrier","floor":10.0},{"not_picked":["Flex","Clash","True Grit"],"picked":"SKIP","floor":11.0},{"not_picked":["Cleave","Sword Boomerang"],"picked":"Heavy Blade","floor":13.0},{"not_picked":["Shrug It Off","Feel No Pain"],"picked":"Impervious","floor":14.0},{"not_picked":["Dark Embrace","Feed"],"picked":"Barricade","floor":16.0},{"not_picked":["Inflame","Evolve"],"picked":"Anger","floor":18.0},{"not_picked":["Body Slam","Shrug It Off"],"picked":"Entrench","floor":20},{"not_picked":["Seeing Red","Clash"],"picked":"Rage","floor":21},{"not_picked":["Flex","Perfected Strike"],"picked":"Impervious","floor":25},{"not_picked":["Warcry","Twin Strike"],"picked":"Headbutt+1","floor":28},{"not_picked":["Cleave","Clothesline","Heavy Blade"],"picked":"SKIP","floor":29},{"not_picked":["Battle Trance","Ghostly Armor"],"picked":"Demon Form","floor":30},{"not_picked":["Limit Break","Exhume"],"picked":"Offering","floor":33},{"not_picked":["Bloodletting","Iron Wave"],"picked":"Entrench","floor":35},{"not_picked":["Twin Strike","Carnage"],"picked":"Anger","floor":36},{"not_picked":["Intimidate+1","Armaments"],"picked":"Anger+1","floor":41},{"not_picked":["Shockwave","Pommel Strike+1","Feel No Pain"],"picked":"SKIP","floor":42},{"not_picked":["Thunderclap","Perfected Strike+1","Rampage+1"],"picked":"SKIP","floor":42},{"not_picked":["Intimidate+1","Wild Strike","Dark Embrace"],"picked":"SKIP","floor":44},{"not_picked":["Flex+1","Rupture+1","Iron Wave"],"picked":"SKIP","floor":44},{"not_picked":["Brutality","Flex"],"picked":"Disarm+1","floor":46},{"not_picked":["Inflame","Clothesline","Second Wind"],"picked":"SKIP","floor":46},{"not_picked":["Shockwave","Whirlwind"],"picked":"Body Slam","floor":47},{"not_picked":["Whirlwind","Clash","Shrug It Off"],"picked":"SKIP","floor":47},{"not_picked":["Berserk","Shockwave","Iron Wave+1"],"picked":"SKIP","floor":48},{"not_picked":["Feed","Disarm","Shrug It Off"],"picked":"SKIP","floor":48}],"player_experience":277038,"relics_obtained":[{"floor":8.0,"key":"Bag of Preparation"},{"floor":9.0,"key":"Smiling Mask"},{"floor":10.0,"key":"FossilizedHelix"},{"floor":26,"key":"Bag of Marbles"},{"floor":31,"key":"Ornamental Fan"},{"floor":36,"key":"Prayer Wheel"},{"floor":41,"key":"Shuriken"},{"floor":43,"key":"Mercury Hourglass"}],"event_choices":[{"damage_healed":0.0,"max_hp_gain":0.0,"max_hp_loss":0.0,"gold_gain":0.0,"event_name":"Living Wall","player_choice":"Grow","floor":4.0,"gold_loss":0.0,"damage_taken":0.0,"cards_upgraded":["Enlightenment"]},{"damage_healed":0,"gold_gain":0,"cards_transformed":["Strike_R"],"player_choice":"Transformed","damage_taken":0,"max_hp_gain":0,"max_hp_loss":0,"event_name":"Transmorgrifier","floor":19,"gold_loss":0,"cards_obtained":["Rage"]},{"damage_healed":0,"gold_gain":0,"player_choice":"Traded Relic","damage_taken":0,"relics_obtained":["Nloth\u0027s Gift"],"max_hp_gain":0,"max_hp_loss":0,"event_name":"N\u0027loth","floor":22,"relics_lost":["FossilizedHelix"],"gold_loss":0},{"damage_healed":0,"gold_gain":0,"player_choice":"Fight","damage_taken":0,"max_hp_gain":0,"max_hp_loss":0,"event_name":"Mysterious Sphere","floor":36,"gold_loss":0},{"cards_removed":["Anger"],"damage_healed":0,"gold_gain":0,"player_choice":"Removed Attack","damage_taken":0,"max_hp_gain":0,"max_hp_loss":0,"event_name":"Falling","floor":38,"gold_loss":0},{"damage_healed":0,"gold_gain":0,"player_choice":"Paid","damage_taken":0,"relics_obtained":["Red Mask"],"max_hp_gain":0,"max_hp_loss":0,"event_name":"Tomb of Lord Red Mask","floor":39,"gold_loss":61}],"is_beta":false,"boss_relics":[{"not_picked":["Philosopher\u0027s Stone","Cursed Key"],"picked":"Runic Pyramid"},{"not_picked":["Pandora\u0027s Box","White Beast Statue"],"picked":"Lizard Tail"}],"items_purged_floors":[37],"is_endless":false,"potions_floor_spawned":[1,7,11,20,21,28,29,35,42],"ascension_level":15}