{"gold_per_floor":[110,130,144,144,158,158,187,241,264,264,278,278,278,243,243,345,345,364,364,391,306,1,1,1,20,20,32,32,32,45,45],"floor_reached":31,"playtime":1074,"items_purged":[],"score":268,"play_id":"9a7b5ec9-08a3-452d-bd9b-ee7c4120b0b1","local_time":"20180819132722","is_ascension_mode":true,"campfire_choices":[{"data":"Redo","floor":6,"key":"SMITH"},{"floor":10,"key":"REST"},{"floor":13,"key":"REST"},{"data":"Capacitor","floor":15,"key":"SMITH"},{"data":"Tempest","floor":23,"key":"SMITH"},{"data":"Dualcast","floor":28,"key":"SMITH"}],"neow_cost":"NONE","seed_source_timestamp":212810514217459,"circlet_count":0,"master_deck":["Strike_B","Strike_B","Strike_B","Strike_B","Defend_B","Defend_B","Defend_B","Defend_B","Dualcast+1","Tempest+1","Ball Lightning","Conserve Battery","Injury","Redo+1","Beam Cell","Capacitor+1","Buffer","Tempest+1","Rebound","Sweeping Beam","Sweeping Beam","BootSequence"],"relics":["Cracked Core","Question Card","Strawberry","Bronze Scales","Busted Crown","Red Mask","Pen Nib","Vajra","Anchor","Shuriken","Blood Vial"],"potions_floor_usage":[3,7,20,27],"damage_taken":[{"damage":5,"enemies":"Small Slimes","floor":1,"turns":2},{"damage":0,"enemies":"Cultist","floor":2,"turns":2},{"damage":12,"enemies":"Jaw Worm","floor":3,"turns":2},{"damage":20,"enemies":"Exordium Wildlife","floor":5,"turns":3},{"damage":38,"enemies":"3 Sentries","floor":7,"turns":6},{"damage":12,"enemies":"Looter","floor":11,"turns":2},{"damage":41,"enemies":"Slime Boss","floor":16,"turns":9},{"damage":24,"enemies":"Chosen","floor":18,"turns":5},{"damage":24,"floor":20,"turns":3},{"damage":7,"enemies":"Shell Parasite","floor":25,"turns":3},{"damage":3,"enemies":"Cultist and Chosen","floor":27,"turns":4},{"damage":16,"enemies":"Snake Plant","floor":30,"turns":3},{"damage":46,"enemies":"Shelled Parasite and Fungi","floor":31,"turns":3}],"seed_played":"3707593389209215216","potions_obtained":[{"floor":2,"key":"Regen Potion"},{"floor":3,"key":"Swift Potion"},{"floor":7,"key":"SteroidPotion"},{"floor":18,"key":"LiquidBronze"},{"floor":20,"key":"AttackPotion"},{"floor":25,"key":"Dexterity Potion"}],"is_trial":false,"path_per_floor":["M","M","M","?","M","R","E","T","T","R","M","?","R","?","R","B",null,"M","?","?","?","$","R","$","M","T","M","R","T","M"],"character_chosen":"DEFECT","items_purchased":["Vajra","Anchor"],"campfire_rested":2,"item_purchase_floors":[22,22],"current_hp_per_floor":[77,77,70,70,50,50,12,19,19,45,33,33,59,81,81,40,89,65,89,65,65,65,65,65,58,58,55,55,55,41,0],"gold":45,"neow_bonus":"TEN_PERCENT_HP_BONUS","is_prod":false,"is_daily":false,"chose_seed":false,"campfire_upgraded":4,"win_rate":0,"timestamp":1534678042,"path_taken":["M","M","M","?","M","R","E","?","T","R","M","?","R","?","R","BOSS","M","?","?","?","$","R","$","?","T","M","R","?","M","M"],"build_version":"2018-08-16","purchased_purges":0,"victory":false,"max_hp_per_floor":[82,82,82,82,82,82,82,89,89,89,89,89,89,89,89,89,89,89,89,89,89,89,89,89,89,89,89,89,89,89,89],"card_choices":[{"not_picked":["Barrage","Redo"],"picked":"Tempest","floor":1},{"not_picked":["Coolheaded","Rebound"],"picked":"Ball Lightning","floor":2},{"not_picked":["Barrage","Streamline"],"picked":"Conserve Battery","floor":3},{"not_picked":["Stack","Reprogram"],"picked":"Redo","floor":5},{"not_picked":["Hello World","Steam"],"picked":"Beam Cell","floor":7},{"not_picked":["Leap","Barrage","Aggregate"],"picked":"Capacitor","floor":11},{"not_picked":["Fission","Biased Cognition","Meteor Strike"],"picked":"Buffer","floor":16},{"not_picked":["Streamline"],"picked":"Tempest","floor":18},{"not_picked":["Turbo+1"],"picked":"Rebound","floor":20},{"not_picked":["Blizzard"],"picked":"Sweeping Beam","floor":25},{"not_picked":["Darkness"],"picked":"Sweeping Beam","floor":27},{"not_picked":["Cold Snap"],"picked":"BootSequence","floor":30}],"player_experience":220195,"relics_obtained":[{"floor":7,"key":"Question Card"},{"floor":8,"key":"Strawberry"},{"floor":9,"key":"Bronze Scales"},{"floor":20,"key":"Red Mask"},{"floor":26,"key":"Shuriken"},{"floor":29,"key":"Blood Vial"}],"event_choices":[{"event_name":"Accursed Blacksmith","player_choice":"Forge","floor":4,"damage_taken":0},{"event_name":"Bonfire Elementals","player_choice":"BASIC","floor":12,"damage_taken":0},{"event_name":"The Cleric","player_choice":"Healed","floor":14,"damage_taken":0},{"event_name":"The Library","player_choice":"Heal","floor":19,"damage_taken":0},{"event_name":"Masked Bandits","player_choice":"Fought Bandits","floor":20,"damage_taken":0},{"event_name":"Addict","player_choice":"Obtained Relic","floor":21,"damage_taken":0}],"is_beta":false,"boss_relics":[{"not_picked":["Calling Bell","Tiny House"],"picked":"Busted Crown"}],"items_purged_floors":[],"is_endless":false,"potions_floor_spawned":[2,3,7,18,20,25],"killed_by":"Shelled Parasite and Fungi","ascension_level":3}