{"gold_per_floor":[109,109,284,363,8,36,53,73,73,73,105,105,118,133,133,231,231,244,244,244,244,258,258,1,19,70,70,70,70,70,80,80,80],"floor_reached":33,"playtime":1497,"items_purged":[],"score":329,"play_id":"9c14e72f-e983-43eb-b29f-9ef0aa73166d","local_time":"20181120142128","is_ascension_mode":true,"campfire_choices":[{"data":"Burst","floor":12,"key":"SMITH"},{"data":"Blur","floor":15,"key":"SMITH"},{"data":"Tools of the Trade","floor":23,"key":"SMITH"},{"data":"Caltrops","floor":27,"key":"SMITH"},{"data":"Corpse Explosion","floor":29,"key":"SMITH"},{"floor":32,"key":"REST"}],"neow_cost":"NONE","seed_source_timestamp":222880513339248,"circlet_count":0,"master_deck":["Defend_G","Defend_G","Defend_G","Defend_G","Defend_G","Survivor","Neutralize","Slice","Doubt","Backstab","Tools of the Trade+1","Deadly Poison","Parasite","Burst+1","Deflect","Blur+1","Corpse Explosion+1","Bite","Bite","Bite","Bite","Bite","Caltrops+1","Writhe"],"relics":["Ring of the Snake","Darkstone Periapt","Du-Vu Doll","Regal Pillow","Mango","Bird Faced Urn","Busted Crown","Enchiridion","Singing Bowl","Orichalcum","Matryoshka"],"potions_floor_usage":[11,11,16,25],"damage_taken":[{"damage":0,"enemies":"2 Louse","floor":1,"turns":4},{"damage":31,"enemies":"Gremlin Nob","floor":6,"turns":5},{"damage":0,"enemies":"Small Slimes","floor":7,"turns":3},{"damage":0,"enemies":"Jaw Worm","floor":8,"turns":3},{"damage":6,"enemies":"3 Sentries","floor":11,"turns":9},{"damage":7,"enemies":"Large Slime","floor":13,"turns":6},{"damage":1,"enemies":"Looter","floor":14,"turns":3},{"damage":34,"enemies":"The Guardian","floor":16,"turns":14},{"damage":34,"enemies":"Spheric Guardian","floor":18,"turns":6},{"damage":14,"enemies":"Shell Parasite","floor":22,"turns":5},{"damage":16,"enemies":"Cultist and Chosen","floor":25,"turns":5},{"damage":33,"enemies":"Snake Plant","floor":31,"turns":3},{"damage":87,"enemies":"Champ","floor":33,"turns":14}],"seed_played":"-7082185356997295556","potions_obtained":[{"floor":7,"key":"GamblersBrew"},{"floor":8,"key":"Dexterity Potion"},{"floor":14,"key":"Explosive Potion"},{"floor":22,"key":"GamblersBrew"},{"floor":31,"key":"SteroidPotion"}],"is_trial":false,"path_per_floor":["M","?","?","T","$","E","M","M","T","?","E","R","M","M","R","B",null,"M","?","?","?","M","R","$","M","T","R","?","R","?","M","R","B"],"character_chosen":"THE_SILENT","items_purchased":["Du-Vu Doll","Backstab","Singing Bowl"],"campfire_rested":1,"item_purchase_floors":[5,5,24],"current_hp_per_floor":[77,77,77,77,77,46,46,46,60,88,82,82,77,76,76,44,97,63,47,79,67,61,61,61,61,61,61,67,67,67,46,75,0],"gold":80,"neow_bonus":"TEN_PERCENT_HP_BONUS","is_prod":false,"is_daily":false,"chose_seed":false,"campfire_upgraded":5,"win_rate":0,"timestamp":1542720088,"path_taken":["M","?","?","?","$","E","M","M","T","?","E","R","M","M","R","BOSS","M","?","?","?","M","R","$","?","T","R","?","R","?","M","R","BOSS"],"build_version":"2018-11-15","purchased_purges":0,"victory":false,"max_hp_per_floor":[77,77,77,77,77,77,77,77,91,97,97,97,97,97,97,97,97,97,97,97,67,67,67,67,67,67,67,73,73,73,75,75,75],"card_choices":[{"not_picked":["Prepared","Eviscerate"],"picked":"Slice","floor":1},{"not_picked":["Deflect","Acrobatics"],"picked":"Tools of the Trade","floor":6},{"not_picked":["Acrobatics","Backflip"],"picked":"Deadly Poison","floor":7},{"not_picked":["Skewer","Flying Knee","Reflex"],"picked":"SKIP","floor":8},{"not_picked":["Dodge and Roll","Reflex"],"picked":"Burst","floor":11},{"not_picked":["Backflip","Predator"],"picked":"Deflect","floor":13},{"not_picked":["Dagger Spray","Poisoned Stab"],"picked":"Blur","floor":14},{"not_picked":["A Thousand Cuts","Storm of Steel"],"picked":"Corpse Explosion","floor":16},{"not_picked":["Choke"],"picked":"SKIP","floor":18},{"not_picked":["Tactician"],"picked":"SKIP","floor":22},{"not_picked":[],"picked":"Caltrops","floor":25},{"not_picked":["Terror"],"picked":"Singing Bowl","floor":31}],"player_experience":292598,"relics_obtained":[{"floor":4,"key":"Darkstone Periapt"},{"floor":6,"key":"Regal Pillow"},{"floor":9,"key":"Mango"},{"floor":11,"key":"Bird Faced Urn"},{"floor":19,"key":"Enchiridion"},{"floor":26,"key":"Orichalcum"}],"event_choices":[{"damage_healed":0,"gold_gain":0,"player_choice":"Ignored","damage_taken":0,"max_hp_gain":0,"max_hp_loss":0,"event_name":"Golden Wing","floor":2,"gold_loss":0},{"damage_healed":0,"gold_gain":175,"player_choice":"AGREE","damage_taken":0,"max_hp_gain":0,"max_hp_loss":0,"event_name":"Liars Game","floor":3,"gold_loss":0,"cards_obtained":["Doubt"]},{"damage_healed":22,"gold_gain":0,"player_choice":"Healed and dodged fight","damage_taken":0,"max_hp_gain":0,"max_hp_loss":0,"event_name":"Mushrooms","floor":10,"gold_loss":0,"cards_obtained":["Parasite"]},{"damage_healed":0,"gold_gain":0,"player_choice":"Obtained Book","damage_taken":16,"max_hp_gain":0,"max_hp_loss":0,"event_name":"Cursed Tome","floor":19,"gold_loss":0},{"damage_healed":32,"gold_gain":0,"player_choice":"Heal","damage_taken":0,"max_hp_gain":0,"max_hp_loss":0,"event_name":"The Library","floor":20,"gold_loss":0},{"damage_healed":0,"gold_gain":0,"player_choice":"Became a vampire","damage_taken":0,"max_hp_gain":0,"max_hp_loss":30,"event_name":"Vampires","floor":21,"gold_loss":0,"cards_obtained":["Bite","Bite","Bite","Bite","Bite"]},{"damage_healed":0,"gold_gain":0,"player_choice":"Opened","damage_taken":0,"relics_obtained":["Matryoshka"],"max_hp_gain":0,"max_hp_loss":0,"event_name":"The Mausoleum","floor":28,"gold_loss":0,"cards_obtained":["Writhe"]},{"damage_healed":0,"gold_gain":0,"player_choice":"Ignored","damage_taken":0,"max_hp_gain":0,"max_hp_loss":0,"event_name":"Beggar","floor":30,"gold_loss":0}],"is_beta":false,"boss_relics":[{"not_picked":["Fusion Hammer","Sozu"],"picked":"Busted Crown"}],"items_purged_floors":[],"is_endless":false,"potions_floor_spawned":[7,8,14,22,31],"killed_by":"Champ","ascension_level":4}