{"gold_per_floor":[111,111,131,206,218,218,218,218,291,321,55,85,99,115,115,187,187,203,203,223,148,165,165,165],"floor_reached":24,"playtime":1559,"items_purged":["Writhe"],"score":371,"play_id":"9314d843-6ed2-4a9c-8963-530c4bfd7486","local_time":"20190829172846","is_ascension_mode":true,"campfire_choices":[{"data":"Flame Barrier","floor":6,"key":"SMITH"},{"data":"Rampage","floor":8,"key":"SMITH"},{"data":"Mayhem","floor":15,"key":"SMITH"},{"floor":23,"key":"REST"}],"neow_cost":"NONE","seed_source_timestamp":847881409560800,"circlet_count":0,"master_deck":["AscendersBane","Strike_R","Strike_R","Strike_R","Strike_R","Strike_R","Defend_R","Defend_R","Defend_R","Bash","Flame Barrier+1","Headbutt","Rampage+1","Anger","Mayhem+1","Seeing Red+1","Headbutt","Armaments+1","Feed","Battle Trance+1"],"relics":["Burning Blood","NeowsBlessing","Gremlin Horn","Toxic Egg 2","Bottled Flame","Sozu","FossilizedHelix"],"potions_floor_usage":[10,12,22],"damage_taken":[{"damage":0,"enemies":"2 Louse","floor":1,"turns":1},{"damage":0,"enemies":"Jaw Worm","floor":3,"turns":1},{"damage":0,"enemies":"Small Slimes","floor":5,"turns":1},{"damage":32,"enemies":"Gremlin Nob","floor":10,"turns":4},{"damage":25,"enemies":"3 Sentries","floor":12,"turns":7},{"damage":0,"enemies":"3 Louse","floor":13,"turns":3},{"damage":10,"enemies":"Exordium Wildlife","floor":14,"turns":4},{"damage":25,"enemies":"Hexaghost","floor":16,"turns":7},{"damage":16,"enemies":"Spheric Guardian","floor":18,"turns":4},{"damage":17,"enemies":"2 Thieves","floor":20,"turns":4},{"damage":41,"enemies":"Snecko","floor":22,"turns":5},{"damage":37,"enemies":"Cultist and Chosen","floor":24,"turns":4}],"seed_played":"-1899362718001405128","potions_obtained":[{"floor":1,"key":"GamblersBrew"},{"floor":5,"key":"Regen Potion"},{"floor":13,"key":"Explosive Potion"}],"is_trial":false,"path_per_floor":["M","?","M","?","M","R","?","R","T","E","$","E","M","M","R","B",null,"M","?","M","$","M","R","M"],"character_chosen":"IRONCLAD","items_purchased":["Mayhem","Seeing Red+1"],"campfire_rested":1,"item_purchase_floors":[11,11],"current_hp_per_floor":[74,67,73,62,68,68,68,68,68,52,52,33,39,35,35,16,60,50,50,42,42,10,34,0],"gold":165,"neow_bonus":"THREE_ENEMY_KILL","is_prod":false,"is_daily":false,"chose_seed":false,"campfire_upgraded":3,"win_rate":0,"timestamp":1567124926,"path_taken":["M","?","M","?","M","R","?","R","T","E","$","E","M","M","R","BOSS","M","?","M","$","M","R","M"],"build_version":"2019-07-17","purchased_purges":1,"victory":false,"max_hp_per_floor":[75,75,75,75,75,75,75,75,75,75,75,75,75,75,75,75,75,75,75,78,78,81,81,84],"card_choices":[{"not_picked":["Evolve","Perfected Strike"],"picked":"Flame Barrier","floor":1},{"not_picked":["Heavy Blade","Sword Boomerang"],"picked":"Headbutt","floor":3},{"not_picked":["Thunderclap","Headbutt"],"picked":"Rampage","floor":5},{"not_picked":["Cleave","True Grit"],"picked":"Anger","floor":10},{"not_picked":["Havoc+1","Combust"],"picked":"Headbutt","floor":12},{"not_picked":["Pommel Strike","Intimidate+1"],"picked":"Armaments+1","floor":13},{"not_picked":["Havoc+1","Whirlwind","Twin Strike"],"picked":"SKIP","floor":14},{"not_picked":["Impervious+1","Dark Embrace"],"picked":"Feed","floor":16},{"not_picked":["Thunderclap","Body Slam","Pommel Strike"],"picked":"SKIP","floor":18},{"not_picked":["Iron Wave+1","Combust+1","Whirlwind"],"picked":"SKIP","floor":20},{"not_picked":["Body Slam","Headbutt+1"],"picked":"Battle Trance+1","floor":22}],"player_experience":307756,"relics_obtained":[{"floor":9,"key":"Gremlin Horn"},{"floor":10,"key":"Toxic Egg 2"},{"floor":12,"key":"Bottled Flame"}],"event_choices":[{"cards_removed":["Defend_R"],"damage_healed":0,"gold_gain":0,"player_choice":"Card Removal","damage_taken":7,"max_hp_gain":0,"max_hp_loss":0,"event_name":"Golden Wing","floor":2,"gold_loss":0},{"damage_healed":0,"gold_gain":75,"player_choice":"Gather Gold","damage_taken":11,"max_hp_gain":0,"max_hp_loss":0,"event_name":"World of Goop","floor":4,"gold_loss":0},{"damage_healed":0,"gold_gain":0,"player_choice":"Ignored","damage_taken":0,"max_hp_gain":0,"max_hp_loss":0,"event_name":"Liars Game","floor":7,"gold_loss":0},{"damage_healed":0,"gold_gain":0,"player_choice":"Opened","damage_taken":0,"relics_obtained":["FossilizedHelix"],"max_hp_gain":0,"max_hp_loss":0,"event_name":"The Mausoleum","floor":19,"gold_loss":0,"cards_obtained":["Writhe"]}],"is_beta":false,"boss_relics":[{"not_picked":["Ectoplasm","Lizard Tail"],"picked":"Sozu"}],"items_purged_floors":[21],"is_endless":false,"potions_floor_spawned":[1,5,13,18,22],"killed_by":"Cultist and Chosen","ascension_level":16}