{"gold_per_floor":[110,126,301,301,376,376,24,24,24,35,35,46,46,46,46,46],"floor_reached":16,"playtime":1008,"items_purged":["Doubt"],"score":88,"play_id":"1903add1-18aa-40f8-8b90-c84351468360","local_time":"20190827215712","is_ascension_mode":false,"campfire_choices":[{"data":"Flex","floor":6,"key":"SMITH"},{"data":"Corruption","floor":8,"key":"SMITH"},{"data":"Sentinel","floor":11,"key":"SMITH"},{"data":"Searing Blow","floor":13,"key":"SMITH"},{"data":"Searing Blow+1","floor":15,"key":"SMITH"}],"neow_cost":"NONE","seed_source_timestamp":52237001367598,"circlet_count":0,"master_deck":["Strike_R","Strike_R","Strike_R","Strike_R","Strike_R","Defend_R","Defend_R","Defend_R","Defend_R","Bash","Bloodletting","Flex+1","Corruption+1","Shrug It Off","Sentinel+1","Searing Blow+2"],"relics":["Burning Blood","Pen Nib","Omamori","Molten Egg 2"],"potions_floor_usage":[],"damage_taken":[{"damage":0,"enemies":"Small Slimes","floor":1,"turns":4},{"damage":12,"enemies":"Jaw Worm","floor":2,"turns":6},{"damage":0,"enemies":"2 Louse","floor":10,"turns":5},{"damage":7,"enemies":"Blue Slaver","floor":12,"turns":5},{"damage":91,"enemies":"Slime Boss","floor":16,"turns":12}],"seed_played":"6826115702807609781","potions_obtained":[{"floor":12,"key":"Fire Potion"}],"is_trial":false,"path_per_floor":["M","M","?","?","?","R","$","R","T","M","R","M","R","?","R","B"],"character_chosen":"IRONCLAD","items_purchased":["Corruption","Pen Nib","Shrug It Off"],"campfire_rested":0,"item_purchase_floors":[7,7,7],"current_hp_per_floor":[88,82,82,87,76,76,76,76,76,82,82,81,81,81,81,0],"gold":46,"neow_bonus":"TEN_PERCENT_HP_BONUS","is_prod":false,"is_daily":false,"chose_seed":false,"campfire_upgraded":5,"win_rate":0.0,"timestamp":1566914232,"path_taken":["M","M","?","?","?","R","?","R","T","?","R","M","R","?","R","BOSS"],"build_version":"2019-07-17","purchased_purges":1,"victory":false,"max_hp_per_floor":[88,88,88,93,93,93,93,93,93,93,93,93,93,93,93,93],"card_choices":[{"not_picked":["Clothesline","Spot Weakness"],"picked":"Bloodletting","floor":1},{"not_picked":["Hemokinesis","Havoc"],"picked":"Flex","floor":2},{"not_picked":["Heavy Blade","Perfected Strike"],"picked":"Sentinel","floor":10},{"not_picked":["Havoc","Headbutt"],"picked":"Searing Blow","floor":12}],"player_experience":98616,"relics_obtained":[{"floor":9,"key":"Omamori"}],"event_choices":[{"damage_healed":0,"gold_gain":175,"player_choice":"AGREE","damage_taken":0,"max_hp_gain":0,"max_hp_loss":0,"event_name":"Liars Game","floor":3,"gold_loss":0,"cards_obtained":["Doubt"]},{"damage_healed":0,"gold_gain":0,"player_choice":"Donut","damage_taken":0,"max_hp_gain":5,"max_hp_loss":0,"event_name":"Big Fish","floor":4,"gold_loss":0},{"damage_healed":0,"gold_gain":75,"player_choice":"Gather Gold","damage_taken":11,"max_hp_gain":0,"max_hp_loss":0,"event_name":"World of Goop","floor":5,"gold_loss":0},{"damage_healed":0,"gold_gain":0,"player_choice":"Gave Potion","damage_taken":0,"relics_obtained":["Molten Egg 2"],"max_hp_gain":0,"max_hp_loss":0,"event_name":"WeMeetAgain","floor":14,"gold_loss":0}],"is_beta":false,"boss_relics":[],"items_purged_floors":[7],"is_endless":false,"potions_floor_spawned":[12],"killed_by":"Slime Boss","ascension_level":0}