{"gold_per_floor":[110,128,146,166,341,341,359,373,373,401,411,486,521,533,533,637,637,637,607,2,2,2,2,2,2,2,2,2,2,2,2,2,2,2,2,2,2,2,2,2,2,2,2,2,2,2,2,2,2,2],"floor_reached":50,"playtime":8152,"items_purged":["Doubt"],"score":840,"play_id":"09e5414f-ef9f-4584-87af-aef8e00a22b0","local_time":"20190826160749","is_ascension_mode":true,"campfire_choices":[{"data":"Perfected Strike","floor":6.0,"key":"SMITH"},{"floor":15.0,"key":"REST"},{"data":"Bludgeon","floor":25.0,"key":"SMITH"},{"data":"Normality","floor":32.0,"key":"PURGE"},{"floor":40,"key":"REST"},{"floor":49,"key":"REST"}],"neow_cost":"CURSE","seed_source_timestamp":577031090073300,"circlet_count":0,"master_deck":["AscendersBane","Strike_R","Strike_R","Strike_R","Strike_R","Strike_R","Defend_R","Defend_R","Defend_R","Defend_R","Bash","Bludgeon+1","Clash","Feel No Pain","Perfected Strike+1","Immolate","Perfected Strike","Anger","Shrug It Off+1","Spot Weakness+1","True Grit+1","Reaper","Warcry+1","Armaments+1","Warcry+1","Havoc+1","Havoc+1","Metallicize","Deep Breath+1","Perfected Strike+1","Burning Pact+1","Seeing Red+1","Havoc+1","Blood for Blood+1","Warcry+1","Pummel+1","Reckless Charge+1","Juggernaut","Warcry+1","Pommel Strike+1","Metallicize","Warcry+1"],"special_seed":0,"relics":["Burning Blood","Toxic Egg 2","The Courier","Self Forming Clay","Ectoplasm","Molten Egg 2","Bag of Marbles","Blood Vial","Peace Pipe","Busted Crown"],"potions_floor_usage":[33,35,37,39,50,50],"damage_taken":[{"damage":12.0,"enemies":"Jaw Worm","floor":1.0,"turns":3.0},{"damage":0.0,"enemies":"2 Louse","floor":2.0,"turns":3.0},{"damage":1.0,"enemies":"Cultist","floor":3.0,"turns":3.0},{"damage":12.0,"enemies":"Lots of Slimes","floor":4.0,"turns":7.0},{"damage":20.0,"enemies":"Gremlin Gang","floor":7.0,"turns":6.0},{"damage":0.0,"enemies":"2 Fungi Beasts","floor":8.0,"turns":2.0},{"damage":32.0,"enemies":"Gremlin Nob","floor":10.0,"turns":4.0},{"damage":23.0,"enemies":"Large Slime","floor":11.0,"turns":5.0},{"damage":28.0,"enemies":"3 Sentries","floor":13.0,"turns":8.0},{"damage":0.0,"enemies":"Gremlin Gang","floor":14.0,"turns":2.0},{"damage":39.0,"enemies":"Slime Boss","floor":16.0,"turns":9.0},{"damage":14.0,"enemies":"Shell Parasite","floor":18.0,"turns":4.0},{"damage":19.0,"enemies":"2 Thieves","floor":19.0,"turns":4.0},{"damage":11.0,"enemies":"3 Cultists","floor":21.0,"turns":5.0},{"damage":14.0,"enemies":"Centurion and Healer","floor":22.0,"turns":5.0},{"damage":27.0,"enemies":"Book of Stabbing","floor":23.0,"turns":4.0},{"damage":0.0,"enemies":"Shelled Parasite and Fungi","floor":24.0,"turns":2.0},{"damage":0.0,"enemies":"Snecko","floor":27.0,"turns":3.0},{"damage":0.0,"enemies":"Snake Plant","floor":28.0,"turns":2.0},{"damage":2.0,"enemies":"3 Cultists","floor":29.0,"turns":5.0},{"damage":20.0,"enemies":"Snecko","floor":31.0,"turns":4.0},{"damage":69,"enemies":"Collector","floor":33,"turns":10},{"damage":6,"enemies":"3 Shapes","floor":35,"turns":5},{"damage":6,"enemies":"Orb Walker","floor":36,"turns":3},{"damage":45,"enemies":"Writhing Mass","floor":37,"turns":6},{"damage":11,"enemies":"Jaw Worm Horde","floor":38,"turns":4},{"damage":19,"enemies":"Maw","floor":39,"turns":5},{"damage":4,"enemies":"4 Shapes","floor":41,"turns":5},{"damage":6,"enemies":"Jaw Worm Horde","floor":44,"turns":3},{"damage":15,"enemies":"Maw","floor":45,"turns":6},{"damage":30,"enemies":"Spire Growth","floor":46,"turns":4},{"damage":22,"enemies":"Transient","floor":48,"turns":5},{"damage":55,"enemies":"Time Eater","floor":50,"turns":3}],"seed_played":"5638502145405975852","potions_obtained":[{"floor":3.0,"key":"SkillPotion"},{"floor":8.0,"key":"BloodPotion"},{"floor":10.0,"key":"Block Potion"},{"floor":11.0,"key":"Ancient Potion"},{"floor":16.0,"key":"PowerPotion"},{"floor":21.0,"key":"BloodPotion"},{"floor":22.0,"key":"Fire Potion"},{"floor":24.0,"key":"Ancient Potion"},{"floor":36,"key":"Block Potion"},{"floor":38,"key":"Ancient Potion"},{"floor":39,"key":"FearPotion"},{"floor":44,"key":"Strength Potion"},{"floor":48,"key":"Strength Potion"}],"is_trial":false,"path_per_floor":["M","M","M","M","?","R","M","M","T","E","M","?","E","M","R","B",null,"M","M","$","M","M","E","M","R","T","M","M","M","$","M","R","B",null,"M","M","M","M","M","R","M","$","T","M","M","M","?","M","R","B"],"character_chosen":"IRONCLAD","items_purchased":["Warcry+1","Havoc+1","Havoc+1","Metallicize","Molten Egg 2","Bag of Marbles","Deep Breath+1"],"campfire_rested":3,"item_purchase_floors":[20,20,20,20,20,20,20],"current_hp_per_floor":[66,72,77,71,71,71,57,63,63,57,40,32,10,16,40,7,62,60,47,47,50,62,41,49,49,49,57,68,80,80,74,74,25,66,68,78,44,41,30,54,58,58,58,60,53,37,37,29,53,0],"gold":2,"neow_bonus":"THREE_RARE_CARDS","is_prod":false,"is_daily":false,"chose_seed":false,"campfire_upgraded":2,"win_rate":0,"timestamp":1566860869,"path_taken":["M","M","M","M","?","R","M","M","T","E","M","?","E","?","R","BOSS","M","M","$","M","M","E","M","R","T","M","M","M","?","M","R","BOSS","M","M","M","?","M","R","M","?","T","M","M","M","?","M","R","BOSS"],"build_version":"2019-07-17","purchased_purges":1,"victory":false,"max_hp_per_floor":[80,80,80,80,80,80,80,80,80,80,80,80,80,80,80,80,80,80,80,80,80,80,80,80,80,80,80,80,80,80,80,80,80,80,80,80,80,80,80,80,80,80,80,80,80,80,80,80,80,80],"card_choices":[{"not_picked":["Dark Embrace","Brutality"],"picked":"Bludgeon","floor":0.0},{"not_picked":["Warcry","Headbutt"],"picked":"Clash","floor":1.0},{"not_picked":["Clothesline","Havoc"],"picked":"Feel No Pain","floor":2.0},{"not_picked":["Iron Wave","Wild Strike"],"picked":"Ghostly Armor","floor":3.0},{"not_picked":["Dropkick","Sword Boomerang"],"picked":"Perfected Strike","floor":4.0},{"not_picked":["Battle Trance","Searing Blow"],"picked":"Immolate","floor":7.0},{"not_picked":["True Grit","Burning Pact"],"picked":"Perfected Strike","floor":8.0},{"not_picked":["Pommel Strike","Whirlwind"],"picked":"Anger","floor":10.0},{"not_picked":["Clash","Warcry+1"],"picked":"Shrug It Off+1","floor":11.0},{"not_picked":["Dark Embrace","Wild Strike"],"picked":"Spot Weakness+1","floor":13.0},{"not_picked":["Pommel Strike","Searing Blow"],"picked":"True Grit+1","floor":14.0},{"not_picked":["Feed","Dark Embrace"],"picked":"Reaper","floor":16.0},{"not_picked":["Thunderclap","Fire Breathing"],"picked":"Warcry+1","floor":18.0},{"not_picked":["Hemokinesis","Dual Wield+1"],"picked":"Armaments+1","floor":19.0},{"not_picked":["Thunderclap+1","Clothesline+1"],"picked":"Perfected Strike+1","floor":21.0},{"not_picked":["Dual Wield+1","Anger+1"],"picked":"Burning Pact+1","floor":22.0},{"not_picked":["Clothesline+1","Spot Weakness+1"],"picked":"Seeing Red+1","floor":23.0},{"not_picked":["Combust","Sword Boomerang+1"],"picked":"Havoc+1","floor":24.0},{"not_picked":["Cleave+1","Sever Soul+1"],"picked":"Blood for Blood+1","floor":27.0},{"not_picked":["Clothesline+1","Anger+1"],"picked":"Warcry+1","floor":28.0},{"not_picked":["Twin Strike+1","Flex+1"],"picked":"Pummel+1","floor":29.0},{"not_picked":["Entrench+1","Flex+1"],"picked":"Reckless Charge+1","floor":31.0},{"not_picked":["Limit Break+1","Reaper+1"],"picked":"Juggernaut","floor":33},{"not_picked":[],"picked":"Warcry+1","floor":35},{"not_picked":["Hemokinesis+1"],"picked":"SKIP","floor":36},{"not_picked":["Twin Strike+1"],"picked":"SKIP","floor":37},{"not_picked":["Rupture+1"],"picked":"SKIP","floor":38},{"not_picked":[],"picked":"Pommel Strike+1","floor":39},{"not_picked":["Second Wind+1"],"picked":"SKIP","floor":41},{"not_picked":[],"picked":"Metallicize","floor":44},{"not_picked":["Rampage+1"],"picked":"SKIP","floor":45},{"not_picked":["Heavy Blade+1"],"picked":"SKIP","floor":46},{"not_picked":[],"picked":"Warcry+1","floor":48}],"player_experience":198615,"relics_obtained":[{"floor":9.0,"key":"Toxic Egg 2"},{"floor":10.0,"key":"The Courier"},{"floor":13.0,"key":"Self Forming Clay"},{"floor":23.0,"key":"Blood Vial"},{"floor":26.0,"key":"Peace Pipe"}],"event_choices":[{"damage_healed":0.0,"max_hp_gain":0.0,"max_hp_loss":0.0,"gold_gain":175.0,"event_name":"Liars Game","player_choice":"AGREE","floor":5.0,"gold_loss":0.0,"damage_taken":0.0,"cards_obtained":["Doubt"]},{"damage_healed":0.0,"max_hp_gain":0.0,"max_hp_loss":0.0,"gold_gain":75.0,"event_name":"FaceTrader","player_choice":"Touch","floor":12.0,"gold_loss":0.0,"damage_taken":8.0},{"cards_removed":["Ghostly Armor"],"damage_healed":0,"gold_gain":0,"player_choice":"Removed Skill","damage_taken":0,"max_hp_gain":0,"max_hp_loss":0,"event_name":"Falling","floor":47,"gold_loss":0}],"is_beta":false,"boss_relics":[{"not_picked":["Black Star","Calling Bell"],"picked":"Ectoplasm"},{"not_picked":["White Beast Statue","Pandora\u0027s Box"],"picked":"Busted Crown"}],"items_purged_floors":[20],"is_endless":false,"potions_floor_spawned":[3,8,10,11,16,21,22,24,27,29,36,38,39,44,48],"killed_by":"Time Eater","ascension_level":12}