{"gold_per_floor":[109,109,109,122,141,157,187,206,206,206,219,230,245,262,262,363,363,383,400,400],"floor_reached":20,"playtime":1246,"items_purged":[],"score":182,"play_id":"9a20e57d-2c3b-4f7a-9659-fcc17174f134","local_time":"20190723025142","is_ascension_mode":false,"campfire_choices":[{"floor":10,"key":"REST"},{"floor":15,"key":"REST"}],"neow_cost":"NONE","seed_source_timestamp":956009588868352,"circlet_count":0,"master_deck":["Strike_B","Strike_B","Strike_B","Strike_B","Defend_B","Defend_B","Defend_B","Defend_B","Zap+1","Dualcast","Storm","Defragment","Conserve Battery","Conserve Battery","Defragment","Double Energy","Machine Learning","Tempest"],"relics":["Cracked Core","Dream Catcher","Inserter"],"potions_floor_usage":[11,16,16,16],"damage_taken":[{"damage":6,"enemies":"Cultist","floor":1,"turns":3},{"damage":1,"enemies":"2 Louse","floor":4,"turns":3},{"damage":4,"enemies":"Small Slimes","floor":5,"turns":4},{"damage":10,"enemies":"Looter","floor":6,"turns":3},{"damage":21,"enemies":"Lagavulin","floor":7,"turns":7},{"damage":12,"enemies":"Lots of Slimes","floor":8,"turns":4},{"damage":15,"enemies":"Gremlin Gang","floor":11,"turns":4},{"damage":11,"enemies":"Exordium Wildlife","floor":12,"turns":5},{"damage":1,"enemies":"2 Fungi Beasts","floor":13,"turns":4},{"damage":5,"enemies":"Looter","floor":14,"turns":3},{"damage":37,"enemies":"Hexaghost","floor":16,"turns":10},{"damage":28,"enemies":"Shell Parasite","floor":18,"turns":8},{"damage":17,"enemies":"Spheric Guardian","floor":19,"turns":4},{"damage":31,"enemies":"Cultist and Chosen","floor":20,"turns":4}],"seed_played":"-2580718183095945452","potions_obtained":[{"floor":5,"key":"FocusPotion"},{"floor":6,"key":"Block Potion"},{"floor":11,"key":"SteroidPotion"},{"floor":12,"key":"GamblersBrew"},{"floor":14,"key":"AttackPotion"},{"floor":19,"key":"SmokeBomb"}],"is_trial":false,"path_per_floor":["M","?","$","M","M","M","E","M","T","R","M","M","M","M","R","B",null,"M","M","M"],"character_chosen":"DEFECT","items_purchased":[],"campfire_rested":2,"item_purchase_floors":[],"current_hp_per_floor":[69,75,75,74,70,60,39,27,27,49,34,23,22,17,39,2,75,47,30,0],"gold":400,"neow_bonus":"UPGRADE_CARD","is_prod":false,"is_daily":false,"chose_seed":false,"campfire_upgraded":0,"win_rate":0,"timestamp":1563817902,"path_taken":["M","?","$","M","M","M","E","M","T","R","M","M","?","M","R","BOSS","M","M","M"],"build_version":"2019-07-05","purchased_purges":0,"victory":false,"max_hp_per_floor":[75,75,75,75,75,75,75,75,75,75,75,75,75,75,75,75,75,75,75,75],"card_choices":[{"not_picked":["Sweeping Beam","Chill"],"picked":"Storm","floor":1},{"not_picked":["Coolheaded","Hello World"],"picked":"Defragment","floor":4},{"not_picked":["Streamline","Hologram","Melter"],"picked":"SKIP","floor":5},{"not_picked":["Sunder","Sweeping Beam","Hologram"],"picked":"SKIP","floor":6},{"not_picked":["Skim","Compile Driver"],"picked":"Conserve Battery","floor":7},{"not_picked":["Hello World","Hologram","Chaos"],"picked":"SKIP","floor":8},{"not_picked":["Rip and Tear","Stack"],"picked":"Conserve Battery","floor":11},{"not_picked":["Go for the Eyes","Hologram","Aggregate"],"picked":"SKIP","floor":12},{"not_picked":["Storm","Redo","Stack"],"picked":"SKIP","floor":13},{"not_picked":["Beam Cell","Stack"],"picked":"Defragment","floor":14},{"not_picked":["Cold Snap","Core Surge"],"picked":"Double Energy","floor":15},{"not_picked":["Fission","Rainbow"],"picked":"Machine Learning","floor":16},{"not_picked":["Gash","Redo","Ball Lightning"],"picked":"SKIP","floor":18},{"not_picked":["Go for the Eyes","Glacier"],"picked":"Tempest","floor":19}],"player_experience":356202,"relics_obtained":[{"floor":7,"key":"Dream Catcher"}],"event_choices":[{"damage_healed":6,"gold_gain":0,"player_choice":"Full Heal","damage_taken":0,"max_hp_gain":0,"max_hp_loss":0,"event_name":"Wheel of Change","floor":2,"gold_loss":0}],"is_beta":false,"boss_relics":[{"not_picked":["Velvet Choker","Astrolabe"],"picked":"Inserter"}],"items_purged_floors":[],"is_endless":false,"potions_floor_spawned":[5,6,11,12,14,19],"killed_by":"Cultist and Chosen","ascension_level":0}