{"gold_per_floor":[114,114,114,133,133,133,156,177,202,202,377,402,402,53,53,181,181,197,197,197,223,423,456,456,456,456,456,456,37,55,69,69,69],"floor_reached":33,"playtime":935,"items_purged":["Doubt"],"score":339,"play_id":"4333ecad-defe-4b54-a5c7-f193c7b5d4ed","local_time":"20181130094437","is_ascension_mode":true,"campfire_choices":[{"floor":6,"key":"RECALL"},{"floor":13,"key":"REST"},{"data":"Static Discharge","floor":15,"key":"SMITH"},{"floor":28,"key":"REST"},{"floor":32,"key":"REST"}],"neow_cost":"NONE","seed_source_timestamp":1070856544048952,"circlet_count":0,"master_deck":["Defend_B","Defend_B","Defend_B","Zap+1","Hyperbeam","Injury","Static Discharge","BootSequence","Conserve Battery","Static Discharge+1","Core Surge","Bite","Bite","Bite","Bite","Bite","Amplify","Tempest","Flying Knee+1"],"relics":["Cracked Core","Golden Idol","Potion Belt","Anchor","Tiny Chest","Juzu Bracelet","Busted Crown","Blood Vial","Omamori","Bronze Scales","Bottled Flame","Question Card","Boot","PrismaticShard"],"potions_floor_usage":[8,16,16,31,33],"damage_taken":[{"damage":0,"enemies":"Small Slimes","floor":1,"turns":1},{"damage":0,"enemies":"Jaw Worm","floor":4,"turns":1},{"damage":0,"enemies":"2 Louse","floor":7,"turns":1},{"damage":0,"enemies":"Large Slime","floor":8,"turns":4},{"damage":4,"enemies":"2 Fungi Beasts","floor":12,"turns":3},{"damage":31,"enemies":"The Guardian","floor":16,"turns":8},{"damage":7,"enemies":"Spheric Guardian","floor":18,"turns":3},{"damage":40,"enemies":"Slavers","floor":23,"turns":4},{"damage":11,"enemies":"2 Thieves","floor":30,"turns":2},{"damage":12,"enemies":"Centurion and Healer","floor":31,"turns":3},{"damage":68,"enemies":"Champ","floor":33,"turns":9}],"seed_played":"1606771139812467043","potions_obtained":[{"floor":1,"key":"Regen Potion"},{"floor":4,"key":"Swift Potion"},{"floor":8,"key":"Fire Potion"},{"floor":23,"key":"Weak Potion"},{"floor":31,"key":"Weak Potion"}],"is_trial":false,"path_per_floor":["M","?","T","M","?","R","M","M","T","?","?","M","R","$","R","B",null,"M","?","?","T","?","E","?","?","T","T","R","$","M","M","R","B"],"character_chosen":"DEFECT","items_purchased":["Tiny Chest","Juzu Bracelet","Static Discharge","Boot","PrismaticShard"],"campfire_rested":3,"item_purchase_floors":[14,14,14,29,29],"current_hp_per_floor":[75,75,75,75,60,60,60,69,69,51,51,47,69,69,69,38,66,59,59,52,52,52,18,18,18,18,18,33,33,28,22,37,0],"gold":69,"neow_bonus":"ONE_RANDOM_RARE_CARD","is_prod":false,"is_daily":false,"chose_seed":false,"campfire_upgraded":1,"win_rate":0,"timestamp":1543567477,"path_taken":["M","?","?","M","?","R","M","?","T","?","?","M","R","$","R","BOSS","M","?","?","?","?","E","?","?","T","?","R","$","M","M","R","BOSS"],"build_version":"2018-11-15","purchased_purges":1,"victory":false,"max_hp_per_floor":[75,75,75,75,75,75,75,75,75,75,75,75,75,75,75,75,75,75,75,52,52,52,52,52,52,52,52,52,52,52,52,52,52],"card_choices":[{"not_picked":["Skim","Hologram","Compile Driver"],"picked":"SKIP","floor":1},{"not_picked":["Rebound","Fusion"],"picked":"Static Discharge","floor":4},{"not_picked":["Barrage","Chaos"],"picked":"BootSequence","floor":7},{"not_picked":["Chill","Steam Power"],"picked":"Conserve Battery","floor":8},{"not_picked":["Cold Snap","Turbo","Compile Driver"],"picked":"SKIP","floor":12},{"not_picked":["Multi-Cast","Hyperbeam"],"picked":"Core Surge","floor":16},{"not_picked":["Sweeping Beam"],"picked":"SKIP","floor":18},{"not_picked":["Skim"],"picked":"SKIP","floor":23},{"not_picked":["Double Energy+1"],"picked":"Flying Knee+1","floor":30},{"not_picked":["Outmaneuver","Calculated Gamble"],"picked":"SKIP","floor":31}],"player_experience":323150,"relics_obtained":[{"floor":9,"key":"Potion Belt"},{"floor":21,"key":"Blood Vial"},{"floor":23,"key":"Omamori"},{"floor":26,"key":"Bottled Flame"},{"floor":27,"key":"Question Card"}],"event_choices":[{"damage_healed":0,"gold_gain":0,"player_choice":"Take Wound","damage_taken":0,"relics_obtained":["Golden Idol"],"max_hp_gain":0,"max_hp_loss":0,"event_name":"Golden Idol","floor":2,"gold_loss":0,"cards_obtained":["Injury"]},{"damage_healed":0,"gold_gain":0,"player_choice":"Entered Light","damage_taken":15,"max_hp_gain":0,"max_hp_loss":0,"event_name":"Shining Light","floor":5,"gold_loss":0,"cards_upgraded":["Strike_B","Zap"]},{"damage_healed":0,"gold_gain":0,"player_choice":"Success","damage_taken":18,"relics_obtained":["Anchor"],"max_hp_gain":0,"max_hp_loss":0,"event_name":"Scrap Ooze","floor":10,"gold_loss":0},{"damage_healed":0,"gold_gain":175,"player_choice":"AGREE","damage_taken":0,"max_hp_gain":0,"max_hp_loss":0,"event_name":"Liars Game","floor":11,"gold_loss":0,"cards_obtained":["Doubt"]},{"damage_healed":0,"gold_gain":0,"player_choice":"Ignored","damage_taken":0,"max_hp_gain":0,"max_hp_loss":0,"event_name":"Ghosts","floor":19,"gold_loss":0},{"damage_healed":0,"gold_gain":0,"player_choice":"Became a vampire","damage_taken":0,"max_hp_gain":0,"max_hp_loss":23,"event_name":"Vampires","floor":20,"gold_loss":0,"cards_obtained":["Bite","Bite","Bite","Bite","Bite"]},{"damage_healed":0,"gold_gain":200,"player_choice":"Gold","damage_taken":0,"max_hp_gain":0,"max_hp_loss":0,"event_name":"Wheel of Change","floor":22,"gold_loss":0},{"damage_healed":0,"gold_gain":0,"cards_transformed":["Dualcast","Defend_B"],"player_choice":"Became Test Subject","damage_taken":0,"max_hp_gain":0,"max_hp_loss":0,"event_name":"Drug Dealer","floor":24,"gold_loss":0,"cards_obtained":["Amplify","Tempest"]},{"damage_healed":0,"gold_gain":0,"player_choice":"Stole Relic","damage_taken":0,"relics_obtained":["Bronze Scales"],"max_hp_gain":0,"max_hp_loss":0,"event_name":"Addict","floor":25,"gold_loss":0,"cards_obtained":["Shame"]}],"is_beta":false,"boss_relics":[{"not_picked":["Astrolabe","Coffee Dripper"],"picked":"Busted Crown"}],"items_purged_floors":[29],"is_endless":false,"potions_floor_spawned":[1,4,8,23,31],"killed_by":"Champ","ascension_level":5}