{"gold_per_floor":[114,129,129,144,144,174,114,144,144,144,151,151,181,196,196,296,296,311,71,71,71,71,101,116,131,131,146,176,176,191,191,191,291,291,306,306,306,321,100,130,145,145,145,25,25,40,55,85,85,85],"floor_reached":51,"playtime":2149,"items_purged":["Well Laid Plans","Slice+1","Underhanded Strike+1"],"score":963,"play_id":"ae66c32b-84fe-4457-91d6-95c7a3097176","local_time":"20190830134128","daily_mods":["Draft","Vintage","Lethality"],"is_ascension_mode":false,"campfire_choices":[{"floor":15,"key":"REST"},{"data":"Burst","floor":29,"key":"SMITH"},{"data":"Accuracy","floor":32,"key":"SMITH"},{"data":"Adrenaline","floor":42,"key":"SMITH"},{"data":"Blade Dance","floor":49,"key":"SMITH"}],"neow_cost":"","seed_source_timestamp":0,"circlet_count":0,"master_deck":["Cloak And Dagger+1","PiercingWail","Dash","Blade Dance+1","Leg Sweep","Endless Agony+1","Dash","Blade Dance+1","Well Laid Plans","Accuracy+1","Infinite Blades","Adrenaline+1","Burst+1","Choke+1","Envenom+1","Master of Strategy","Accuracy+1","Infinite Blades+1"],"special_seed":18138,"relics":["Ring of the Snake","Darkstone Periapt","Question Card","Molten Egg 2","The Courier","Ninja Scroll","Frozen Egg 2","Odd Mushroom","Nunchaku","Oddly Smooth Stone","Happy Flower","Sling","Lantern","Singing Bowl","Paper Crane","Mummified Hand","Bag of Preparation","Whetstone","Black Star","Art of War","Pear","Dream Catcher","Gremlin Horn","Boot","Mercury Hourglass","Bag of Marbles","Regal Pillow","Letter Opener","Blood Vial","Snake Skull"],"potions_floor_usage":[16,27,30,50,50,50],"damage_taken":[{"damage":0,"enemies":"Jaw Worm","floor":1,"turns":1},{"damage":0,"enemies":"Small Slimes","floor":2,"turns":2},{"damage":0,"enemies":"2 Louse","floor":4,"turns":1},{"damage":15,"enemies":"Lagavulin","floor":6,"turns":5},{"damage":2,"enemies":"3 Sentries","floor":8,"turns":3},{"damage":0,"enemies":"The Mushroom Lair","floor":11,"turns":2},{"damage":0,"enemies":"Gremlin Nob","floor":13,"turns":2},{"damage":0,"enemies":"2 Fungi Beasts","floor":14,"turns":1},{"damage":24,"enemies":"The Guardian","floor":16,"turns":6},{"damage":0,"enemies":"2 Thieves","floor":18,"turns":2},{"damage":7,"enemies":"Book of Stabbing","floor":23,"turns":3},{"damage":0,"enemies":"Shell Parasite","floor":24,"turns":2},{"damage":3,"enemies":"3 Cultists","floor":25,"turns":3},{"damage":0,"enemies":"Snake Plant","floor":27,"turns":1},{"damage":0,"enemies":"Slavers","floor":28,"turns":2},{"damage":0,"enemies":"Snecko","floor":30,"turns":2},{"damage":33,"enemies":"Automaton","floor":33,"turns":5},{"damage":0,"enemies":"Orb Walker","floor":35,"turns":1},{"damage":0,"enemies":"3 Darklings","floor":38,"turns":2},{"damage":0,"enemies":"Giant Head","floor":40,"turns":1},{"damage":0,"enemies":"Maw","floor":41,"turns":4},{"damage":0,"enemies":"Jaw Worm Horde","floor":46,"turns":2},{"damage":0,"enemies":"4 Shapes","floor":47,"turns":1},{"damage":0,"enemies":"Reptomancer","floor":48,"turns":1},{"damage":23,"enemies":"Donu and Deca","floor":50,"turns":4}],"seed_played":"4996878877352325643","potions_obtained":[{"floor":4,"key":"Strength Potion"},{"floor":11,"key":"SpeedPotion"},{"floor":14,"key":"Ancient Potion"},{"floor":16,"key":"Swift Potion"},{"floor":18,"key":"Fire Potion"},{"floor":23,"key":"Swift Potion"},{"floor":25,"key":"FearPotion"},{"floor":33,"key":"EssenceOfSteel"},{"floor":35,"key":"Strength Potion"},{"floor":46,"key":"SkillPotion"},{"floor":48,"key":"Dexterity Potion"}],"is_trial":false,"path_per_floor":["M","M","?","M","?","E","$","E","T","?","?","?","E","M","R","B",null,"M","$","?","?","$","E","M","M","T","M","E","R","M","?","R","B",null,"M","?","?","M","$","E","M","R","T","$","?","M","M","E","R","B",null],"character_chosen":"THE_SILENT","items_purchased":["Sling","Accuracy+1","Infinite Blades+1","Bag of Marbles"],"campfire_rested":1,"item_purchase_floors":[19,39,39,44],"current_hp_per_floor":[70,70,70,70,56,41,41,39,39,44,44,37,37,37,59,35,75,75,75,75,75,75,68,68,65,65,65,65,65,65,65,65,32,75,75,75,75,85,85,87,87,87,87,87,87,87,87,89,89,66],"gold":85,"neow_bonus":"","is_prod":false,"is_daily":true,"chose_seed":false,"campfire_upgraded":4,"win_rate":0,"timestamp":1567140088,"path_taken":["M","M","?","M","?","E","$","E","T","?","?","?","E","M","R","BOSS","M","$","?","?","$","E","M","M","T","?","E","R","M","?","R","BOSS","M","?","?","?","$","E","M","R","T","$","?","M","M","E","R","BOSS"],"build_version":"2019-07-05","purchased_purges":3,"victory":true,"max_hp_per_floor":[70,70,70,70,70,70,70,70,70,75,75,75,75,75,75,75,75,75,75,75,75,75,75,75,75,75,75,75,75,75,75,75,75,75,75,75,75,85,85,87,87,87,87,87,87,87,87,89,89,89],"card_choices":[{"not_picked":["Blade Dance","Sucker Punch"],"picked":"Cloak And Dagger","floor":0},{"not_picked":["Dodge and Roll","Poisoned Stab"],"picked":"PiercingWail","floor":0},{"not_picked":["Sucker Punch","Bane"],"picked":"Slice","floor":0},{"not_picked":["Deadly Poison","Skewer"],"picked":"Sucker Punch","floor":0},{"not_picked":["Calculated Gamble","Flying Knee"],"picked":"Dash","floor":0},{"not_picked":["Flying Knee","Dash"],"picked":"Blade Dance","floor":0},{"not_picked":["Prepared","Poisoned Stab"],"picked":"Well Laid Plans","floor":0},{"not_picked":["Leg Sweep","Concentrate"],"picked":"Slice","floor":0},{"not_picked":["Flying Knee","Deadly Poison"],"picked":"Leg Sweep","floor":0},{"not_picked":["Flying Knee","Tactician"],"picked":"Endless Agony","floor":0},{"not_picked":["Acrobatics","Calculated Gamble"],"picked":"Endless Agony","floor":0},{"not_picked":["Bane","Poisoned Stab"],"picked":"Dash","floor":0},{"not_picked":["Bane","Poisoned Stab"],"picked":"Blade Dance","floor":0},{"not_picked":["Slice","Crippling Poison"],"picked":"Well Laid Plans","floor":0},{"not_picked":["Noxious Fumes","Backflip"],"picked":"Accuracy","floor":0},{"not_picked":["Dagger Throw+1","Leg Sweep","Corpse Explosion"],"picked":"Infinite Blades","floor":6},{"not_picked":["Backflip","Dagger Spray+1","Flechettes+1","Escape Plan"],"picked":"SKIP","floor":8},{"not_picked":["Underhanded Strike+1","PiercingWail","Malaise","Poisoned Stab+1"],"picked":"SKIP","floor":13},{"not_picked":["Venomology","Storm of Steel","Burst"],"picked":"Adrenaline","floor":16},{"not_picked":["Bane+1","Dodge and Roll","Sucker Punch+1","Outmaneuver+1"],"picked":"SKIP","floor":23},{"not_picked":["Slice+1","Backflip+1","Backstab+1"],"picked":"Burst","floor":28},{"not_picked":["Storm of Steel","Malaise","Venomology"],"picked":"Envenom+1","floor":33},{"not_picked":["PanicButton","Enlightenment","Magnetism+1"],"picked":"Master of Strategy","floor":36},{"not_picked":["All Out Attack+1","Slice+1","Blade Dance","Footwork+1"],"picked":"Singing Bowl","floor":40},{"not_picked":["Wraith Form v2+1","Dash+1","Dodge and Roll","Distraction+1"],"picked":"Singing Bowl","floor":48}],"player_experience":632490,"relics_obtained":[{"floor":1,"key":"Darkstone Periapt"},{"floor":2,"key":"Question Card"},{"floor":4,"key":"Molten Egg 2"},{"floor":6,"key":"The Courier"},{"floor":8,"key":"Ninja Scroll"},{"floor":9,"key":"Frozen Egg 2"},{"floor":11,"key":"Odd Mushroom"},{"floor":13,"key":"Nunchaku"},{"floor":14,"key":"Oddly Smooth Stone"},{"floor":18,"key":"Happy Flower"},{"floor":23,"key":"Lantern"},{"floor":24,"key":"Singing Bowl"},{"floor":25,"key":"Paper Crane"},{"floor":26,"key":"Mummified Hand"},{"floor":28,"key":"Bag of Preparation"},{"floor":30,"key":"Whetstone"},{"floor":35,"key":"Art of War"},{"floor":38,"key":"Pear"},{"floor":40,"key":"Dream Catcher"},{"floor":40,"key":"Gremlin Horn"},{"floor":41,"key":"Boot"},{"floor":43,"key":"Mercury Hourglass"},{"floor":46,"key":"Regal Pillow"},{"floor":47,"key":"Letter Opener"},{"floor":48,"key":"Blood Vial"},{"floor":48,"key":"Snake Skull"}],"event_choices":[{"damage_healed":0,"gold_gain":0,"player_choice":"Ignored","damage_taken":0,"max_hp_gain":0,"max_hp_loss":0,"event_name":"Liars Game","floor":3,"gold_loss":0},{"damage_healed":0,"gold_gain":0,"player_choice":"Entered Light","damage_taken":14,"max_hp_gain":0,"max_hp_loss":0,"event_name":"Shining Light","floor":5,"gold_loss":0,"cards_upgraded":["Blade Dance","Slice"]},{"damage_healed":0,"gold_gain":0,"player_choice":"Donut","damage_taken":0,"max_hp_gain":5,"max_hp_loss":0,"event_name":"Big Fish","floor":10,"gold_loss":0},{"damage_healed":0,"gold_gain":0,"player_choice":"Fought Mushrooms","damage_taken":0,"max_hp_gain":0,"max_hp_loss":0,"event_name":"Mushrooms","floor":11,"gold_loss":0},{"cards_removed":["Slice"],"damage_healed":0,"gold_gain":0,"player_choice":"Card Removal","damage_taken":7,"max_hp_gain":0,"max_hp_loss":0,"event_name":"Golden Wing","floor":12,"gold_loss":0},{"damage_healed":0,"gold_gain":0,"player_choice":"Ignored","damage_taken":0,"max_hp_gain":0,"max_hp_loss":0,"event_name":"Ghosts","floor":20,"gold_loss":0},{"damage_healed":0,"gold_gain":0,"cards_transformed":["Sucker Punch"],"player_choice":"Transformed","damage_taken":0,"max_hp_gain":0,"max_hp_loss":0,"event_name":"Transmorgrifier","floor":21,"gold_loss":0,"cards_obtained":["Underhanded Strike"]},{"damage_healed":0,"gold_gain":0,"player_choice":"Read","damage_taken":0,"max_hp_gain":0,"max_hp_loss":0,"event_name":"The Library","floor":31,"gold_loss":0,"cards_obtained":["Choke"]},{"damage_healed":0,"gold_gain":0,"player_choice":"Memory 1","damage_taken":0,"max_hp_gain":0,"max_hp_loss":0,"event_name":"SensoryStone","floor":36,"gold_loss":0},{"damage_healed":0,"gold_gain":0,"player_choice":"Upgraded","damage_taken":0,"max_hp_gain":0,"max_hp_loss":0,"event_name":"Upgrade Shrine","floor":37,"gold_loss":0,"cards_upgraded":["Cloak And Dagger"]},{"cards_removed":["Endless Agony"],"damage_healed":0,"gold_gain":0,"player_choice":"Removed Attack","damage_taken":0,"max_hp_gain":0,"max_hp_loss":0,"event_name":"Falling","floor":45,"gold_loss":0}],"is_beta":false,"boss_relics":[{"not_picked":["Coffee Dripper","HoveringKite","Sozu"]},{"not_picked":["White Beast Statue","Astrolabe"],"picked":"Black Star"}],"items_purged_floors":[7,19,39],"is_endless":false,"potions_floor_spawned":[4,11,14,16,18,23,25,33,35,46,48],"ascension_level":0}