{"gold_per_floor":[218,188,263,263,279,279,290,23,103,58,73,83,83,116,116,211,211,230,50,50,60,71,71,71,85,109,121,136,136],"floor_reached":29,"playtime":1405,"items_purged":[],"score":261,"play_id":"f5345052-0558-428c-9902-0f82b330a857","local_time":"20180818111524","is_ascension_mode":true,"campfire_choices":[{"data":"Flex","floor":6,"key":"SMITH"},{"data":"Bash","floor":13,"key":"SMITH"},{"data":"Anger","floor":15,"key":"SMITH"},{"floor":23,"key":"REST"}],"neow_cost":"NONE","seed_source_timestamp":118151603265812,"circlet_count":0,"master_deck":["Strike_R","Strike_R","Strike_R","Strike_R","Strike_R","Defend_R","Defend_R","Defend_R","Defend_R","Bash+1","Dropkick","Flex+1","Anger+1","Offering","Thunderclap","Clash","Warcry","Shrug It Off","Juggernaut","Shrug It Off+1","Mayhem","Decay","Shrug It Off","Corruption+1","Sentinel","Rupture","Spot Weakness"],"relics":["Burning Blood","GremlinMask","ClockworkSouvenir","Gremlin Horn","Happy Flower","Velvet Choker","Gambling Chip","Lantern"],"potions_floor_usage":[5,12,14,16,18,25,28,29,29,29,29],"damage_taken":[{"damage":0,"enemies":"Small Slimes","floor":1,"turns":3},{"damage":0,"enemies":"Cultist","floor":5,"turns":2},{"damage":2,"enemies":"2 Louse","floor":7,"turns":3},{"damage":8,"enemies":"Blue Slaver","floor":11,"turns":3},{"damage":0,"enemies":"3 Louse","floor":12,"turns":2},{"damage":14,"enemies":"Gremlin Nob","floor":14,"turns":3},{"damage":60,"enemies":"The Guardian","floor":16,"turns":8},{"damage":10,"enemies":"Shell Parasite","floor":18,"turns":3},{"damage":22,"enemies":"Chosen","floor":21,"turns":5},{"damage":32,"enemies":"Centurion and Healer","floor":22,"turns":5},{"damage":21,"enemies":"Snake Plant","floor":25,"turns":3},{"damage":17,"enemies":"3 Cultists","floor":27,"turns":5},{"damage":17,"enemies":"Sentry and Sphere","floor":28,"turns":5},{"damage":38,"enemies":"Shelled Parasite and Fungi","floor":29,"turns":3}],"seed_played":"2073956791589460532","potions_obtained":[{"floor":1,"key":"Weak Potion"},{"floor":2,"key":"AttackPotion"},{"floor":2,"key":"Ancient Potion"},{"floor":11,"key":"SkillPotion"},{"floor":12,"key":"Regen Potion"},{"floor":16,"key":"AttackPotion"},{"floor":21,"key":"Ancient Potion"},{"floor":22,"key":"AttackPotion"},{"floor":27,"key":"FearPotion"},{"floor":28,"key":"EntropicBrew"}],"is_trial":false,"path_per_floor":["M","?","?","?","M","R","M","$","T","$","M","M","R","E","R","B",null,"M","$","?","M","M","R","?","M","T","M","M"],"character_chosen":"IRONCLAD","items_purchased":["ClockworkSouvenir","Offering","Thunderclap","Mayhem"],"campfire_rested":1,"item_purchase_floors":[8,8,10,19],"current_hp_per_floor":[80,80,69,69,75,75,79,79,79,79,77,80,80,78,78,24,80,76,76,76,60,34,58,58,43,43,32,21,0],"gold":136,"neow_bonus":"HUNDRED_GOLD","is_prod":false,"is_daily":false,"chose_seed":false,"campfire_upgraded":3,"win_rate":0,"timestamp":1534583724,"path_taken":["M","?","?","?","M","R","M","$","T","?","M","?","R","E","R","BOSS","M","$","?","M","M","R","?","M","T","M","?","?"],"build_version":"2018-08-16","purchased_purges":0,"victory":false,"max_hp_per_floor":[80,80,80,80,80,80,80,80,80,80,80,80,80,80,80,80,80,80,80,80,80,80,80,80,80,80,80,80,80],"card_choices":[{"not_picked":["Thunderclap","Iron Wave"],"picked":"Dropkick","floor":1},{"not_picked":["Entrench","Armaments"],"picked":"Flex","floor":5},{"not_picked":["Clothesline","Evolve"],"picked":"Anger","floor":7},{"not_picked":["Flex","Heavy Blade"],"picked":"Clash","floor":11},{"not_picked":["Bloodletting","Power Through"],"picked":"Warcry","floor":12},{"not_picked":["Corruption","Reaper"],"picked":"Shrug It Off","floor":14},{"not_picked":["Impervious","Dark Embrace"],"picked":"Juggernaut","floor":16},{"not_picked":["Battle Trance","Uppercut"],"picked":"Shrug It Off+1","floor":18},{"not_picked":["Body Slam","Wild Strike+1"],"picked":"Shrug It Off","floor":21},{"not_picked":["Sword Boomerang","Warcry"],"picked":"Corruption+1","floor":22},{"not_picked":["Pummel","Battle Trance"],"picked":"Sentinel","floor":25},{"not_picked":["Uppercut","Clothesline+1"],"picked":"Rupture","floor":27},{"not_picked":["Twin Strike","Rampage+1"],"picked":"Spot Weakness","floor":28}],"player_experience":213664,"relics_obtained":[{"floor":9,"key":"Gremlin Horn"},{"floor":14,"key":"Happy Flower"},{"floor":26,"key":"Lantern"}],"event_choices":[{"event_name":"The Woman in Blue","player_choice":"Bought 2 Potions","floor":2,"damage_taken":0},{"event_name":"World of Goop","player_choice":"Gather Gold","floor":3,"damage_taken":0},{"event_name":"FaceTrader","player_choice":"Trade","floor":4,"damage_taken":0},{"event_name":"Wheel of Change","player_choice":"Curse","floor":20,"damage_taken":0},{"event_name":"The Mausoleum","player_choice":"Yes","floor":24,"damage_taken":0}],"is_beta":false,"boss_relics":[{"not_picked":["White Beast Statue","Snecko Eye"],"picked":"Velvet Choker"}],"items_purged_floors":[],"is_endless":false,"potions_floor_spawned":[1,11,12,16,21,22,27,28],"killed_by":"Shelled Parasite and Fungi","ascension_level":3}