{"gold_per_floor":[114,129,129,129,144,144,159,189,239,254,254,269,119,134,134,234,234,249,249,209,224,254,254,254,269,269,269,284,314,329,344,344,444,444,459,459,14,29,29,59,59,59,134,134,149,149],"floor_reached":46,"playtime":4336,"items_purged":[],"score":542,"play_id":"895bb425-2fa4-4056-ad29-95099f3624df","local_time":"20190827182546","daily_mods":["Heirloom","Blue Cards","DeadlyEvents"],"is_ascension_mode":false,"campfire_choices":[{"data":"Ball Lightning","floor":6,"key":"SMITH"},{"floor":11,"key":"REST"},{"data":"Chaos","floor":15,"key":"SMITH"},{"floor":23,"key":"REST"},{"floor":27,"key":"REST"},{"floor":32,"key":"REST"},{"floor":41,"key":"REST"},{"floor":44,"key":"REST"}],"neow_cost":"","seed_source_timestamp":0,"circlet_count":0,"master_deck":["Strike_R","Strike_R+1","Strike_R","Strike_R","Strike_R","Defend_R+1","Defend_R","Defend_R","Defend_R","Bash","Ball Lightning+1","Heavy Blade","Go for the Eyes","Capacitor","Tempest","Chaos+1","Reinforced Body","Redo","Buffer+1","Auto Shields","Beam Cell+1","Streamline","Ball Lightning","Auto Shields+1","Streamline","Cold Snap","Melter","Double Tap+1","Clash+1","Genetic Algorithm+1","Good Instincts+1","Perfected Strike","Hyperbeam","Reinforced Body+1","Consume+1","Hologram+1"],"special_seed":18136,"relics":["Burning Blood","Ice Cream","Anchor","Orichalcum","Lantern","Fusion Hammer","Enchiridion","Turnip","Toxic Egg 2","Prayer Wheel","Mark of Pain","Ginger","Smiling Mask","Shuriken"],"potions_floor_usage":[22,22,30,33,33,40,40],"damage_taken":[{"damage":7,"enemies":"Cultist","floor":1,"turns":5},{"damage":2,"enemies":"Small Slimes","floor":2,"turns":3},{"damage":3,"enemies":"Jaw Worm","floor":5,"turns":3},{"damage":8,"enemies":"Large Slime","floor":7,"turns":5},{"damage":49,"enemies":"Lagavulin","floor":8,"turns":7},{"damage":3,"enemies":"Exordium Thugs","floor":10,"turns":4},{"damage":3,"enemies":"Lots of Slimes","floor":12,"turns":4},{"damage":3,"enemies":"2 Fungi Beasts","floor":14,"turns":3},{"damage":43,"enemies":"Hexaghost","floor":16,"turns":13},{"damage":12,"enemies":"Spheric Guardian","floor":18,"turns":4},{"damage":0,"enemies":"Chosen","floor":21,"turns":4},{"damage":53,"enemies":"Gremlin Leader","floor":22,"turns":6},{"damage":13,"enemies":"Sentry and Sphere","floor":25,"turns":4},{"damage":0,"enemies":"Snake Plant","floor":28,"turns":3},{"damage":39,"enemies":"Slavers","floor":29,"turns":6},{"damage":7,"enemies":"3 Cultists","floor":30,"turns":5},{"damage":0,"enemies":"Sentry and Sphere","floor":31,"turns":5},{"damage":34,"enemies":"Collector","floor":33,"turns":10},{"damage":63,"enemies":"3 Darklings","floor":35,"turns":7},{"damage":8,"enemies":"3 Shapes","floor":38,"turns":7},{"damage":37,"enemies":"Giant Head","floor":40,"turns":10},{"damage":0,"enemies":"Maw","floor":45,"turns":6},{"damage":100,"enemies":"Nemesis","floor":46,"turns":6}],"seed_played":"-4594230523383984228","potions_obtained":[{"floor":2,"key":"BloodPotion"},{"floor":5,"key":"LiquidBronze"},{"floor":14,"key":"AttackPotion"},{"floor":22,"key":"PowerPotion"},{"floor":25,"key":"Ancient Potion"},{"floor":31,"key":"Weak Potion"},{"floor":35,"key":"Ancient Potion"},{"floor":38,"key":"Swift Potion"}],"is_trial":false,"path_per_floor":["M","M","?","?","M","R","M","E","T","M","R","M","$","M","R","B",null,"M","?","?","M","E","R","?","M","T","R","M","E","M","M","R","B",null,"M","?","$","M","$","E","R","?","T","R","M","E"],"character_chosen":"IRONCLAD","items_purchased":["Lantern","Ginger","Good Instincts+1","Perfected Strike"],"campfire_rested":6,"item_purchase_floors":[13,37,37,37],"current_hp_per_floor":[79,80,80,80,80,80,78,35,35,38,62,65,65,68,68,31,80,74,58,58,64,37,61,61,54,54,78,80,47,46,52,76,48,80,23,70,70,68,68,37,58,58,58,70,70,0],"gold":149,"neow_bonus":"","is_prod":false,"is_daily":true,"chose_seed":false,"campfire_upgraded":2,"win_rate":0,"timestamp":1566955546,"path_taken":["M","?","?","?","M","R","M","E","T","?","R","M","$","M","R","BOSS","M","?","?","M","?","R","?","?","T","R","M","?","?","M","R","BOSS","M","?","$","?","$","E","R","?","T","R","M","?"],"build_version":"2019-07-17","purchased_purges":0,"victory":false,"max_hp_per_floor":[80,80,80,80,80,80,80,80,80,80,80,80,80,80,80,80,80,80,80,80,80,80,80,80,80,80,80,80,80,80,80,80,80,80,80,70,70,70,70,70,70,70,70,70,70,70],"card_choices":[{"not_picked":["Clothesline","True Grit"],"picked":"Ball Lightning","floor":1},{"not_picked":["Warcry","Pommel Strike"],"picked":"Heavy Blade","floor":2},{"not_picked":["Clash","Body Slam"],"picked":"Go for the Eyes","floor":5},{"not_picked":["Havoc","Sword Boomerang"],"picked":"Capacitor","floor":7},{"not_picked":["Armaments","Heatsinks"],"picked":"Tempest","floor":8},{"not_picked":["Infernal Blade","Pommel Strike"],"picked":"Chaos","floor":10},{"not_picked":["Dual Wield","Aggregate"],"picked":"Reinforced Body","floor":12},{"not_picked":["Whirlwind","Hemokinesis"],"picked":"Redo","floor":14},{"not_picked":["Barricade","Berserk"],"picked":"Buffer","floor":16},{"not_picked":["Sunder","Warcry"],"picked":"Auto Shields","floor":18},{"not_picked":["Steam","Anger+1"],"picked":"Beam Cell+1","floor":21},{"not_picked":["Reprogram","Thunderclap+1"],"picked":"Streamline","floor":22},{"not_picked":["Stack","Clothesline","Rebound"],"picked":"SKIP","floor":25},{"not_picked":["True Grit+1","Feel No Pain"],"picked":"Ball Lightning","floor":28},{"not_picked":["Berserk","Seeing Red+1"],"picked":"Auto Shields+1","floor":29},{"not_picked":["Dual Wield+1","Anger"],"picked":"Streamline","floor":30},{"not_picked":["Turbo+1","Clash","Rupture+1"],"picked":"SKIP","floor":30},{"not_picked":["Havoc+1","Whirlwind"],"picked":"Cold Snap","floor":31},{"not_picked":["Rebound","Feel No Pain"],"picked":"Melter","floor":31},{"not_picked":["Feed","All For One"],"picked":"Double Tap+1","floor":33},{"not_picked":["Seeing Red+1","Wild Strike"],"picked":"Clash+1","floor":35},{"not_picked":["Fusion+1","Evolve+1"],"picked":"Genetic Algorithm+1","floor":35},{"not_picked":["Gash","Barrage+1"],"picked":"Hyperbeam","floor":38},{"not_picked":["Aggregate+1","Armaments+1","Rupture+1"],"picked":"SKIP","floor":38},{"not_picked":["Limit Break+1","Sword Boomerang"],"picked":"Reinforced Body+1","floor":40},{"not_picked":["Turbo+1","Hemokinesis"],"picked":"Consume+1","floor":45},{"not_picked":["Havoc+1","Sever Soul"],"picked":"Hologram+1","floor":45}],"player_experience":82942,"relics_obtained":[{"floor":8,"key":"Anchor"},{"floor":9,"key":"Orichalcum"},{"floor":19,"key":"Enchiridion"},{"floor":22,"key":"Turnip"},{"floor":26,"key":"Toxic Egg 2"},{"floor":29,"key":"Prayer Wheel"},{"floor":40,"key":"Smiling Mask"},{"floor":43,"key":"Shuriken"}],"event_choices":[{"damage_healed":0,"gold_gain":0,"player_choice":"Leave","damage_taken":0,"max_hp_gain":0,"max_hp_loss":0,"event_name":"The Cleric","floor":3,"gold_loss":0},{"damage_healed":0,"gold_gain":0,"player_choice":"Ignored","damage_taken":0,"max_hp_gain":0,"max_hp_loss":0,"event_name":"Liars Game","floor":4,"gold_loss":0},{"damage_healed":0,"gold_gain":0,"player_choice":"Obtained Book","damage_taken":16,"max_hp_gain":0,"max_hp_loss":0,"event_name":"Cursed Tome","floor":19,"gold_loss":0},{"damage_healed":0,"gold_gain":0,"player_choice":"Upgraded Two","damage_taken":0,"max_hp_gain":0,"max_hp_loss":0,"event_name":"Designer","floor":20,"gold_loss":40,"cards_upgraded":["Strike_R","Defend_R"]},{"damage_healed":0,"gold_gain":0,"player_choice":"Ignored","damage_taken":0,"max_hp_gain":0,"max_hp_loss":0,"event_name":"Ghosts","floor":24,"gold_loss":0},{"damage_healed":70,"gold_gain":0,"player_choice":"Heal","damage_taken":0,"max_hp_gain":0,"max_hp_loss":10,"event_name":"The Moai Head","floor":36,"gold_loss":0},{"damage_healed":0,"gold_gain":0,"player_choice":"Forge","damage_taken":0,"max_hp_gain":0,"max_hp_loss":0,"event_name":"Accursed Blacksmith","floor":42,"gold_loss":0,"cards_upgraded":["Buffer"]}],"is_beta":false,"boss_relics":[{"not_picked":["Busted Crown","Runic Dome"],"picked":"Fusion Hammer"},{"not_picked":["Empty Cage","Velvet Choker"],"picked":"Mark of Pain"}],"items_purged_floors":[],"is_endless":false,"potions_floor_spawned":[2,5,14,16,22,25,29,30,31,35,38],"killed_by":"Nemesis","ascension_level":0}