{"gold_per_floor":[361,9,9,9,9,9,19,35,35,35,35,49,68,83,83,83],"floor_reached":16,"playtime":522,"items_purged":[],"score":110,"play_id":"723e2d0c-37a6-4be6-a241-cff0b8eb5080","local_time":"20181126184909","is_ascension_mode":true,"campfire_choices":[{"floor":6,"key":"REST"},{"floor":15,"key":"REST"}],"neow_cost":"PERCENT_DAMAGE","seed_source_timestamp":758326105865397,"circlet_count":0,"master_deck":["Strike_R","Strike_R+1","Strike_R","Strike_R","Strike_R","Defend_R","Defend_R+1","Defend_R","Defend_R","Bash","Warcry","Pain","Clash","Uppercut","Regret","Warcry"],"relics":["Burning Blood","Juzu Bracelet","TheAbacus","WarpedTongs","Du-Vu Doll","Oddly Smooth Stone"],"potions_floor_usage":[12,13],"damage_taken":[{"damage":10,"enemies":"Cultist","floor":1,"turns":5},{"damage":0,"enemies":"Small Slimes","floor":7,"turns":2},{"damage":3,"enemies":"Jaw Worm","floor":8,"turns":3},{"damage":1,"enemies":"3 Louse","floor":12,"turns":3},{"damage":30,"enemies":"Gremlin Gang","floor":13,"turns":3},{"damage":6,"enemies":"Red Slaver","floor":14,"turns":2},{"damage":74,"enemies":"The Guardian","floor":16,"turns":10}],"seed_played":"118552326682047175","potions_obtained":[{"floor":7,"key":"Fire Potion"},{"floor":8,"key":"LiquidBronze"},{"floor":12,"key":"SpeedPotion"}],"is_trial":false,"path_per_floor":["M","$","?","$","?","R","M","M","T","?","$","M","M","M","R","B"],"character_chosen":"IRONCLAD","items_purchased":["Juzu Bracelet","TheAbacus"],"campfire_rested":2,"item_purchase_floors":[2,2],"current_hp_per_floor":[52,52,52,52,36,60,66,69,69,69,69,74,50,50,74,0],"gold":83,"neow_bonus":"TWO_FIFTY_GOLD","is_prod":false,"is_daily":false,"chose_seed":false,"campfire_upgraded":0,"win_rate":0,"timestamp":1543254549,"path_taken":["M","$","?","?","?","R","M","M","T","?","?","M","M","M","R","BOSS"],"build_version":"2018-11-15","purchased_purges":0,"victory":false,"max_hp_per_floor":[80,80,80,80,80,80,80,80,80,80,80,80,80,80,80,80],"card_choices":[{"not_picked":["Twin Strike","Anger"],"picked":"Warcry","floor":1},{"not_picked":["Ghostly Armor","Twin Strike"],"picked":"Clash","floor":7},{"not_picked":["Thunderclap","Heavy Blade"],"picked":"Uppercut","floor":8},{"not_picked":["Carnage","Twin Strike","Clash"],"picked":"SKIP","floor":12},{"not_picked":["Exhume","Heavy Blade"],"picked":"Warcry","floor":13},{"not_picked":["Headbutt","Twin Strike","Clothesline"],"picked":"SKIP","floor":14}],"player_experience":314505,"relics_obtained":[{"floor":9,"key":"Du-Vu Doll"}],"event_choices":[{"damage_healed":0,"gold_gain":0,"player_choice":"Rummage","damage_taken":0,"relics_obtained":["WarpedTongs"],"max_hp_gain":0,"max_hp_loss":0,"event_name":"Accursed Blacksmith","floor":3,"gold_loss":0,"cards_obtained":["Pain"]},{"damage_healed":0,"gold_gain":0,"player_choice":"Entered Light","damage_taken":16,"max_hp_gain":0,"max_hp_loss":0,"event_name":"Shining Light","floor":5,"gold_loss":0,"cards_upgraded":["Strike_R","Defend_R"]},{"damage_healed":0,"gold_gain":0,"player_choice":"Box","damage_taken":0,"relics_obtained":["Oddly Smooth Stone"],"max_hp_gain":0,"max_hp_loss":0,"event_name":"Big Fish","floor":10,"gold_loss":0,"cards_obtained":["Regret"]}],"is_beta":false,"boss_relics":[],"items_purged_floors":[],"is_endless":false,"potions_floor_spawned":[7,8,12],"killed_by":"The Guardian","ascension_level":4}