{"gold_per_floor":[113,125,137,150,26,26,52,52,105,167,231,231,250,250,250,350,350,366,384,396,396,406,406,419,450,475,475,475,498,514,27,27,27],"floor_reached":33,"playtime":1895,"items_purged":["Normality"],"score":387,"play_id":"3641039a-8bfa-42af-94c0-9d04457351e3","local_time":"20181109161549","is_ascension_mode":true,"campfire_choices":[{"data":"Noxious Fumes","floor":6,"key":"SMITH"},{"data":"Neutralize","floor":8,"key":"SMITH"},{"floor":12,"key":"REST"},{"data":"Deadly Poison","floor":15,"key":"SMITH"},{"floor":23,"key":"REST"},{"floor":28,"key":"REST"},{"floor":32,"key":"REST"}],"neow_cost":"NONE","seed_source_timestamp":506227480256805,"circlet_count":0,"master_deck":["Defend_G","Defend_G","Defend_G+1","Defend_G","Defend_G","Strike_G","Strike_G","Strike_G","Strike_G","Strike_G","Survivor","Neutralize+1","Escape Plan","Escape Plan","Flechettes","Cloak And Dagger","Noxious Fumes+1","Deflect","Cloak And Dagger","Deflect+1","PiercingWail","Deadly Poison+1","Corpse Explosion","Dodge and Roll+1","Backflip+1","Prepared","Escape Plan","PiercingWail+1","Prepared","Parasite","Deadly Poison+1","Parasite","Prepared","Footwork","Backstab"],"relics":["Ring of the Snake","PreservedInsect","The Courier","Centennial Puzzle","Oddly Smooth Stone","Tiny Chest","Cursed Key","Dream Catcher","War Paint","Pear","Ancient Tea Set","Du-Vu Doll","Art of War"],"potions_floor_usage":[2,7,16,30,33,33],"damage_taken":[{"damage":10,"enemies":"Small Slimes","floor":1,"turns":4},{"damage":2,"enemies":"2 Louse","floor":2,"turns":3},{"damage":1,"enemies":"Jaw Worm","floor":3,"turns":4},{"damage":1,"enemies":"Blue Slaver","floor":4,"turns":5},{"damage":3,"enemies":"3 Sentries","floor":7,"turns":5},{"damage":26,"enemies":"Lagavulin Event","floor":10,"turns":6},{"damage":1,"enemies":"Gremlin Nob","floor":11,"turns":3},{"damage":0,"enemies":"Exordium Wildlife","floor":13,"turns":3},{"damage":22,"enemies":"Slime Boss","floor":16,"turns":11},{"damage":3,"enemies":"2 Thieves","floor":18,"turns":3},{"damage":31,"enemies":"Chosen","floor":19,"turns":5},{"damage":6,"enemies":"Centurion and Healer","floor":20,"turns":5},{"damage":2,"enemies":"3 Cultists","floor":22,"turns":3},{"damage":0,"enemies":"Shelled Parasite and Fungi","floor":24,"turns":6},{"damage":23,"enemies":"Book of Stabbing","floor":25,"turns":7},{"damage":20,"enemies":"Centurion and Healer","floor":30,"turns":6},{"damage":70,"enemies":"Champ","floor":33,"turns":14}],"seed_played":"113309900424318283","potions_obtained":[{"floor":1,"key":"Weak Potion"},{"floor":4,"key":"Explosive Potion"},{"floor":10,"key":"Ancient Potion"},{"floor":20,"key":"Ancient Potion"},{"floor":24,"key":"Strength Potion"},{"floor":30,"key":"Fire Potion"}],"is_trial":false,"path_per_floor":["M","M","M","M","$","R","E","R","T","?","E","R","M","?","R","B",null,"M","M","M","?","M","R","M","E","T","T","R","T","M","$","R","B"],"character_chosen":"THE_SILENT","items_purchased":["Noxious Fumes","Deflect","Du-Vu Doll","Footwork","Art of War"],"campfire_rested":4,"item_purchase_floors":[5,5,31,31,31],"current_hp_per_floor":[60,58,57,56,56,56,53,53,53,27,26,47,47,47,47,25,70,67,36,30,30,28,49,49,26,26,36,60,60,40,40,64,0],"gold":27,"neow_bonus":"RANDOM_COMMON_RELIC","is_prod":false,"is_daily":false,"chose_seed":false,"campfire_upgraded":3,"win_rate":0,"timestamp":1541776549,"path_taken":["M","M","M","M","$","R","E","R","T","?","E","R","M","?","R","BOSS","M","M","M","?","M","R","M","E","T","?","R","?","M","$","R","BOSS"],"build_version":"2018-11-08","purchased_purges":1,"victory":false,"max_hp_per_floor":[70,70,70,70,70,70,70,70,70,70,70,70,70,70,70,70,70,70,70,70,70,70,70,70,70,70,80,80,80,80,80,80,80],"card_choices":[{"not_picked":["Finisher","Acrobatics"],"picked":"Escape Plan","floor":1},{"not_picked":["Heel Hook","Concentrate"],"picked":"Escape Plan","floor":2},{"not_picked":["Masterful Stab","Sucker Punch"],"picked":"Flechettes","floor":3},{"not_picked":["Flechettes","Acrobatics"],"picked":"Cloak And Dagger","floor":4},{"not_picked":["Quick Slash","Outmaneuver"],"picked":"Cloak And Dagger","floor":7},{"not_picked":["Doppelganger","Bane"],"picked":"Deflect","floor":10},{"not_picked":["Finisher","Glass Knife"],"picked":"PiercingWail","floor":11},{"not_picked":["Sucker Punch","Endless Agony"],"picked":"Deadly Poison","floor":13},{"not_picked":["Tools of the Trade","Adrenaline"],"picked":"Corpse Explosion","floor":16},{"not_picked":["Choke+1","Skewer"],"picked":"Dodge and Roll+1","floor":18},{"not_picked":["Outmaneuver+1","Poisoned Stab"],"picked":"Backflip+1","floor":19},{"not_picked":["Masterful Stab","Acrobatics+1"],"picked":"Prepared","floor":20},{"not_picked":["Distraction","Concentrate"],"picked":"Escape Plan","floor":22},{"not_picked":["Reflex+1","Acrobatics"],"picked":"PiercingWail+1","floor":24},{"not_picked":["PiercingWail","Acrobatics"],"picked":"Prepared","floor":25},{"not_picked":["Dodge and Roll","Quick Slash"],"picked":"Deadly Poison+1","floor":28},{"not_picked":["Dash","Terror"],"picked":"Prepared","floor":30},{"not_picked":["Prepared","Skewer"],"picked":"Backstab","floor":32}],"player_experience":256451,"relics_obtained":[{"floor":7,"key":"The Courier"},{"floor":9,"key":"Centennial Puzzle"},{"floor":10,"key":"Oddly Smooth Stone"},{"floor":11,"key":"Tiny Chest"},{"floor":25,"key":"Dream Catcher"},{"floor":26,"key":"War Paint"},{"floor":27,"key":"Pear"},{"floor":29,"key":"Ancient Tea Set"}],"event_choices":[{"damage_healed":0,"gold_gain":30,"player_choice":"Searched \u00272\u0027 times","damage_taken":0,"max_hp_gain":0,"max_hp_loss":0,"event_name":"Dead Adventurer","floor":10,"gold_loss":0},{"damage_healed":0,"gold_gain":0,"player_choice":"Ignored","damage_taken":0,"max_hp_gain":0,"max_hp_loss":0,"event_name":"Liars Game","floor":14,"gold_loss":0},{"damage_healed":0,"gold_gain":0,"player_choice":"Ignored","damage_taken":0,"max_hp_gain":0,"max_hp_loss":0,"event_name":"Ghosts","floor":21,"gold_loss":0}],"is_beta":false,"boss_relics":[{"not_picked":["Runic Dome","Snecko Eye"],"picked":"Cursed Key"}],"items_purged_floors":[31],"is_endless":false,"potions_floor_spawned":[1,4,10,20,24,30],"killed_by":"Champ","ascension_level":4}