{"gold_per_floor":[111,261,281,281,16,42,59,59],"floor_reached":8,"playtime":376,"items_purged":["Doubt"],"score":109,"play_id":"c3793876-1c85-44f3-a9eb-8917a50ea77c","local_time":"20190830162305","is_ascension_mode":true,"campfire_choices":[],"neow_cost":"NONE","seed_source_timestamp":931526506687300,"circlet_count":0,"master_deck":["AscendersBane","Strike_R","Strike_R","Strike_R","Strike_R","Strike_R","Defend_R","Defend_R","Defend_R","Defend_R","Bash","Forethought","Wild Strike","Shrug It Off","Warcry","Demon Form"],"relics":["Burning Blood","Membership Card","Lantern"],"potions_floor_usage":[7,8,8],"damage_taken":[{"damage":6,"enemies":"Small Slimes","floor":1,"turns":4},{"damage":7,"enemies":"2 Louse","floor":3,"turns":3},{"damage":60,"enemies":"Lagavulin","floor":6,"turns":7},{"damage":2,"enemies":"Jaw Worm","floor":7,"turns":3},{"damage":14,"enemies":"Gremlin Nob","floor":8,"turns":4}],"seed_played":"595921681088550107","potions_obtained":[{"floor":3,"key":"SpeedPotion"},{"floor":6,"key":"Strength Potion"},{"floor":7,"key":"EssenceOfSteel"}],"is_trial":false,"path_per_floor":["M","?","M","?","$","E","M","E"],"character_chosen":"IRONCLAD","items_purchased":["Membership Card"],"campfire_rested":0,"item_purchase_floors":[5],"current_hp_per_floor":[68,68,67,72,72,18,22,8],"gold":59,"neow_bonus":"RANDOM_COLORLESS","is_prod":false,"is_daily":false,"chose_seed":false,"campfire_upgraded":0,"win_rate":0,"timestamp":1567207385,"path_taken":["M","?","M","?","$","E","M","E"],"build_version":"2019-07-17","purchased_purges":1,"victory":false,"max_hp_per_floor":[75,75,75,80,80,80,80,80],"card_choices":[{"not_picked":["Twin Strike","Body Slam"],"picked":"Wild Strike","floor":1},{"not_picked":["Carnage","Reckless Charge"],"picked":"Shrug It Off","floor":3},{"not_picked":["Havoc","Sword Boomerang"],"picked":"Warcry","floor":6},{"not_picked":["Wild Strike","Thunderclap"],"picked":"Demon Form","floor":7}],"player_experience":330289,"relics_obtained":[{"floor":6,"key":"Lantern"}],"event_choices":[{"damage_healed":0,"gold_gain":150,"player_choice":"AGREE","damage_taken":0,"max_hp_gain":0,"max_hp_loss":0,"event_name":"Liars Game","floor":2,"gold_loss":0,"cards_obtained":["Doubt"]},{"damage_healed":0,"gold_gain":0,"player_choice":"Donut","damage_taken":0,"max_hp_gain":5,"max_hp_loss":0,"event_name":"Big Fish","floor":4,"gold_loss":0}],"is_beta":false,"boss_relics":[],"items_purged_floors":[5],"is_endless":false,"potions_floor_spawned":[3,6,7],"killed_by":"Gremlin Nob","ascension_level":19}