{"gold_per_floor":[114,114,133,133,133,163,163,182,182,182,45,59,74,90,90,190,190,201,221,73,86,86,86,99,99,99,113,113,113,128,61,61,162,162,178,189,39,49,149,149,168,168,192,205,215,215,227,6,6,6],"floor_reached":51,"playtime":3556,"items_purged":["Strike_B"],"score":853,"play_id":"9d61792f-9838-43e7-88dc-738be8daaf72","local_time":"20181231134221","is_ascension_mode":false,"campfire_choices":[{"floor":7,"key":"REST"},{"floor":15,"key":"REST"},{"floor":23,"key":"REST"},{"floor":29,"key":"REST"},{"floor":32,"key":"REST"},{"floor":40,"key":"REST"},{"floor":42,"key":"REST"},{"floor":46,"key":"REST"},{"floor":49,"key":"REST"}],"neow_cost":"NONE","seed_source_timestamp":164222330173179,"circlet_count":0,"master_deck":["Strike_B+1","Defend_B+1","Defend_B+1","Defend_B+1","Defend_B+1","Zap","Dualcast","Streamline","Cold Snap","Go for the Eyes","Sweeping Beam","Machine Learning","Ball Lightning","Chill","Conserve Battery","Loop","Leap","Amplify","Capacitor","Compile Driver+1","Defragment","Coolheaded+1","Barrage+1","Machine Learning","Necronomicurse","Skim","Streamline","Fusion","Rainbow","Writhe","Clumsy","Regret","Redo","Redo+1","Streamline","Thunder Strike","Self Repair","Streamline","Genetic Algorithm+1","Chaos+1","White Noise+1","White Noise+1","Parasite","Static Discharge+1","Storm"],"relics":["Cracked Core","NeowsBlessing","Darkstone Periapt","Happy Flower","Mummified Hand","Prayer Wheel","Velvet Choker","Necronomicon","Unceasing Top","Calling Bell","Pen Nib","Meat on the Bone","Mango","Du-Vu Doll","Ancient Tea Set","Boot"],"potions_floor_usage":[19,44,50],"damage_taken":[{"damage":0,"enemies":"Small Slimes","floor":1,"turns":1},{"damage":0,"enemies":"2 Louse","floor":3,"turns":1},{"damage":0,"enemies":"3 Sentries","floor":6,"turns":1},{"damage":0,"enemies":"Cultist","floor":8,"turns":3},{"damage":5,"enemies":"Looter","floor":12,"turns":3},{"damage":3,"enemies":"Blue Slaver","floor":13,"turns":3},{"damage":10,"enemies":"3 Louse","floor":14,"turns":2},{"damage":38,"enemies":"Hexaghost","floor":16,"turns":9},{"damage":6,"enemies":"Spheric Guardian","floor":18,"turns":5},{"damage":8,"enemies":"3 Byrds","floor":19,"turns":6},{"damage":23,"enemies":"Snake Plant","floor":21,"turns":5},{"damage":11,"enemies":"Chosen and Byrds","floor":24,"turns":8},{"damage":24,"enemies":"Shelled Parasite and Fungi","floor":27,"turns":6},{"damage":3,"enemies":"3 Cultists","floor":30,"turns":6},{"damage":49,"enemies":"Collector","floor":33,"turns":10},{"damage":48,"enemies":"3 Darklings","floor":35,"turns":7},{"damage":6,"enemies":"Orb Walker","floor":36,"turns":3},{"damage":30,"enemies":"Transient","floor":38,"turns":5},{"damage":29,"enemies":"Mind Bloom Boss Battle","floor":39,"turns":8},{"damage":36,"enemies":"Jaw Worm Horde","floor":41,"turns":4},{"damage":48,"enemies":"Sphere and 2 Shapes","floor":44,"turns":6},{"damage":30,"enemies":"Spire Growth","floor":45,"turns":4},{"damage":31,"enemies":"Writhing Mass","floor":47,"turns":5},{"damage":96,"enemies":"Time Eater","floor":50,"turns":7}],"seed_played":"8344815394655764342","potions_obtained":[{"floor":6,"key":"Regen Potion"},{"floor":12,"key":"Energy Potion"},{"floor":18,"key":"AttackPotion"},{"floor":24,"key":"FocusPotion"},{"floor":27,"key":"Energy Potion"},{"floor":39,"key":"Weak Potion"},{"floor":44,"key":"FairyPotion"},{"floor":45,"key":"FearPotion"}],"is_trial":false,"path_per_floor":["M","?","M","?","?","E","R","M","T","?","$","M","M","M","R","B",null,"M","M","$","M","?","R","M","?","T","M","?","R","M","$","R","B",null,"M","M","$","M","?","R","M","R","T","M","M","R","M","$","R","B",null],"character_chosen":"DEFECT","items_purchased":["Machine Learning","Defragment","Fusion","Thunder Strike","Self Repair","Storm","Boot"],"campfire_rested":9,"item_purchase_floors":[11,20,31,37,37,48,48],"current_hp_per_floor":[75,68,68,68,50,50,72,72,72,72,72,67,64,54,75,37,75,69,61,61,38,38,60,49,39,39,15,15,39,36,36,60,11,113,65,59,59,48,38,71,54,87,87,58,47,80,74,74,109,32],"gold":6,"neow_bonus":"THREE_ENEMY_KILL","is_prod":false,"is_daily":false,"chose_seed":false,"campfire_upgraded":0,"win_rate":0.0,"timestamp":1546231341,"path_taken":["M","?","M","?","?","E","R","M","T","?","$","M","M","M","R","BOSS","M","M","$","?","?","R","M","?","T","M","?","R","M","$","R","BOSS","M","M","$","M","?","R","M","R","T","M","M","R","M","$","R","BOSS"],"build_version":"2018-12-20","purchased_purges":1,"victory":true,"max_hp_per_floor":[75,75,75,75,75,75,75,75,75,75,75,75,75,75,75,75,75,75,75,75,75,75,75,75,81,81,81,81,81,81,81,81,81,113,113,113,113,113,113,113,113,113,113,113,113,113,119,119,119,119],"card_choices":[{"not_picked":["Leap","Rip and Tear"],"picked":"Streamline","floor":1},{"not_picked":["Conserve Battery","Compile Driver"],"picked":"Cold Snap","floor":3},{"not_picked":["Storm","Lockon"],"picked":"Go for the Eyes","floor":6},{"not_picked":["Beam Cell","Heatsinks"],"picked":"Sweeping Beam","floor":8},{"not_picked":["Darkness","Cold Snap"],"picked":"Ball Lightning","floor":12},{"not_picked":["Self Repair","Beam Cell"],"picked":"Chill","floor":12},{"not_picked":["Streamline","Capacitor"],"picked":"Conserve Battery","floor":13},{"not_picked":["Compile Driver","Darkness","Consume"],"picked":"SKIP","floor":13},{"not_picked":["Barrage","Double Energy"],"picked":"Loop","floor":14},{"not_picked":["Hologram","Gash"],"picked":"Leap","floor":14},{"not_picked":["Biased Cognition","Fission"],"picked":"Amplify","floor":16},{"not_picked":["Barrage","Coolheaded"],"picked":"Capacitor","floor":18},{"not_picked":["Leap+1","Doom and Gloom","Streamline"],"picked":"SKIP","floor":18},{"not_picked":["Ball Lightning","Redo"],"picked":"Compile Driver+1","floor":19},{"not_picked":["Go for the Eyes+1","Leap+1","Barrage+1"],"picked":"SKIP","floor":19},{"not_picked":["Redo","Sweeping Beam"],"picked":"Coolheaded+1","floor":21},{"not_picked":["Compile Driver+1","Ball Lightning"],"picked":"Barrage+1","floor":21},{"not_picked":["Conserve Battery+1","Go for the Eyes+1"],"picked":"Machine Learning","floor":24},{"not_picked":["Rip and Tear","Conserve Battery+1","Doom and Gloom"],"picked":"SKIP","floor":24},{"not_picked":["Sweeping Beam","Darkness+1"],"picked":"Skim","floor":27},{"not_picked":["Compile Driver+1","Stack+1","Beam Cell"],"picked":"SKIP","floor":27},{"not_picked":["Go for the Eyes+1","Gash+1"],"picked":"Streamline","floor":30},{"not_picked":["Leap","Lockon","Coolheaded"],"picked":"SKIP","floor":30},{"not_picked":["Reboot","Buffer"],"picked":"Rainbow","floor":33},{"not_picked":["Steam+1","Gash+1"],"picked":"Redo","floor":35},{"not_picked":["Gash+1","Hologram+1","Rip and Tear"],"picked":"SKIP","floor":35},{"not_picked":["Fusion","Stack+1"],"picked":"Redo+1","floor":36},{"not_picked":["Steam+1","White Noise"],"picked":"Streamline","floor":36},{"not_picked":["Beam Cell","Coolheaded","Compile Driver+1"],"picked":"SKIP","floor":38},{"not_picked":["Gash","Scrape+1","Beam Cell+1"],"picked":"SKIP","floor":38},{"not_picked":["Static Discharge+1","Hologram"],"picked":"Streamline","floor":39},{"not_picked":["Darkness+1","Beam Cell+1"],"picked":"Genetic Algorithm+1","floor":41},{"not_picked":["Aggregate+1","Conserve Battery","Double Energy"],"picked":"SKIP","floor":41},{"not_picked":["Stack+1","Machine Learning"],"picked":"Chaos+1","floor":44},{"not_picked":["Leap+1","Compile Driver+1","Hologram+1"],"picked":"SKIP","floor":44},{"not_picked":["Self Repair","Leap"],"picked":"White Noise+1","floor":45},{"not_picked":["Gash","Beam Cell"],"picked":"White Noise+1","floor":45},{"not_picked":["Force Field+1","Conserve Battery+1"],"picked":"Static Discharge+1","floor":47},{"not_picked":["Stack+1","Melter+1","Doom and Gloom+1"],"picked":"SKIP","floor":47}],"player_experience":68219,"relics_obtained":[{"floor":6,"key":"Happy Flower"},{"floor":9,"key":"Mummified Hand"},{"floor":25,"key":"Necronomicon"},{"floor":26,"key":"Unceasing Top"},{"floor":34,"key":"Pen Nib"},{"floor":34,"key":"Meat on the Bone"},{"floor":34,"key":"Mango"},{"floor":39,"key":"Du-Vu Doll"},{"floor":43,"key":"Ancient Tea Set"}],"event_choices":[{"cards_removed":["Strike_B"],"damage_healed":0,"gold_gain":0,"player_choice":"Card Removal","damage_taken":7,"max_hp_gain":0,"max_hp_loss":0,"event_name":"Golden Wing","floor":2,"gold_loss":0},{"cards_removed":["Strike_B"],"damage_healed":0,"gold_gain":0,"player_choice":"Forget","damage_taken":0,"max_hp_gain":0,"max_hp_loss":0,"event_name":"Living Wall","floor":4,"gold_loss":0},{"damage_healed":0,"gold_gain":0,"player_choice":"Success","damage_taken":18,"relics_obtained":["Darkstone Periapt"],"max_hp_gain":0,"max_hp_loss":0,"event_name":"Scrap Ooze","floor":5,"gold_loss":0},{"damage_healed":0,"gold_gain":0,"player_choice":"Gave Potion","damage_taken":0,"relics_obtained":["Prayer Wheel"],"max_hp_gain":0,"max_hp_loss":0,"event_name":"WeMeetAgain","floor":10,"gold_loss":0},{"damage_healed":0,"gold_gain":0,"player_choice":"Ignored","damage_taken":0,"max_hp_gain":0,"max_hp_loss":0,"event_name":"Vampires","floor":22,"gold_loss":0},{"damage_healed":0,"gold_gain":0,"player_choice":"Obtained Book","damage_taken":16,"max_hp_gain":0,"max_hp_loss":0,"event_name":"Cursed Tome","floor":25,"gold_loss":0},{"damage_healed":0,"gold_gain":0,"player_choice":"Simplicity","damage_taken":0,"max_hp_gain":0,"max_hp_loss":0,"event_name":"Back to Basics","floor":28,"gold_loss":0,"cards_upgraded":["Strike_B","Defend_B","Defend_B","Defend_B","Defend_B"]},{"damage_healed":0,"gold_gain":0,"player_choice":"Fight","damage_taken":0,"max_hp_gain":0,"max_hp_loss":0,"event_name":"MindBloom","floor":39,"gold_loss":0}],"is_beta":false,"boss_relics":[{"not_picked":["Runic Dome","Lizard Tail"],"picked":"Velvet Choker"},{"not_picked":["Astrolabe","Snecko Eye"],"picked":"Calling Bell"}],"items_purged_floors":[20],"is_endless":false,"potions_floor_spawned":[6,12,18,24,27,39,44,45],"ascension_level":0}