{"gold_per_floor":[114,129,129,1,76,108,22,54,54,15,50,61,61,61,61,165,165,165,17,17,17,17,17,17,17,17,17,17,17,17,17,17,17,17,17,0,0,0,0,0,0,0,0,0,0,0,0,0,0,0],"floor_reached":51,"playtime":3407,"items_purged":[],"score":1042,"play_id":"4e4f9e02-f843-4cd0-8675-9ce138a6f785","local_time":"20190825182357","is_ascension_mode":true,"campfire_choices":[{"floor":13,"key":"REST"},{"data":"Armaments","floor":15,"key":"SMITH"},{"data":"Defend_R","floor":23,"key":"PURGE"},{"data":"Defend_R","floor":25,"key":"PURGE"},{"data":"Pain","floor":32,"key":"PURGE"},{"data":"Clumsy","floor":40,"key":"PURGE"},{"data":"Perfected Strike","floor":42,"key":"PURGE"},{"data":"Evolve","floor":49,"key":"PURGE"}],"neow_cost":"NONE","seed_source_timestamp":503696277244600,"circlet_count":0,"master_deck":["AscendersBane","Bash","Shockwave","Shrug It Off","Flame Barrier","Metallicize","Cleave","Ghostly Armor","Immolate","Armaments+1","Double Tap","Metallicize","Shockwave","Battle Trance","Armaments+1","Bite","Bite","Bite","Bite","Bite","Battle Trance","Offering","Rampage+1","Flash of Steel","Trip","Madness","Barricade","Warcry+1"],"relics":["Burning Blood","NeowsBlessing","Paper Frog","Ornamental Fan","Peace Pipe","Regal Pillow","WingedGreaves","Ectoplasm","WarpedTongs","Calling Bell","Potion Belt","Gremlin Horn","Charon\u0027s Ashes","Red Mask","Red Skull"],"potions_floor_usage":[8,11,18,21,28,50,50,50,50],"damage_taken":[{"damage":0,"enemies":"Small Slimes","floor":1,"turns":1},{"damage":0,"enemies":"Jaw Worm","floor":2,"turns":1},{"damage":0,"enemies":"3 Sentries","floor":6,"turns":2},{"damage":32,"enemies":"Lagavulin","floor":8,"turns":7},{"damage":34,"enemies":"Gremlin Nob","floor":11,"turns":5},{"damage":0,"enemies":"2 Louse","floor":12,"turns":1},{"damage":20,"enemies":"The Guardian","floor":16,"turns":21},{"damage":18,"enemies":"Spheric Guardian","floor":18,"turns":5},{"damage":3,"enemies":"Shell Parasite","floor":20,"turns":6},{"damage":11,"enemies":"Cultist and Chosen","floor":21,"turns":5},{"damage":17,"enemies":"Snecko","floor":27,"turns":5},{"damage":20,"enemies":"Centurion and Healer","floor":28,"turns":5},{"damage":18,"enemies":"Shelled Parasite and Fungi","floor":31,"turns":5},{"damage":52,"enemies":"Automaton","floor":33,"turns":12},{"damage":2,"enemies":"Orb Walker","floor":35,"turns":3},{"damage":0,"enemies":"3 Darklings","floor":38,"turns":2},{"damage":46,"enemies":"Spire Growth","floor":44,"turns":6},{"damage":6,"enemies":"Transient","floor":45,"turns":5},{"damage":20,"enemies":"Sphere and 2 Shapes","floor":46,"turns":3},{"damage":6,"enemies":"4 Shapes","floor":47,"turns":5},{"damage":74,"enemies":"Awakened One","floor":50,"turns":12}],"seed_played":"-3537504802720125540","potions_obtained":[{"floor":2,"key":"Strength Potion"},{"floor":6,"key":"SpeedPotion"},{"floor":11,"key":"Explosive Potion"},{"floor":16,"key":"Ancient Potion"},{"floor":21,"key":"Ancient Potion"},{"floor":27,"key":"Swift Potion"},{"floor":33,"key":"Strength Potion"},{"floor":38,"key":"AttackPotion"},{"floor":44,"key":"Swift Potion"},{"floor":46,"key":"Strength Potion"},{"floor":47,"key":"Strength Potion"}],"is_trial":false,"path_per_floor":["M","M","?","$","?","E","$","E","T","$","E","M","R","?","R","B",null,"M","$","M","M","?","R","?","R","T","M","M","?","?","M","R","B",null,"M","?","?","M","$","R","?","R","T","M","M","M","M","?","R","B",null],"character_chosen":"IRONCLAD","items_purchased":["Shrug It Off","Evolve","Metallicize","Shrug It Off","Ghostly Armor","Metallicize","Shockwave"],"campfire_rested":1,"item_purchase_floors":[4,4,7,7,10,19,19],"current_hp_per_floor":[78,80,73,73,62,68,68,42,42,42,14,20,59,52,52,38,70,58,58,61,56,56,56,56,56,56,53,45,36,36,39,39,30,53,61,61,51,60,60,60,55,55,55,36,55,49,55,55,55,28],"gold":0,"neow_bonus":"THREE_ENEMY_KILL","is_prod":false,"is_daily":false,"chose_seed":false,"campfire_upgraded":1,"win_rate":0,"timestamp":1566782637,"path_taken":["M","M","?","$","?","E","$","E","T","?","E","M","R","?","R","BOSS","M","$","M","M","?","R","?","R","T","M","M","?","?","?","R","BOSS","M","?","?","M","$","R","?","R","T","M","?","M","M","?","R","BOSS"],"build_version":"2019-07-17","purchased_purges":0,"victory":true,"max_hp_per_floor":[80,80,80,80,80,80,80,80,80,80,80,80,80,80,80,80,80,80,80,80,80,56,56,56,56,56,56,56,61,61,61,61,61,61,61,61,61,61,61,61,55,55,55,55,55,55,55,55,55,55],"card_choices":[{"not_picked":["Body Slam","Sever Soul"],"picked":"Shockwave","floor":1},{"not_picked":["Havoc","Sword Boomerang"],"picked":"Perfected Strike","floor":2},{"not_picked":["Dark Embrace","Heavy Blade"],"picked":"Flame Barrier","floor":6},{"not_picked":["Corruption","True Grit"],"picked":"Cleave","floor":8},{"not_picked":["Fiend Fire","Flex"],"picked":"Immolate","floor":11},{"not_picked":["Havoc","Power Through"],"picked":"Armaments","floor":12},{"not_picked":["Exhume","Dark Embrace"],"picked":"Double Tap","floor":16},{"not_picked":["Dual Wield","Fire Breathing","Flex"],"picked":"SKIP","floor":18},{"not_picked":["Anger","True Grit"],"picked":"Battle Trance","floor":20},{"not_picked":["Anger","Sword Boomerang+1"],"picked":"Armaments+1","floor":21},{"not_picked":["Iron Wave+1","Sword Boomerang","Heavy Blade+1"],"picked":"SKIP","floor":27},{"not_picked":["Dual Wield+1","Havoc","Twin Strike+1"],"picked":"SKIP","floor":28},{"not_picked":["Flex","Armaments"],"picked":"Battle Trance","floor":31},{"not_picked":["Demon Form","Immolate"],"picked":"Offering","floor":33},{"not_picked":["Heavy Blade","True Grit"],"picked":"Rampage+1","floor":35},{"not_picked":["Secret Technique","Impatience"],"picked":"Flash of Steel","floor":37},{"not_picked":["Purity","Bandage Up"],"picked":"Trip","floor":37},{"not_picked":["Discovery","Dramatic Entrance"],"picked":"Madness","floor":37},{"not_picked":["Headbutt+1","Rupture","Dropkick"],"picked":"SKIP","floor":38},{"not_picked":["Evolve","Cleave+1","Headbutt"],"picked":"SKIP","floor":44},{"not_picked":["Uppercut","Shrug It Off"],"picked":"Barricade","floor":45},{"not_picked":["Twin Strike","Heavy Blade+1"],"picked":"Warcry+1","floor":46},{"not_picked":["Headbutt+1","Uppercut+1","True Grit+1"],"picked":"SKIP","floor":47}],"player_experience":182688,"relics_obtained":[{"floor":6,"key":"Ornamental Fan"},{"floor":8,"key":"Peace Pipe"},{"floor":9,"key":"Regal Pillow"},{"floor":11,"key":"WingedGreaves"},{"floor":34,"key":"Potion Belt"},{"floor":34,"key":"Gremlin Horn"},{"floor":34,"key":"Charon\u0027s Ashes"},{"floor":43,"key":"Red Skull"}],"event_choices":[{"damage_healed":0,"gold_gain":0,"player_choice":"Success","damage_taken":7,"relics_obtained":["Paper Frog"],"max_hp_gain":0,"max_hp_loss":0,"event_name":"Scrap Ooze","floor":3,"gold_loss":0},{"damage_healed":0,"gold_gain":75,"player_choice":"Gather Gold","damage_taken":11,"max_hp_gain":0,"max_hp_loss":0,"event_name":"World of Goop","floor":5,"gold_loss":0},{"cards_removed":["Defend_R"],"damage_healed":0,"gold_gain":0,"player_choice":"Card Removal","damage_taken":7,"max_hp_gain":0,"max_hp_loss":0,"event_name":"Golden Wing","floor":14,"gold_loss":0},{"damage_healed":0,"gold_gain":0,"player_choice":"Became a vampire","damage_taken":0,"max_hp_gain":0,"max_hp_loss":24,"event_name":"Vampires","floor":22,"gold_loss":0,"cards_obtained":["Bite","Bite","Bite","Bite","Bite"]},{"cards_removed":["Defend_R"],"damage_healed":0,"gold_gain":0,"player_choice":"Elegance","damage_taken":0,"max_hp_gain":0,"max_hp_loss":0,"event_name":"Back to Basics","floor":24,"gold_loss":0},{"damage_healed":0,"gold_gain":0,"player_choice":"Shed Blood","damage_taken":14,"max_hp_gain":5,"max_hp_loss":0,"event_name":"Forgotten Altar","floor":29,"gold_loss":0},{"damage_healed":0,"gold_gain":0,"player_choice":"Rummage","damage_taken":0,"relics_obtained":["WarpedTongs"],"max_hp_gain":0,"max_hp_loss":0,"event_name":"Accursed Blacksmith","floor":30,"gold_loss":0,"cards_obtained":["Pain"]},{"damage_healed":0,"gold_gain":0,"player_choice":"Paid","damage_taken":0,"relics_obtained":["Red Mask"],"max_hp_gain":0,"max_hp_loss":0,"event_name":"Tomb of Lord Red Mask","floor":36,"gold_loss":17},{"damage_healed":0,"gold_gain":0,"player_choice":"Memory 3","damage_taken":10,"max_hp_gain":0,"max_hp_loss":0,"event_name":"SensoryStone","floor":37,"gold_loss":0},{"cards_removed":["Parasite","Parasite"],"damage_healed":0,"gold_gain":0,"player_choice":"Removed Curses","damage_taken":0,"max_hp_gain":0,"max_hp_loss":0,"event_name":"Fountain of Cleansing","floor":41,"gold_loss":0},{"cards_removed":["Shrug It Off"],"damage_healed":0,"gold_gain":0,"player_choice":"Removed Skill","damage_taken":0,"max_hp_gain":0,"max_hp_loss":0,"event_name":"Falling","floor":48,"gold_loss":0}],"is_beta":false,"boss_relics":[{"not_picked":["Black Blood","Busted Crown"],"picked":"Ectoplasm"},{"not_picked":["Black Star","Snecko Eye"],"picked":"Calling Bell"}],"items_purged_floors":[],"is_endless":false,"potions_floor_spawned":[2,6,11,16,21,27,33,38,44,46,47],"ascension_level":11}