{"gold_per_floor":[365,365,365,6,6,39,56,56,83,151,170,170,189,189,189,263,263,273,273,291,291,24,57,57,14,64,76,76,86,102,119,119,194,194,206,219,28,128,138,138,138,138,164,175,203,203,218,218,218,218],"floor_reached":50,"playtime":4771,"items_purged":[],"score":1078,"play_id":"f6a7e921-b1c5-4ea9-9b34-07316d2489d8","local_time":"20190802214144","is_ascension_mode":true,"campfire_choices":[{"floor":8.0,"key":"REST"},{"data":"Rainbow","floor":12.0,"key":"SMITH"},{"data":"Zap","floor":15.0,"key":"SMITH"},{"floor":24.0,"key":"REST"},{"data":"Consume","floor":28.0,"key":"SMITH"},{"floor":32.0,"key":"REST"},{"data":"Buffer","floor":40.0,"key":"SMITH"},{"floor":42.0,"key":"REST"},{"floor":46.0,"key":"RECALL"},{"floor":49.0,"key":"REST"}],"neow_cost":"CURSE","seed_source_timestamp":10711145698850,"circlet_count":0,"master_deck":["AscendersBane","Strike_B","Strike_B","Defend_B","Defend_B+1","Defend_B","Defend_B+1","Zap+1","Dualcast","White Noise","Glacier","Cold Snap","Rainbow+1","Rebound","Stack","Barrage+1","Electrodynamics","Consume+1","Self Repair","Ball Lightning+1","Hello World","Core Surge+1","Go for the Eyes+1","Hologram","Aggregate+1","Consume","Barrage+1","Coolheaded+1","Go for the Eyes+1","Buffer+1","Compile Driver+1","Cold Snap+1","Echo Form","Cold Snap+1","Hologram","Meteor Strike+1","White Noise+1","FTL+1","Turbo","Secret Technique"],"special_seed":0,"relics":["Cracked Core","Runic Capacitor","Bottled Flame","Orichalcum","Molten Egg 2","Sozu","War Paint","Gambling Chip","Omamori","Philosopher\u0027s Stone","Turnip","Ancient Tea Set"],"potions_floor_usage":[],"damage_taken":[{"damage":4.0,"enemies":"Small Slimes","floor":1.0,"turns":3.0},{"damage":16.0,"enemies":"Lagavulin","floor":6.0,"turns":10.0},{"damage":1.0,"enemies":"2 Louse","floor":7.0,"turns":2.0},{"damage":4.0,"enemies":"Jaw Worm","floor":11.0,"turns":3.0},{"damage":7.0,"enemies":"Gremlin Gang","floor":13.0,"turns":5.0},{"damage":0.0,"enemies":"Slime Boss","floor":16.0,"turns":5.0},{"damage":4.0,"enemies":"3 Byrds","floor":18.0,"turns":3.0},{"damage":13.0,"enemies":"Shell Parasite","floor":20.0,"turns":5.0},{"damage":40.0,"enemies":"Book of Stabbing","floor":23.0,"turns":6.0},{"damage":0.0,"enemies":"Cultist and Chosen","floor":27.0,"turns":5.0},{"damage":8.0,"enemies":"Snake Plant","floor":29.0,"turns":4.0},{"damage":0.0,"enemies":"Sentry and Sphere","floor":30.0,"turns":5.0},{"damage":13.0,"enemies":"Centurion and Healer","floor":31.0,"turns":2.0},{"damage":27.0,"enemies":"Champ","floor":33.0,"turns":13.0},{"damage":31.0,"enemies":"3 Darklings","floor":35.0,"turns":4.0},{"damage":5.0,"enemies":"Orb Walker","floor":36.0,"turns":3.0},{"damage":22.0,"enemies":"Mind Bloom Boss Battle","floor":38.0,"turns":6.0},{"damage":2.0,"enemies":"Sphere and 2 Shapes","floor":39.0,"turns":4.0},{"damage":16.0,"enemies":"4 Shapes","floor":44.0,"turns":5.0},{"damage":21.0,"enemies":"Reptomancer","floor":45.0,"turns":5.0},{"damage":16.0,"enemies":"Writhing Mass","floor":47.0,"turns":7.0},{"damage":60,"enemies":"Awakened One","floor":50,"turns":5}],"seed_played":"6362320037401787266","potions_obtained":[{"floor":6.0,"key":"EssenceOfSteel"},{"floor":7.0,"key":"SpeedPotion"},{"floor":16.0,"key":"SneckoOil"}],"is_trial":false,"path_per_floor":["M","?","?","$","?","E","M","R","T","T","M","R","M","?","R","B",null,"M","?","M","?","$","E","R","$","T","M","R","M","M","M","R","B",null,"M","M","$","?","M","R","?","R","T","M","E","R","M","?","R","B"],"character_chosen":"DEFECT","items_purchased":["Runic Capacitor","Glacier","Cold Snap","Go for the Eyes+1","War Paint","Hologram","Consume","Echo Form","Cold Snap+1"],"campfire_rested":5,"item_purchase_floors":[4,4,4,22,22,22,25,37,37],"current_hp_per_floor":[60,60,60,60,65,49,48,70,70,70,66,66,59,59,59,59,72,68,68,62,62,62,29,51,51,51,51,51,50,57,51,73,53,70,46,48,48,40,38,38,53,75,75,59,45,45,36,36,58,0],"gold":218,"neow_bonus":"TWO_FIFTY_GOLD","is_prod":false,"is_daily":false,"chose_seed":false,"campfire_upgraded":4,"win_rate":0,"timestamp":1564796504,"path_taken":["M","?","?","$","?","E","M","R","T","?","M","R","M","?","R","BOSS","M","?","M","?","$","E","R","?","T","M","R","M","?","M","R","BOSS","M","M","$","?","M","R","?","R","T","M","E","R","M","?","R","BOSS"],"build_version":"2019-07-17","purchased_purges":0,"victory":false,"max_hp_per_floor":[71,71,71,71,76,76,76,76,76,76,76,76,76,76,76,76,76,76,76,76,76,76,76,76,76,76,76,76,76,76,76,76,76,76,76,76,76,76,76,76,76,76,76,76,76,76,76,76,76,76],"card_choices":[{"not_picked":["Consume","Compile Driver"],"picked":"White Noise","floor":1.0},{"not_picked":["Genetic Algorithm","Self Repair"],"picked":"Rainbow","floor":6.0},{"not_picked":["Aggregate","Streamline"],"picked":"Rebound","floor":7.0},{"not_picked":["Double Energy","Force Field"],"picked":"Stack","floor":11.0},{"not_picked":["Conserve Battery","Beam Cell+1"],"picked":"Barrage+1","floor":13.0},{"not_picked":["Reboot","Multi-Cast"],"picked":"Electrodynamics","floor":16.0},{"not_picked":["Conserve Battery","Turbo"],"picked":"Consume","floor":18.0},{"not_picked":["Cold Snap+1","Gash+1"],"picked":"Ball Lightning+1","floor":20.0},{"not_picked":["Turbo","Consume"],"picked":"Aggregate+1","floor":23.0},{"not_picked":["Meteor Strike+1","Self Repair"],"picked":"Barrage+1","floor":27.0},{"not_picked":["Heatsinks","Leap","Redo"],"picked":"SKIP","floor":29.0},{"not_picked":["Beam Cell+1","Streamline+1"],"picked":"Coolheaded+1","floor":30.0},{"not_picked":["Leap","Coolheaded"],"picked":"Go for the Eyes+1","floor":31.0},{"not_picked":["Biased Cognition","Core Surge+1"],"picked":"Buffer","floor":33.0},{"not_picked":["Sweeping Beam+1","Steam+1"],"picked":"Compile Driver+1","floor":35.0},{"not_picked":["BootSequence","Leap"],"picked":"Cold Snap+1","floor":36.0},{"not_picked":["Recycle","Cold Snap+1"],"picked":"Hologram","floor":38.0},{"not_picked":["Leap+1","Redo"],"picked":"Meteor Strike+1","floor":39.0},{"not_picked":["Recycle","Turbo"],"picked":"White Noise+1","floor":44.0},{"not_picked":["Scrape+1","Reprogram+1"],"picked":"FTL+1","floor":45.0},{"not_picked":["Gash+1","Chaos"],"picked":"Turbo","floor":47.0},{"not_picked":["Magnetism","PanicButton"],"picked":"Secret Technique","floor":48.0}],"player_experience":333302,"relics_obtained":[{"floor":6.0,"key":"Bottled Flame"},{"floor":9.0,"key":"Orichalcum"},{"floor":10.0,"key":"Molten Egg 2"},{"floor":23.0,"key":"Gambling Chip"},{"floor":26.0,"key":"Omamori"},{"floor":38.0,"key":"Turnip"},{"floor":45.0,"key":"Ancient Tea Set"}],"event_choices":[{"cards_removed":["Normality"],"damage_healed":0.0,"max_hp_gain":0.0,"max_hp_loss":0.0,"gold_gain":0.0,"event_name":"Living Wall","player_choice":"Forget","floor":2.0,"gold_loss":0.0,"damage_taken":0.0},{"damage_healed":0.0,"max_hp_gain":0.0,"max_hp_loss":0.0,"gold_gain":0.0,"event_name":"The Cleric","player_choice":"Leave","floor":3.0,"gold_loss":0.0,"damage_taken":0.0},{"damage_healed":0.0,"max_hp_gain":5.0,"max_hp_loss":0.0,"gold_gain":0.0,"event_name":"Big Fish","player_choice":"Donut","floor":5.0,"gold_loss":0.0,"damage_taken":0.0},{"damage_healed":0.0,"max_hp_gain":0.0,"max_hp_loss":0.0,"gold_gain":0.0,"event_name":"Liars Game","player_choice":"Ignored","floor":14.0,"gold_loss":0.0,"damage_taken":0.0},{"damage_healed":0.0,"max_hp_gain":0.0,"max_hp_loss":0.0,"gold_gain":0.0,"event_name":"The Library","player_choice":"Read","floor":19.0,"gold_loss":0.0,"damage_taken":0.0,"cards_obtained":["Self Repair"]},{"damage_healed":0.0,"max_hp_gain":0.0,"max_hp_loss":0.0,"gold_gain":0.0,"cards_transformed":["Strike_B","Strike_B"],"event_name":"Drug Dealer","player_choice":"Became Test Subject","floor":21.0,"gold_loss":0.0,"damage_taken":0.0,"cards_obtained":["Hello World","Core Surge"]},{"damage_healed":0.0,"max_hp_gain":0.0,"max_hp_loss":0.0,"gold_gain":0.0,"event_name":"MindBloom","player_choice":"Fight","floor":38.0,"gold_loss":0.0,"damage_taken":0.0},{"damage_healed":15.0,"max_hp_gain":0.0,"max_hp_loss":0.0,"gold_gain":0.0,"event_name":"Winding Halls","player_choice":"Writhe","floor":41.0,"gold_loss":0.0,"damage_taken":0.0,"cards_obtained":["Writhe"]},{"damage_healed":0.0,"max_hp_gain":0.0,"max_hp_loss":0.0,"gold_gain":0.0,"event_name":"SensoryStone","player_choice":"Memory 1","floor":48.0,"gold_loss":0.0,"damage_taken":0.0}],"is_beta":false,"boss_relics":[{"not_picked":["Cursed Key","Coffee Dripper"],"picked":"Sozu"},{"not_picked":["Eternal Feather","White Beast Statue"],"picked":"Philosopher\u0027s Stone"}],"items_purged_floors":[],"is_endless":false,"potions_floor_spawned":[6,7,16,27,29,33,38,39,47],"killed_by":"Awakened One","ascension_level":19}