{"path_per_floor":["M","?","M","M","M","E","R","$","T","M","M","E","?","E","R","B",null,"M","?","M","?","M","R","M","R","T","T","$","M","M","?","R","B",null,"M","?","?","$","?","R","?","R","T","R","T","M","M","$","R","B"],"character_chosen":"IRONCLAD","items_purchased":["Perfected Strike","Inflame","Matryoshka","Barricade","Perfected Strike","Good Instincts","Twin Strike"],"gold_per_floor":[109,284,298,318,336,369,369,6,6,24,34,62,62,87,87,187,187,203,203,218,133,144,144,160,160,185,239,21,41,54,54,54,149,149,162,162,162,38,38,38,38,38,63,63,108,121,134,34,34,34],"floor_reached":51,"campfire_rested":5,"playtime":2210,"current_hp_per_floor":[77,77,80,80,80,38,62,62,62,68,69,69,53,56,56,29,82,67,67,49,49,30,55,22,47,47,47,47,35,26,26,66,16,86,58,58,80,80,80,80,80,80,80,80,80,82,69,69,88,28],"items_purged":["Writhe","Doubt"],"gold":34,"score":515,"play_id":"ec555207-9102-44ef-b540-6b235a9f8959","is_prod":false,"is_daily":false,"is_ascension_mode":false,"campfire_upgraded":4,"path_taken":["M","?","M","M","M","E","R","$","T","M","M","E","?","E","R","BOSS","M","?","M","?","M","R","M","R","T","?","$","?","M","?","R","BOSS","M","?","?","$","?","R","?","R","T","R","?","M","M","?","R","BOSS"],"build_version":"2018-02-15-PROD1","purchased_purges":3,"victory":true,"master_deck":["Strike_R+1","Strike_R","Strike_R+1","Strike_R","Strike_R","Defend_R+1","Defend_R","Defend_R","Perfected Strike","Dropkick","Bloodletting","Hemokinesis","Seeing Red+1","Perfected Strike","Inflame+1","Whirlwind+1","Rampage+1","Demon Form+1","Offering+1","Limit Break+1","Havoc+1","Armaments+1","Blood for Blood","Disarm+1","Barricade+1","Perfected Strike","Good Instincts","Impervious","Berserk+1","Metallicize+1","Twin Strike","Shrug It Off+1"],"max_hp_per_floor":[80,80,80,80,80,80,80,80,80,80,80,82,82,82,82,82,82,82,82,82,82,84,84,84,84,84,84,84,86,86,86,86,86,86,86,86,86,86,86,86,86,86,86,86,86,88,88,88,88,88],"relics":["Burning Blood","Vajra","Matryoshka","Magic Flower","Mercury Hourglass","Singing Bowl","Oddly Smooth Stone","Nloth\u0027s Gift","Frozen Egg 2","War Paint","Lantern","Tiny Chest","Regal Pillow","Lizard Tail","Bronze Scales","Bag of Preparation"],"card_choices":[{"not_picked":["Hemokinesis","Combust"],"picked":"Perfected Strike"},{"not_picked":["Rupture","Rage"],"picked":"Headbutt"},{"not_picked":["Evolve","Rupture"],"picked":"Dropkick"},{"not_picked":["Blood for Blood","Metallicize"],"picked":"Bloodletting"},{"not_picked":["Cleave","Flex"],"picked":"Hemokinesis"},{"not_picked":["Second Wind","Pummel"],"picked":"Seeing Red"},{"not_picked":["True Grit","Anger"],"picked":"Sword Boomerang"},{"not_picked":["Havoc","Clothesline"],"picked":"Whirlwind"},{"not_picked":["Thunderclap","Cleave"],"picked":"Rampage"},{"not_picked":["Immolate","Feed"],"picked":"Demon Form"},{"not_picked":["Iron Wave","Disarm"],"picked":"Armaments"},{"not_picked":["Thunderclap","Shockwave"],"picked":"Blood for Blood"},{"not_picked":["Heavy Blade","Pommel Strike"],"picked":"Disarm"},{"not_picked":["Warcry","Shrug It Off"],"picked":"Impervious"},{"not_picked":["Brutality","Dark Embrace"],"picked":"Berserk"},{"not_picked":["Shrug It Off","Clothesline"],"picked":"Metallicize"},{"not_picked":["Headbutt","Body Slam"],"picked":"Shrug It Off"}],"player_experience":96828,"potions_floor_usage":[6,16,16,16,22,24,30,33,47,50],"damage_taken":[{"damage":9,"enemies":"Jaw Worm","floor":1,"turns":4},{"damage":2,"enemies":"2 Louse","floor":3,"turns":3},{"damage":5,"enemies":"Cultist","floor":4,"turns":4},{"damage":4,"enemies":"2 Fungi Beasts","floor":5,"turns":4},{"damage":48,"enemies":"Lagavulin","floor":6,"turns":7},{"damage":3,"enemies":"Exordium Thugs","floor":10,"turns":2},{"damage":8,"enemies":"Lots of Slimes","floor":11,"turns":2},{"damage":11,"enemies":"3 Sentries","floor":12,"turns":2},{"damage":6,"enemies":"Gremlin Nob","floor":14,"turns":3},{"damage":36,"enemies":"Slime Boss","floor":16,"turns":7},{"damage":24,"enemies":"3 Byrds","floor":18,"turns":5},{"damage":27,"enemies":"Spheric Guardian","floor":20,"turns":4},{"damage":30,"enemies":"Snake Plant","floor":22,"turns":4},{"damage":42,"enemies":"Cultist and Chosen","floor":24,"turns":6},{"damage":23,"enemies":"Centurion and Healer","floor":29,"turns":4},{"damage":18,"enemies":"Slaver and Parasite","floor":30,"turns":3},{"damage":59,"enemies":"Collector","floor":33,"turns":7},{"damage":37,"enemies":"3 Darklings","floor":35,"turns":5},{"damage":9,"enemies":"Orb Walker","floor":46,"turns":3},{"damage":22,"enemies":"Sphere and 2 Shapes","floor":47,"turns":5},{"damage":69,"enemies":"Donu and Deca","floor":50,"turns":7}],"event_choices":[{"event_name":"Liars Game","player_choice":"agreed","floor":2,"damage_taken":0},{"event_name":"Shining Light","player_choice":"Entered Light","floor":13,"damage_taken":0},{"event_name":"N\u0027loth","player_choice":"Traded a Astrolabe","floor":19,"damage_taken":0},{"event_name":"Addict","player_choice":"Obtained Relic","floor":21,"damage_taken":0},{"event_name":"The Mausoleum","player_choice":"Yes","floor":31,"damage_taken":0},{"event_name":"Fountain of Cleansing","player_choice":"Ignored","floor":36,"damage_taken":0},{"event_name":"Winding Halls","player_choice":"Writhe","floor":37,"damage_taken":0},{"event_name":"Accursed Blacksmith","player_choice":"Forge","floor":39,"damage_taken":0}],"boss_relics":[{"not_picked":["Black Star","Orrery"],"picked":"Astrolabe"},{"not_picked":["White Beast Statue","Runic Dome"],"picked":"Lizard Tail"}],"potions_floor_spawned":[1,4,5,10,14,18,20,22,24,46,47],"seed_played":"6243315336620396244","ascension_level":0,"is_trial":false}