{"gold_per_floor":[110,42,52,352,352,352,379,71,71,84,184,198,198,217,217,320,320,332,361,276,290,290,290,290,307,307,324,19,19,29,29,29,125,175,189,289,37,56,56,56,90,90,116,116,116,116,116,21,21,21],"floor_reached":51,"playtime":3185,"items_purged":["Strike_R"],"score":963,"play_id":"c3807b94-2f0b-47d3-b3cd-589395c33074","local_time":"20190105115024","is_ascension_mode":true,"campfire_choices":[{"data":"Pommel Strike","floor":6,"key":"SMITH"},{"data":"Body Slam","floor":13,"key":"SMITH"},{"data":"Uppercut","floor":15,"key":"SMITH"},{"floor":23,"key":"REST"},{"floor":29,"key":"REST"},{"data":"Flame Barrier","floor":32,"key":"SMITH"},{"data":"Anger","floor":40,"key":"SMITH"},{"data":"Inflame","floor":42,"key":"SMITH"},{"data":"Immolate","floor":49,"key":"SMITH"}],"neow_cost":"NONE","seed_source_timestamp":523807055611666,"circlet_count":0,"master_deck":["Strike_R","Strike_R","Strike_R","Defend_R","Defend_R","Defend_R","Defend_R","Bash+1","Pommel Strike+1","Flame Barrier+1","Feed","Anger+1","Shrug It Off+1","Uppercut+1","Body Slam+1","Flex+1","Reaper","Seeing Red+1","Power Through+1","Blood for Blood+1","Inflame+1","Bandage Up+1","Immolate+1","Disarm+1","Shrug It Off+1","Spot Weakness+1","Trip+1","Shockwave+1","True Grit+1"],"relics":["Burning Blood","Old Coin","Bottled Lightning","Toxic Egg 2","Singing Bowl","Eternal Feather","Red Mask","Art of War","Sundial","Red Skull","Tiny House","Nunchaku","Centennial Puzzle","Bag of Marbles","Blood Vial"],"potions_floor_usage":[7,16,16,18,18,19,19,19,35,39,41],"damage_taken":[{"damage":6,"enemies":"2 Louse","floor":1,"turns":4},{"damage":6,"enemies":"Jaw Worm","floor":3,"turns":5},{"damage":8,"enemies":"Gremlin Nob","floor":7,"turns":3},{"damage":0,"enemies":"Cultist","floor":10,"turns":3},{"damage":2,"enemies":"Exordium Thugs","floor":12,"turns":4},{"damage":3,"enemies":"Exordium Wildlife","floor":14,"turns":5},{"damage":21,"enemies":"Hexaghost","floor":16,"turns":9},{"damage":19,"enemies":"Chosen","floor":18,"turns":5},{"damage":42,"enemies":"Masked Bandits","floor":19,"turns":6},{"damage":8,"enemies":"Spheric Guardian","floor":21,"turns":4},{"damage":31,"enemies":"Colosseum Slavers","floor":22,"turns":6},{"damage":33,"enemies":"Shelled Parasite and Fungi","floor":25,"turns":7},{"damage":11,"enemies":"Centurion and Healer","floor":27,"turns":7},{"damage":24,"enemies":"Snake Plant","floor":30,"turns":4},{"damage":81,"enemies":"Automaton","floor":33,"turns":12},{"damage":31,"enemies":"3 Darklings","floor":35,"turns":7},{"damage":28,"enemies":"Mind Bloom Boss Battle","floor":36,"turns":9},{"damage":7,"enemies":"Orb Walker","floor":38,"turns":4},{"damage":0,"enemies":"4 Shapes","floor":39,"turns":1},{"damage":41,"enemies":"Nemesis","floor":41,"turns":9},{"damage":98,"enemies":"Donu and Deca","floor":50,"turns":9}],"seed_played":"-4288997338263911108","potions_obtained":[{"floor":0,"key":"Explosive Potion"},{"floor":0,"key":"SneckoOil"},{"floor":0,"key":"Strength Potion"},{"floor":1,"key":"EntropicBrew"},{"floor":3,"key":"Dexterity Potion"},{"floor":12,"key":"GamblersBrew"},{"floor":16,"key":"Block Potion"},{"floor":33,"key":"FearPotion"},{"floor":34,"key":"SmokeBomb"}],"is_trial":false,"path_per_floor":["M","$","M","?","?","R","E","$","T","M","?","M","R","M","R","B",null,"M","?","?","M","?","R","?","M","T","M","$","R","M","?","R","B",null,"M","?","$","M","M","R","E","R","T","?","?","?","?","$","R","B",null],"character_chosen":"IRONCLAD","items_purchased":["Flame Barrier","Toxic Egg 2","Shrug It Off+1","Red Skull","Bandage Up+1","Shrug It Off+1","Centennial Puzzle","Dexterity Potion","Shockwave+1","True Grit+1"],"campfire_rested":2,"item_purchase_floors":[2,8,8,28,28,37,37,37,48,48],"current_hp_per_floor":[72,72,72,60,60,60,61,61,61,70,70,77,77,83,83,68,86,73,50,50,48,26,68,68,44,44,49,49,91,81,81,93,33,96,89,84,84,89,95,110,84,99,99,96,96,96,96,96,111,27],"gold":21,"neow_bonus":"THREE_SMALL_POTIONS","is_prod":false,"is_daily":false,"chose_seed":false,"campfire_upgraded":7,"win_rate":0,"timestamp":1546656624,"path_taken":["M","$","M","?","?","R","E","$","T","M","?","?","R","M","R","BOSS","M","?","?","M","?","R","?","?","T","M","?","R","M","?","R","BOSS","M","?","$","M","M","R","E","R","T","?","?","?","?","?","R","BOSS"],"build_version":"2019-01-03v3","purchased_purges":1,"victory":true,"max_hp_per_floor":[80,80,80,80,80,80,83,83,83,86,86,89,89,92,92,92,92,92,97,97,97,100,100,100,103,103,103,103,103,105,105,105,108,115,115,117,117,117,117,117,119,119,119,121,121,121,115,115,115,115],"card_choices":[{"not_picked":["Searing Blow","Heavy Blade"],"picked":"Pommel Strike","floor":1},{"not_picked":["Perfected Strike","Cleave"],"picked":"Feed","floor":3},{"not_picked":["Havoc","Seeing Red","Rampage"],"picked":"SKIP","floor":7},{"not_picked":["Twin Strike","Headbutt"],"picked":"Uppercut","floor":10},{"not_picked":["Sword Boomerang","Clash"],"picked":"Body Slam","floor":12},{"not_picked":["Heavy Blade","Headbutt"],"picked":"Flex+1","floor":14},{"not_picked":["Impervious+1","Bludgeon"],"picked":"Reaper","floor":16},{"not_picked":["Armaments+1","Sever Soul"],"picked":"Shrug It Off+1","floor":18},{"not_picked":["Hemokinesis","Combust+1","Shrug It Off+1"],"picked":"Singing Bowl","floor":19},{"not_picked":["Headbutt+1","Armaments+1"],"picked":"Seeing Red+1","floor":21},{"not_picked":["Havoc+1","Headbutt"],"picked":"Blood for Blood+1","floor":25},{"not_picked":["Limit Break+1","Armaments+1"],"picked":"Inflame","floor":27},{"not_picked":["Thunderclap","Second Wind+1","Flex+1"],"picked":"Singing Bowl","floor":30},{"not_picked":["Reaper","Feed"],"picked":"Immolate","floor":33},{"not_picked":["Anger","Cleave","Rampage+1"],"picked":"Singing Bowl","floor":34},{"not_picked":["Clothesline","Seeing Red+1"],"picked":"Disarm+1","floor":35},{"not_picked":["Pommel Strike+1","Havoc+1","Perfected Strike+1"],"picked":"Singing Bowl","floor":36},{"not_picked":["Shrug It Off+1","Heavy Blade"],"picked":"Spot Weakness+1","floor":38},{"not_picked":["Pummel","Fire Breathing+1","Pommel Strike+1"],"picked":"Singing Bowl","floor":41},{"not_picked":["Purity+1","Metamorphosis+1","Madness+1"],"picked":"Singing Bowl","floor":44},{"not_picked":["Finesse+1","Metamorphosis+1"],"picked":"Trip+1","floor":44}],"player_experience":155294,"relics_obtained":[{"floor":7,"key":"Bottled Lightning"},{"floor":9,"key":"Singing Bowl"},{"floor":19,"key":"Red Mask"},{"floor":26,"key":"Sundial"},{"floor":36,"key":"Nunchaku"},{"floor":41,"key":"Bag of Marbles"},{"floor":43,"key":"Blood Vial"}],"event_choices":[{"damage_healed":0,"gold_gain":0,"player_choice":"Success","damage_taken":12,"relics_obtained":["Old Coin"],"max_hp_gain":0,"max_hp_loss":0,"event_name":"Scrap Ooze","floor":4,"gold_loss":0},{"damage_healed":0,"gold_gain":0,"cards_transformed":["Strike_R"],"player_choice":"Change","damage_taken":0,"max_hp_gain":0,"max_hp_loss":0,"event_name":"Living Wall","floor":5,"gold_loss":0,"cards_obtained":["Anger"]},{"damage_healed":0,"gold_gain":100,"player_choice":"Pray","damage_taken":0,"max_hp_gain":0,"max_hp_loss":0,"event_name":"Golden Shrine","floor":11,"gold_loss":0},{"damage_healed":0,"gold_gain":0,"player_choice":"Fought Bandits","damage_taken":0,"max_hp_gain":0,"max_hp_loss":0,"event_name":"Masked Bandits","floor":19,"gold_loss":0},{"damage_healed":0,"gold_gain":0,"player_choice":"Obtained Relic","damage_taken":0,"relics_obtained":["Art of War"],"max_hp_gain":0,"max_hp_loss":0,"event_name":"Addict","floor":20,"gold_loss":85},{"damage_healed":0,"gold_gain":0,"player_choice":"Fight","damage_taken":0,"max_hp_gain":0,"max_hp_loss":0,"event_name":"Colosseum","floor":22,"gold_loss":0},{"damage_healed":0,"gold_gain":0,"player_choice":"Fled From Nobs","damage_taken":0,"max_hp_gain":0,"max_hp_loss":0,"event_name":"Colosseum","floor":22,"gold_loss":0},{"damage_healed":0,"gold_gain":0,"player_choice":"Read","damage_taken":0,"max_hp_gain":0,"max_hp_loss":0,"event_name":"The Library","floor":24,"gold_loss":0,"cards_obtained":["Power Through"]},{"damage_healed":0,"gold_gain":0,"player_choice":"Ignored","damage_taken":0,"max_hp_gain":0,"max_hp_loss":0,"event_name":"Vampires","floor":31,"gold_loss":0},{"damage_healed":0,"gold_gain":0,"player_choice":"Fight","damage_taken":0,"max_hp_gain":0,"max_hp_loss":0,"event_name":"MindBloom","floor":36,"gold_loss":0},{"damage_healed":0,"gold_gain":0,"player_choice":"Memory 2","damage_taken":5,"max_hp_gain":0,"max_hp_loss":0,"event_name":"SensoryStone","floor":44,"gold_loss":0},{"damage_healed":0,"gold_gain":0,"player_choice":"Ignored","damage_taken":0,"max_hp_gain":0,"max_hp_loss":0,"event_name":"Mysterious Sphere","floor":45,"gold_loss":0},{"cards_removed":["Shrug It Off"],"damage_healed":0,"gold_gain":0,"player_choice":"Removed Skill","damage_taken":0,"max_hp_gain":0,"max_hp_loss":0,"event_name":"Falling","floor":46,"gold_loss":0},{"damage_healed":0,"gold_gain":0,"player_choice":"Max HP","damage_taken":0,"max_hp_gain":0,"max_hp_loss":6,"event_name":"Winding Halls","floor":47,"gold_loss":0}],"is_beta":false,"boss_relics":[{"not_picked":["Black Star","Orrery"],"picked":"Eternal Feather"},{"not_picked":["Astrolabe","Lizard Tail"],"picked":"Tiny House"}],"items_purged_floors":[28],"is_endless":false,"potions_floor_spawned":[1,3,12,16,18,22,33,39],"ascension_level":7}