{"gold_per_floor":[14,27,41,41,41,73,128,54,79,39,64,64,10,45,45,149,149,149,149,74,74,74,74,74,74,74,74,74,74,74,74,74,74,74,74,74,74,74,74,74,74,74,74,74,74,74,74,74,74,74,74,74,22,22,22],"floor_reached":55,"playtime":5872,"items_purged":[],"score":1085,"play_id":"14b5a4bd-46e6-4efd-9c93-9a289b00eb14","local_time":"20190713180621","is_ascension_mode":true,"campfire_choices":[{"data":"Uppercut","floor":12,"key":"SMITH"},{"data":"Burning Pact","floor":15,"key":"SMITH"},{"data":"Sentinel","floor":24,"key":"SMITH"},{"data":"True Grit","floor":27,"key":"SMITH"},{"data":"Double Tap","floor":32,"key":"SMITH"},{"data":"Flame Barrier","floor":40,"key":"SMITH"},{"floor":42,"key":"RECALL"},{"data":"Dark Shackles","floor":45,"key":"SMITH"},{"data":"Sentinel","floor":47,"key":"SMITH"},{"data":"Warcry","floor":49,"key":"SMITH"},{"data":"Finesse","floor":52,"key":"SMITH"}],"neow_cost":"NO_GOLD","seed_source_timestamp":256915686511941,"circlet_count":0,"master_deck":["Defend_R","Defend_R","Defend_R","Bash","Dark Shackles+1","Finesse+1","Rampage","Headbutt","Burning Pact+1","Sentinel+1","True Grit+1","Infernal Blade+1","Reckless Charge","Uppercut+1","Warcry+1","Flame Barrier+1","Dark Embrace","Rampage+1","Havoc+1","Burning Pact","Disarm","Warcry+1","Double Tap+1","Bite","Bite","Bite","Bite","Bite","Reaper","Ghostly Armor","Dark Embrace","Uppercut+1","Sentinel+1","Madness","Madness","Master of Strategy","PanicButton","Shrug It Off","Evolve+1","Impervious","Flex+1","Battle Trance+1"],"relics":["Burning Blood","Red Skull","Ancient Tea Set","Vajra","Letter Opener","Magic Flower","Ectoplasm","MutagenicStrength","Boot","Omamori","Smiling Mask","Philosopher\u0027s Stone","Darkstone Periapt","MawBank","Incense Burner"],"potions_floor_usage":[14,21,33,50,54,55],"damage_taken":[{"damage":0,"enemies":"2 Louse","floor":1,"turns":4},{"damage":0,"enemies":"Jaw Worm","floor":2,"turns":3},{"damage":6,"enemies":"Cultist","floor":3,"turns":3},{"damage":32,"enemies":"Gremlin Nob","floor":6,"turns":4},{"damage":28,"enemies":"3 Sentries","floor":7,"turns":8},{"damage":6,"enemies":"3 Sentries","floor":11,"turns":5},{"damage":0,"enemies":"Gremlin Nob","floor":14,"turns":2},{"damage":0,"enemies":"Slime Boss","floor":16,"turns":5},{"damage":12,"enemies":"Shell Parasite","floor":18,"turns":7},{"damage":24,"enemies":"2 Thieves","floor":20,"turns":4},{"damage":9,"enemies":"Shelled Parasite and Fungi","floor":21,"turns":4},{"damage":15,"enemies":"Snake Plant","floor":22,"turns":3},{"damage":19,"enemies":"Book of Stabbing","floor":23,"turns":4},{"damage":7,"enemies":"Gremlin Leader","floor":25,"turns":3},{"damage":12,"enemies":"Slavers","floor":29,"turns":4},{"damage":23,"enemies":"Cultist and Chosen","floor":30,"turns":6},{"damage":66,"enemies":"Collector","floor":33,"turns":9},{"damage":7,"enemies":"Orb Walker","floor":35,"turns":4},{"damage":48,"enemies":"3 Darklings","floor":36,"turns":5},{"damage":15,"enemies":"Writhing Mass","floor":41,"turns":4},{"damage":36,"enemies":"Nemesis","floor":44,"turns":5},{"damage":39,"enemies":"Spire Growth","floor":46,"turns":5},{"damage":17,"enemies":"4 Shapes","floor":48,"turns":2},{"damage":16,"enemies":"Donu and Deca","floor":50,"turns":7},{"damage":62,"enemies":"Shield and Spear","floor":54,"turns":5},{"damage":109,"enemies":"The Heart","floor":55,"turns":6}],"seed_played":"2578900408657722908","potions_obtained":[{"floor":6,"key":"AttackPotion"},{"floor":7,"key":"Swift Potion"},{"floor":11,"key":"SpeedPotion"},{"floor":14,"key":"Strength Potion"},{"floor":18,"key":"FairyPotion"},{"floor":30,"key":"Energy Potion"},{"floor":33,"key":"SkillPotion"}],"is_trial":false,"path_per_floor":["M","M","M","?","?","E","?","$","T","$","E","R","$","E","R","B",null,"M","?","M","M","M","E","R","E","T","R","?","E","M","?","R","B",null,"M","M","?","?","?","R","M","R","T","E","R","M","R","M","R","B",null,"R","$","E","B"],"character_chosen":"IRONCLAD","items_purchased":["Infernal Blade","Reckless Charge","Warcry","PowerPotion"],"campfire_rested":0,"item_purchase_floors":[8,10,13,53],"current_hp_per_floor":[78,80,80,80,73,47,25,25,25,25,25,25,25,31,31,40,70,67,67,52,52,46,36,36,38,38,38,38,50,53,53,53,54,56,56,32,25,20,20,20,46,46,46,32,32,29,29,56,56,56,56,56,56,42,0],"gold":22,"neow_bonus":"RANDOM_COLORLESS_2","is_prod":false,"is_daily":false,"chose_seed":false,"campfire_upgraded":10,"win_rate":0,"timestamp":1563055581,"path_taken":["M","M","M","?","?","E","?","?","T","?","E","R","$","E","R","BOSS","M","?","M","M","M","E","R","E","T","R","?","E","M","?","R","BOSS","M","M","?","?","?","R","M","R","T","E","R","M","R","M","R","BOSS","R","$","E","BOSS"],"build_version":"2019-07-05","purchased_purges":0,"victory":false,"max_hp_per_floor":[80,80,80,80,80,80,80,80,80,80,80,80,80,80,80,80,80,80,80,80,80,80,80,80,80,80,80,56,56,56,56,56,56,56,56,56,56,56,56,56,56,56,56,56,56,56,56,56,56,56,56,56,56,56,56],"card_choices":[{"not_picked":["Rupture","Flex"],"picked":"Rampage","floor":1},{"not_picked":["Heavy Blade","Sword Boomerang"],"picked":"Headbutt","floor":2},{"not_picked":["Anger","Second Wind"],"picked":"Burning Pact","floor":3},{"not_picked":["Headbutt","Dual Wield"],"picked":"Sentinel","floor":6},{"not_picked":["Armaments","Twin Strike"],"picked":"True Grit","floor":7},{"not_picked":["Pommel Strike","Second Wind"],"picked":"Uppercut","floor":11},{"not_picked":["Bloodletting","Havoc"],"picked":"Flame Barrier","floor":14},{"not_picked":["Juggernaut","Reaper"],"picked":"Dark Embrace","floor":16},{"not_picked":["Iron Wave","Twin Strike+1"],"picked":"Rampage+1","floor":18},{"not_picked":["Pummel","Thunderclap"],"picked":"Havoc+1","floor":20},{"not_picked":["Dual Wield+1","Metallicize+1"],"picked":"Burning Pact","floor":21},{"not_picked":["Rupture","Power Through"],"picked":"Disarm","floor":22},{"not_picked":["Clash+1","Perfected Strike+1"],"picked":"Warcry+1","floor":23},{"not_picked":["Fire Breathing","Cleave+1"],"picked":"Double Tap","floor":25},{"not_picked":["Anger","Evolve"],"picked":"Reaper","floor":29},{"not_picked":["Anger","Twin Strike+1"],"picked":"Ghostly Armor","floor":30},{"not_picked":["Double Tap","Fiend Fire"],"picked":"Dark Embrace","floor":33},{"not_picked":["Evolve+1","Sword Boomerang"],"picked":"Uppercut+1","floor":35},{"not_picked":["Headbutt","Sword Boomerang"],"picked":"Sentinel","floor":36},{"not_picked":["Transmutation","Impatience"],"picked":"Master of Strategy","floor":38},{"not_picked":["Forethought","Dramatic Entrance"],"picked":"PanicButton","floor":38},{"not_picked":["Body Slam","Sword Boomerang"],"picked":"Shrug It Off","floor":41},{"not_picked":["Havoc","Perfected Strike"],"picked":"Evolve+1","floor":44},{"not_picked":["Hemokinesis","Sever Soul"],"picked":"Impervious","floor":46},{"not_picked":["Pommel Strike","Sword Boomerang"],"picked":"Flex+1","floor":48},{"not_picked":["Armaments","Iron Wave+1"],"picked":"Battle Trance+1","floor":54}],"player_experience":226888,"relics_obtained":[{"floor":6,"key":"Red Skull"},{"floor":7,"key":"Ancient Tea Set"},{"floor":9,"key":"Vajra"},{"floor":11,"key":"Letter Opener"},{"floor":14,"key":"Magic Flower"},{"floor":23,"key":"Boot"},{"floor":25,"key":"Omamori"},{"floor":29,"key":"Smiling Mask"},{"floor":43,"key":"Darkstone Periapt"},{"floor":44,"key":"MawBank"},{"floor":54,"key":"Incense Burner"}],"event_choices":[{"cards_removed":["Strike_R"],"damage_healed":0,"gold_gain":0,"player_choice":"Forget","damage_taken":0,"max_hp_gain":0,"max_hp_loss":0,"event_name":"Living Wall","floor":4,"gold_loss":0},{"cards_removed":["Defend_R"],"damage_healed":0,"gold_gain":0,"player_choice":"Card Removal","damage_taken":7,"max_hp_gain":0,"max_hp_loss":0,"event_name":"Golden Wing","floor":5,"gold_loss":0},{"damage_healed":0,"gold_gain":0,"player_choice":"Searched \u00272\u0027 times","damage_taken":0,"max_hp_gain":0,"max_hp_loss":0,"event_name":"Dead Adventurer","floor":7,"gold_loss":0},{"damage_healed":0,"gold_gain":0,"player_choice":"Inject Mutagens","damage_taken":0,"relics_obtained":["MutagenicStrength"],"max_hp_gain":0,"max_hp_loss":0,"event_name":"Drug Dealer","floor":19,"gold_loss":0},{"damage_healed":0,"gold_gain":0,"player_choice":"Became a vampire","damage_taken":0,"max_hp_gain":0,"max_hp_loss":24,"event_name":"Vampires","floor":28,"gold_loss":0,"cards_obtained":["Bite","Bite","Bite","Bite","Bite"]},{"damage_healed":0,"gold_gain":0,"player_choice":"Bought 0 Potions","damage_taken":0,"max_hp_gain":0,"max_hp_loss":0,"event_name":"The Woman in Blue","floor":31,"gold_loss":0},{"damage_healed":0,"gold_gain":0,"player_choice":"Embrace Madness","damage_taken":7,"max_hp_gain":0,"max_hp_loss":0,"event_name":"Winding Halls","floor":37,"gold_loss":0,"cards_obtained":["Madness","Madness"]},{"damage_healed":0,"gold_gain":0,"player_choice":"Memory 2","damage_taken":5,"max_hp_gain":0,"max_hp_loss":0,"event_name":"SensoryStone","floor":38,"gold_loss":0},{"damage_healed":0,"gold_gain":0,"player_choice":"Upgraded","damage_taken":0,"max_hp_gain":0,"max_hp_loss":0,"event_name":"Upgrade Shrine","floor":39,"gold_loss":0,"cards_upgraded":["Infernal Blade"]}],"is_beta":false,"boss_relics":[{"not_picked":["Fusion Hammer","Velvet Choker"],"picked":"Ectoplasm"},{"not_picked":["Runic Cube","Calling Bell"],"picked":"Philosopher\u0027s Stone"}],"items_purged_floors":[],"is_endless":false,"potions_floor_spawned":[6,7,11,14,18,20,30,33,36],"killed_by":"The Heart","ascension_level":6}