{"path_per_floor":["M","M","?","M","M","E","R","E","T","?","$","M","R","?","R","B",null,"M","?","M","?","$","R"],"character_chosen":"DEFECT","items_purchased":["Incense Burner","Thunder Strike","Self Repair","Melter","Leap"],"gold_per_floor":[110,125,300,317,327,352,352,385,433,433,45,62,62,62,62,158,158,172,271,282,282,48,48,48],"floor_reached":24,"campfire_rested":4,"playtime":897,"item_purchase_floors":[11,11,22,22,22],"current_hp_per_floor":[75,75,75,74,74,39,61,32,32,14,14,3,25,25,47,31,75,58,58,19,19,19,41,0],"items_purged":["Doubt"],"gold":48,"score":224,"play_id":"b3504a77-fc6d-4066-a03c-41aff818761e","local_time":"20180619204019","is_prod":false,"is_daily":false,"chose_seed":false,"is_ascension_mode":true,"campfire_upgraded":0,"win_rate":0,"timestamp":1529433619,"campfire_choices":[{"floor":7,"key":"REST"},{"floor":13,"key":"REST"},{"floor":15,"key":"REST"},{"floor":23,"key":"REST"}],"path_taken":["M","M","?","?","M","E","R","E","T","?","$","M","R","?","R","BOSS","M","?","M","?","$","R","M"],"build_version":"2018-06-14v2","seed_source_timestamp":681287048869039,"purchased_purges":1,"victory":false,"master_deck":["Strike_B","Strike_B","Strike_B","Strike_B","Defend_B","Defend_B","Defend_B","Defend_B","Zap","Dualcast","Leap","White Noise","Reinforced Body","Streamline","Capacitor","FTL","Thunder Strike","Rebound","Electrodynamics","Gash+1","Reboot","Self Repair","Melter","Leap"],"max_hp_per_floor":[75,75,75,75,75,75,75,75,75,75,75,75,75,75,75,75,75,75,75,75,75,75,75,75],"relics":["Cracked Core","Juzu Bracelet","Question Card","Ancient Tea Set","Omamori","Incense Burner","Pantograph","Velvet Choker"],"card_choices":[{"not_picked":["Turbo","Redo"],"picked":"Leap","floor":1},{"not_picked":["Beam Cell","Redo"],"picked":"White Noise","floor":2},{"not_picked":["Steam","Turbo"],"picked":"Reinforced Body","floor":4},{"not_picked":["Heatsinks","Hologram"],"picked":"Streamline","floor":5},{"not_picked":["Conserve Battery","Cold Snap"],"picked":"Capacitor","floor":6},{"not_picked":["Compile Driver","Steam Power"],"picked":"FTL","floor":8},{"not_picked":["Doom and Gloom","Compile Driver","Turbo"],"picked":"Rebound","floor":12},{"not_picked":["Thunder Strike","Fission","Multi-Cast"],"picked":"Electrodynamics","floor":16},{"not_picked":["Go for the Eyes","Streamline","Stack+1"],"picked":"Gash+1","floor":18},{"not_picked":["Coolheaded","Compile Driver+1","Conserve Battery"],"picked":"Reboot","floor":20}],"player_experience":162693,"potions_floor_usage":[2,4,5,16,16,16,20,24],"damage_taken":[{"damage":0,"enemies":"2 Louse","floor":1,"turns":3},{"damage":0,"enemies":"Jaw Worm","floor":2,"turns":3},{"damage":1,"enemies":"Cultist","floor":4,"turns":3},{"damage":0,"enemies":"3 Louse","floor":5,"turns":1},{"damage":35,"enemies":"3 Sentries","floor":6,"turns":7},{"damage":29,"enemies":"Gremlin Nob","floor":8,"turns":5},{"damage":11,"enemies":"2 Fungi Beasts","floor":12,"turns":4},{"damage":41,"enemies":"The Guardian","floor":16,"turns":8},{"damage":17,"enemies":"3 Byrds","floor":18,"turns":4},{"damage":39,"enemies":"2 Thieves","floor":20,"turns":4},{"damage":41,"enemies":"Cultist and Chosen","floor":24,"turns":4}],"relics_obtained":[{"floor":6,"key":"Juzu Bracelet"},{"floor":8,"key":"Question Card"},{"floor":9,"key":"Ancient Tea Set"}],"event_choices":[{"event_name":"Liars Game","player_choice":"agreed","floor":3,"damage_taken":0},{"event_name":"Scrap Ooze","player_choice":"success","floor":10,"damage_taken":18},{"event_name":"Big Fish","player_choice":"Box","floor":14,"damage_taken":0},{"event_name":"Nest","player_choice":"Stole From Cult","floor":19,"damage_taken":0},{"event_name":"Ghosts","player_choice":"Ignored","floor":21,"damage_taken":0}],"boss_relics":[{"not_picked":["White Beast Statue","Philosopher\u0027s Stone"],"picked":"Velvet Choker"}],"items_purged_floors":[22],"is_endless":false,"potions_floor_spawned":[2,5,12,16,20],"seed_played":"-4987802411657682816","killed_by":"Cultist and Chosen","ascension_level":2,"potions_obtained":[{"floor":2,"key":"FearPotion"},{"floor":5,"key":"LiquidBronze"},{"floor":12,"key":"Explosive Potion"},{"floor":16,"key":"Swift Potion"},{"floor":20,"key":"Block Potion"}],"is_trial":false}