{"gold_per_floor":[19,19,33,47,66,109,109,109,183,204,219,219,242,266,266,392,392,416,431,431,455,18,62,74,107,142,169,197,234,246,299,311,454,466,492,524,559,36,92,92,107,127,127,127,460,460,460,474,474,474,474,474,25,60,60],"floor_reached":55,"playtime":8383,"items_purged":["Defend_B"],"score":692,"play_id":"43842b93-b7d3-4305-a075-cc1412879855","local_time":"20190718060410","is_ascension_mode":false,"campfire_choices":[{"data":"Chaos","floor":7,"key":"SMITH"},{"data":"Zap","floor":12,"key":"SMITH"},{"data":"Static Discharge","floor":15,"key":"SMITH"},{"floor":24,"key":"REST"},{"data":"Buffer","floor":30,"key":"SMITH"},{"data":"Recycle","floor":32,"key":"SMITH"},{"floor":40,"key":"REST"},{"floor":44,"key":"RECALL"},{"data":"Reinforced Body","floor":47,"key":"SMITH"},{"data":"Buffer","floor":49,"key":"SMITH"},{"data":"Static Discharge","floor":52,"key":"SMITH"}],"neow_cost":"NO_GOLD","seed_source_timestamp":528456051821371,"circlet_count":0,"master_deck":["Strike_B","Strike_B","Defend_B","Zap+1","Dualcast","Recycle+1","Reinforced Body+1","Chaos+1","Buffer+1","Conserve Battery","Static Discharge+1","Capacitor","Static Discharge+1","Multi-Cast","Capacitor+1","Hologram+1","Self Repair","Redo+1","Machine Learning","Heatsinks+1","Machine Learning","Reinforced Body+1","Storm","Buffer+1","Amplify"],"relics":["Cracked Core","Bird Faced Urn","Empty Cage","Runic Capacitor","Bronze Scales","MawBank","Anchor","Kunai","Lizard Tail","Chemical X","Blue Candle","Turnip","Orichalcum","Strawberry","Blood Vial"],"potions_floor_usage":[6,14,25,25,31,31,36,36,54,55],"damage_taken":[{"damage":5,"enemies":"Small Slimes","floor":1,"turns":3},{"damage":1,"enemies":"Cultist","floor":3,"turns":3},{"damage":6,"enemies":"2 Louse","floor":4,"turns":2},{"damage":5,"enemies":"Large Slime","floor":5,"turns":5},{"damage":11,"enemies":"Lagavulin","floor":6,"turns":10},{"damage":9,"enemies":"2 Fungi Beasts","floor":10,"turns":4},{"damage":0,"enemies":"Blue Slaver","floor":11,"turns":4},{"damage":4,"enemies":"Large Slime","floor":13,"turns":5},{"damage":9,"enemies":"Exordium Thugs","floor":14,"turns":5},{"damage":32,"enemies":"Hexaghost","floor":16,"turns":5},{"damage":18,"enemies":"2 Thieves","floor":18,"turns":4},{"damage":5,"enemies":"3 Byrds","floor":19,"turns":3},{"damage":23,"enemies":"Shelled Parasite and Fungi","floor":21,"turns":5},{"damage":52,"enemies":"Slavers","floor":23,"turns":6},{"damage":25,"enemies":"3 Cultists","floor":25,"turns":5},{"damage":4,"enemies":"Snecko","floor":27,"turns":6},{"damage":12,"enemies":"Shelled Parasite and Fungi","floor":28,"turns":6},{"damage":20,"enemies":"Sentry and Sphere","floor":29,"turns":6},{"damage":5,"enemies":"Book of Stabbing","floor":31,"turns":6},{"damage":21,"enemies":"Champ","floor":33,"turns":10},{"damage":32,"enemies":"3 Darklings","floor":35,"turns":6},{"damage":6,"enemies":"Orb Walker","floor":36,"turns":5},{"damage":19,"enemies":"4 Shapes","floor":37,"turns":6},{"damage":72,"enemies":"2 Orb Walkers","floor":39,"turns":6},{"damage":16,"enemies":"Jaw Worm Horde","floor":41,"turns":5},{"damage":19,"enemies":"3 Darklings","floor":42,"turns":7},{"damage":0,"enemies":"Maw","floor":48,"turns":8},{"damage":15,"enemies":"Time Eater","floor":50,"turns":11},{"damage":106,"enemies":"Shield and Spear","floor":54,"turns":9},{"damage":89,"enemies":"The Heart","floor":55,"turns":3}],"seed_played":"-5844696693060616167","potions_obtained":[{"floor":3,"key":"Weak Potion"},{"floor":4,"key":"SteroidPotion"},{"floor":10,"key":"AttackPotion"},{"floor":13,"key":"Energy Potion"},{"floor":14,"key":"GamblersBrew"},{"floor":16,"key":"SpeedPotion"},{"floor":21,"key":"SpeedPotion"},{"floor":28,"key":"Weak Potion"},{"floor":29,"key":"AttackPotion"},{"floor":33,"key":"Swift Potion"},{"floor":35,"key":"Poison Potion"},{"floor":36,"key":"GamblersBrew"},{"floor":39,"key":"Block Potion"}],"is_trial":false,"path_per_floor":["M","?","M","M","M","E","R","?","T","M","M","R","M","M","R","B",null,"M","M","?","M","$","E","R","M","T","M","M","M","R","E","R","B",null,"M","M","M","$","?","R","M","M","T","R","?","?","R","M","R","B",null,"R","$","E","B"],"character_chosen":"DEFECT","items_purchased":["Runic Capacitor","Bronze Scales","Self Repair","Chemical X","Blue Candle","Storm","Amplify","Dexterity Potion","Strawberry","FairyPotion"],"campfire_rested":2,"item_purchase_floors":[22,22,22,38,38,38,53,53,53,53],"current_hp_per_floor":[70,52,51,45,40,29,29,54,54,47,49,49,47,44,44,20,75,61,64,64,49,49,16,38,32,32,36,43,42,42,58,58,60,75,64,75,75,75,24,46,55,63,63,63,63,63,63,71,71,71,71,71,78,14,0],"gold":60,"neow_bonus":"REMOVE_TWO","is_prod":false,"is_daily":false,"chose_seed":false,"campfire_upgraded":8,"win_rate":0,"timestamp":1563397450,"path_taken":["M","?","M","M","M","E","R","?","T","M","M","R","M","M","R","BOSS","M","M","?","M","$","E","R","M","T","M","M","M","R","E","R","BOSS","M","?","M","$","?","R","M","M","T","R","?","?","R","M","R","BOSS","R","$","E","BOSS"],"build_version":"2019-07-05","purchased_purges":1,"victory":false,"max_hp_per_floor":[75,75,75,75,75,75,75,75,75,75,75,75,75,75,75,75,75,75,75,75,75,75,75,75,75,75,75,75,75,75,75,75,75,75,75,75,75,75,75,75,75,75,75,75,75,71,71,71,71,71,71,71,78,78,78],"card_choices":[{"not_picked":["Beam Cell","Sweeping Beam"],"picked":"Recycle","floor":1},{"not_picked":["Turbo","Fusion","Streamline"],"picked":"SKIP","floor":3},{"not_picked":["Go for the Eyes","Ball Lightning"],"picked":"Reinforced Body","floor":4},{"not_picked":["Lockon","Doom and Gloom"],"picked":"Chaos","floor":5},{"not_picked":["Steam","Streamline"],"picked":"Buffer","floor":6},{"not_picked":["Redo","Sweeping Beam"],"picked":"Conserve Battery","floor":10},{"not_picked":["Sunder","Compile Driver"],"picked":"Static Discharge","floor":11},{"not_picked":["Stack","Compile Driver"],"picked":"Capacitor","floor":13},{"not_picked":["Auto Shields","Buffer"],"picked":"Static Discharge","floor":14},{"not_picked":["Meteor Strike","Amplify"],"picked":"Multi-Cast","floor":16},{"not_picked":["Steam","Coolheaded+1"],"picked":"Capacitor+1","floor":18},{"not_picked":["Rip and Tear+1","Coolheaded","Hologram+1"],"picked":"SKIP","floor":19},{"not_picked":["Sweeping Beam","Rebound"],"picked":"Hologram+1","floor":21},{"not_picked":["Rip and Tear+1","Gash+1"],"picked":"Redo+1","floor":23},{"not_picked":["Compile Driver","Rebound+1","Undo"],"picked":"SKIP","floor":25},{"not_picked":["Sweeping Beam","Barrage","Ball Lightning"],"picked":"SKIP","floor":27},{"not_picked":["Streamline","FTL","Beam Cell+1"],"picked":"SKIP","floor":28},{"not_picked":["Steam Power","Leap"],"picked":"Machine Learning","floor":29},{"not_picked":["Rebound","Coolheaded"],"picked":"Heatsinks+1","floor":31},{"not_picked":["Multi-Cast","Hyperbeam"],"picked":"Machine Learning","floor":33},{"not_picked":["Streamline","Melter","Compile Driver"],"picked":"SKIP","floor":35},{"not_picked":["Recycle+1","Stack+1","Coolheaded"],"picked":"SKIP","floor":36},{"not_picked":["Doom and Gloom+1","Genetic Algorithm"],"picked":"Reinforced Body+1","floor":37},{"not_picked":["Gash+1","Streamline","Leap"],"picked":"SKIP","floor":41},{"not_picked":["Streamline","Barrage+1"],"picked":"Buffer","floor":42},{"not_picked":["Go for the Eyes","Barrage","Scrape+1"],"picked":"SKIP","floor":48},{"not_picked":["Chill","Streamline+1","Beam Cell"],"picked":"SKIP","floor":54}],"player_experience":267802,"relics_obtained":[{"floor":6,"key":"Bird Faced Urn"},{"floor":23,"key":"MawBank"},{"floor":26,"key":"Anchor"},{"floor":31,"key":"Kunai"},{"floor":39,"key":"Turnip"},{"floor":43,"key":"Orichalcum"},{"floor":54,"key":"Blood Vial"}],"event_choices":[{"damage_healed":0,"gold_gain":0,"player_choice":"Take Damage","damage_taken":18,"relics_obtained":["Golden Idol"],"max_hp_gain":0,"max_hp_loss":0,"event_name":"Golden Idol","floor":2,"gold_loss":0},{"damage_healed":25,"gold_gain":0,"player_choice":"Banana","damage_taken":0,"max_hp_gain":0,"max_hp_loss":0,"event_name":"Big Fish","floor":8,"gold_loss":0},{"damage_healed":0,"gold_gain":0,"player_choice":"Bought 0 Potions","damage_taken":0,"max_hp_gain":0,"max_hp_loss":0,"event_name":"The Woman in Blue","floor":20,"gold_loss":0},{"damage_healed":0,"gold_gain":0,"player_choice":"Fight","damage_taken":0,"max_hp_gain":0,"max_hp_loss":0,"event_name":"Mysterious Sphere","floor":39,"gold_loss":0},{"damage_healed":0,"gold_gain":333,"player_choice":"Gave Idol","damage_taken":0,"max_hp_gain":0,"max_hp_loss":0,"event_name":"The Moai Head","floor":45,"relics_lost":["Golden Idol"],"gold_loss":0},{"damage_healed":0,"gold_gain":0,"player_choice":"Max HP","damage_taken":0,"max_hp_gain":0,"max_hp_loss":4,"event_name":"Winding Halls","floor":46,"gold_loss":0}],"is_beta":false,"boss_relics":[{"not_picked":["Tiny House","Fusion Hammer"],"picked":"Empty Cage"},{"not_picked":["Cursed Key","Runic Pyramid"],"picked":"Lizard Tail"}],"items_purged_floors":[53],"is_endless":false,"potions_floor_spawned":[3,4,10,13,14,16,18,21,28,29,33,35,36,39,41],"killed_by":"The Heart","ascension_level":0}