{"gold_per_floor":[112,125,125,138,150,176,20,38,38,38,50,61,74,87,87,189,189,203,203,203,203,223,223,223],"floor_reached":24,"playtime":1608,"items_purged":["Strike_R"],"score":283,"play_id":"e3f5e485-17f8-4ce3-972b-d222a5573558","local_time":"20190824172414","is_ascension_mode":true,"campfire_choices":[{"data":"Rage","floor":10,"key":"SMITH"},{"data":"Demon Form","floor":15,"key":"SMITH"},{"floor":23,"key":"REST"}],"neow_cost":"NONE","seed_source_timestamp":415560931069900,"circlet_count":0,"master_deck":["Strike_R","Strike_R","Strike_R","Strike_R","Defend_R","Defend_R","Defend_R","Defend_R","Bash","Demon Form+1","Rage+1","Shrug It Off","Iron Wave","Heavy Blade","Metallicize","Offering","Heavy Blade","Heavy Blade","Armaments","Sword Boomerang","Limit Break","Bash","Dark Shackles","Spot Weakness"],"relics":["Burning Blood","Red Skull","Bottled Flame","Snecko Eye","Enchiridion"],"potions_floor_usage":[6,14,14,16,16],"damage_taken":[{"damage":15,"enemies":"Cultist","floor":1,"turns":5},{"damage":0,"enemies":"Small Slimes","floor":2,"turns":4},{"damage":1,"enemies":"2 Louse","floor":4,"turns":3},{"damage":6,"enemies":"Exordium Thugs","floor":5,"turns":5},{"damage":55,"enemies":"Lagavulin","floor":6,"turns":9},{"damage":4,"enemies":"Large Slime","floor":8,"turns":6},{"damage":6,"enemies":"3 Louse","floor":11,"turns":4},{"damage":0,"enemies":"2 Fungi Beasts","floor":12,"turns":3},{"damage":6,"enemies":"Gremlin Gang","floor":13,"turns":4},{"damage":0,"enemies":"Exordium Wildlife","floor":14,"turns":3},{"damage":19,"enemies":"The Guardian","floor":16,"turns":9},{"damage":33,"enemies":"2 Thieves","floor":18,"turns":4},{"damage":0,"enemies":"Chosen","floor":22,"turns":3},{"damage":55,"enemies":"Gremlin Leader","floor":24,"turns":4}],"seed_played":"7625115455036716073","potions_obtained":[{"floor":4,"key":"GamblersBrew"},{"floor":5,"key":"Explosive Potion"},{"floor":6,"key":"Energy Potion"},{"floor":13,"key":"Dexterity Potion"},{"floor":14,"key":"EssenceOfSteel"}],"is_trial":false,"path_per_floor":["M","M","?","M","M","E","$","M","T","R","M","M","M","M","R","B",null,"M","?","?","?","M","R","E"],"character_chosen":"IRONCLAD","items_purchased":["Metallicize"],"campfire_rested":1,"item_purchase_floors":[7],"current_hp_per_floor":[63,69,80,80,80,31,31,33,33,33,33,39,39,45,45,32,68,41,41,25,25,31,55,0],"gold":223,"neow_bonus":"ONE_RANDOM_RARE_CARD","is_prod":false,"is_daily":false,"chose_seed":false,"campfire_upgraded":2,"win_rate":0,"timestamp":1566692654,"path_taken":["M","?","?","M","M","E","$","?","T","R","M","M","M","M","R","BOSS","M","?","?","?","M","R","E"],"build_version":"2019-07-17","purchased_purges":1,"victory":false,"max_hp_per_floor":[80,80,80,80,80,80,80,80,80,80,80,80,80,80,80,80,80,80,80,80,80,80,80,80],"card_choices":[{"not_picked":["Headbutt","Havoc"],"picked":"Intimidate","floor":1},{"not_picked":["Corruption","Cleave"],"picked":"Rage","floor":2},{"not_picked":["Rampage","Warcry"],"picked":"Shrug It Off","floor":4},{"not_picked":["Ghostly Armor","Whirlwind"],"picked":"Iron Wave","floor":5},{"not_picked":["Headbutt","Perfected Strike"],"picked":"Heavy Blade","floor":6},{"not_picked":["Ghostly Armor","Body Slam"],"picked":"Offering","floor":8},{"not_picked":["Perfected Strike","Clash"],"picked":"Heavy Blade","floor":11},{"not_picked":["Armaments","Sword Boomerang"],"picked":"Heavy Blade","floor":12},{"not_picked":["Corruption","Perfected Strike"],"picked":"Armaments","floor":13},{"not_picked":["Headbutt","Sentinel"],"picked":"Sword Boomerang","floor":14},{"not_picked":["Exhume","Immolate"],"picked":"Limit Break","floor":16},{"not_picked":["Perfected Strike","True Grit","Burning Pact"],"picked":"SKIP","floor":18},{"not_picked":["Reckless Charge+1","Iron Wave"],"picked":"Spot Weakness","floor":22}],"player_experience":145406,"relics_obtained":[{"floor":6,"key":"Red Skull"},{"floor":9,"key":"Bottled Flame"},{"floor":20,"key":"Enchiridion"}],"event_choices":[{"cards_removed":["Intimidate"],"damage_healed":11,"gold_gain":0,"player_choice":"Offered Uncommon","damage_taken":0,"max_hp_gain":0,"max_hp_loss":0,"event_name":"Bonfire Elementals","floor":3,"gold_loss":0},{"damage_healed":0,"gold_gain":0,"player_choice":"Ignored","damage_taken":0,"max_hp_gain":0,"max_hp_loss":0,"event_name":"Ghosts","floor":19,"gold_loss":0},{"damage_healed":0,"gold_gain":0,"player_choice":"Obtained Book","damage_taken":16,"max_hp_gain":0,"max_hp_loss":0,"event_name":"Cursed Tome","floor":20,"gold_loss":0},{"damage_healed":0,"gold_gain":0,"player_choice":"2 cards matched","damage_taken":0,"max_hp_gain":0,"max_hp_loss":0,"event_name":"Match and Keep!","floor":21,"gold_loss":0,"cards_obtained":["Bash","Dark Shackles"]}],"is_beta":false,"boss_relics":[{"not_picked":["Ectoplasm","Tiny House"],"picked":"Snecko Eye"}],"items_purged_floors":[7],"is_endless":false,"potions_floor_spawned":[4,5,6,13,14],"killed_by":"Gremlin Leader","ascension_level":8}