{"gold_per_floor":[215,215,215,226,239,268,268,282,360,81,114,114,130,205,205,304,304,315,415,415,9,0,0],"floor_reached":23,"playtime":962,"items_purged":["Pain"],"score":236,"play_id":"a652abea-471b-4ab5-abb1-3b982ac368a1","local_time":"20181118174335","is_ascension_mode":true,"campfire_choices":[{"floor":7,"key":"REST"},{"floor":12,"key":"REST"},{"floor":15,"key":"REST"}],"neow_cost":"NONE","seed_source_timestamp":62738555882227,"circlet_count":0,"master_deck":["Strike_R","Strike_R","Strike_R","Strike_R","Strike_R","Defend_R","Defend_R","Defend_R","Defend_R","Bash","Perfected Strike","Flame Barrier","Twin Strike","Bludgeon","Clash","Perfected Strike","Shame"],"relics":["Burning Blood","WarpedTongs","Turnip","Letter Opener","ClockworkSouvenir","Anchor","Lizard Tail","Nunchaku","Meat on the Bone","Self Forming Clay","Gremlin Horn","Orichalcum"],"potions_floor_usage":[16,16],"damage_taken":[{"damage":7,"enemies":"Jaw Worm","floor":1,"turns":3},{"damage":13,"enemies":"Small Slimes","floor":4,"turns":3},{"damage":7,"enemies":"Cultist","floor":5,"turns":4},{"damage":43,"enemies":"Lagavulin","floor":6,"turns":5},{"damage":4,"enemies":"Large Slime","floor":8,"turns":4},{"damage":32,"enemies":"Gremlin Nob","floor":11,"turns":4},{"damage":16,"enemies":"Exordium Wildlife","floor":13,"turns":6},{"damage":38,"enemies":"Slime Boss","floor":16,"turns":9},{"damage":2,"enemies":"Chosen","floor":18,"turns":4},{"damage":17,"enemies":"Colosseum Slavers","floor":19,"turns":5},{"damage":82,"enemies":"Colosseum Nobs","floor":19,"turns":7},{"damage":55,"enemies":"Gremlin Leader","floor":23,"turns":7}],"seed_played":"6678903149960351504","potions_obtained":[{"floor":8,"key":"Regen Potion"},{"floor":11,"key":"SmokeBomb"},{"floor":13,"key":"LiquidBronze"}],"is_trial":false,"path_per_floor":["M","?","?","M","M","E","R","M","T","$","E","R","M","?","R","B",null,"M","?","?","$","?","E"],"character_chosen":"IRONCLAD","items_purchased":["ClockworkSouvenir","Gremlin Horn","Orichalcum"],"campfire_rested":3,"item_purchase_floors":[10,21,21],"current_hp_per_floor":[79,79,79,72,71,34,58,60,60,60,34,58,48,37,61,44,80,80,46,46,46,46,0],"gold":0,"neow_bonus":"HUNDRED_GOLD","is_prod":false,"is_daily":false,"chose_seed":false,"campfire_upgraded":0,"win_rate":0,"timestamp":1542559415,"path_taken":["M","?","?","M","?","E","R","M","T","$","E","R","M","?","R","BOSS","M","?","?","?","?","E"],"build_version":"2018-11-15","purchased_purges":1,"victory":false,"max_hp_per_floor":[80,80,80,80,80,80,80,80,80,80,80,80,80,80,80,80,80,80,80,80,80,80,80],"card_choices":[{"not_picked":["Havoc","Iron Wave"],"picked":"Perfected Strike","floor":1},{"not_picked":["Blood for Blood","True Grit","Feel No Pain"],"picked":"SKIP","floor":4},{"not_picked":["Shockwave","Dual Wield","Pummel"],"picked":"SKIP","floor":5},{"not_picked":["Clash","Thunderclap"],"picked":"Flame Barrier","floor":6},{"not_picked":["Body Slam","Headbutt","Second Wind"],"picked":"SKIP","floor":8},{"not_picked":["Clothesline","Body Slam","Whirlwind"],"picked":"SKIP","floor":11},{"not_picked":["Corruption","Sever Soul"],"picked":"Twin Strike","floor":13},{"not_picked":["Barricade","Brutality"],"picked":"Bludgeon","floor":16},{"not_picked":["Wild Strike","Whirlwind"],"picked":"Clash","floor":18},{"not_picked":["Sword Boomerang","Warcry"],"picked":"Perfected Strike","floor":19}],"player_experience":281735,"relics_obtained":[{"floor":6,"key":"Turnip"},{"floor":9,"key":"Letter Opener"},{"floor":11,"key":"Anchor"},{"floor":19,"key":"Nunchaku"},{"floor":19,"key":"Meat on the Bone"}],"event_choices":[{"damage_healed":0,"gold_gain":0,"player_choice":"Ignored","damage_taken":0,"max_hp_gain":0,"max_hp_loss":0,"event_name":"Golden Wing","floor":2,"gold_loss":0},{"damage_healed":0,"gold_gain":0,"player_choice":"Rummage","damage_taken":0,"relics_obtained":["WarpedTongs"],"max_hp_gain":0,"max_hp_loss":0,"event_name":"Accursed Blacksmith","floor":3,"gold_loss":0,"cards_obtained":["Pain"]},{"damage_healed":0,"gold_gain":75,"player_choice":"Gather Gold","damage_taken":11,"max_hp_gain":0,"max_hp_loss":0,"event_name":"World of Goop","floor":14,"gold_loss":0},{"damage_healed":0,"gold_gain":0,"player_choice":"Fight","damage_taken":0,"max_hp_gain":0,"max_hp_loss":0,"event_name":"Colosseum","floor":19,"gold_loss":0},{"damage_healed":0,"gold_gain":0,"player_choice":"Fought Nobs","damage_taken":0,"max_hp_gain":0,"max_hp_loss":0,"event_name":"Colosseum","floor":19,"gold_loss":0},{"damage_healed":0,"gold_gain":0,"player_choice":"Stole Relic","damage_taken":0,"relics_obtained":["Self Forming Clay"],"max_hp_gain":0,"max_hp_loss":0,"event_name":"Addict","floor":20,"gold_loss":0,"cards_obtained":["Shame"]},{"damage_healed":0,"gold_gain":0,"player_choice":"Paid Fearfully","damage_taken":0,"max_hp_gain":0,"max_hp_loss":0,"event_name":"Masked Bandits","floor":22,"gold_loss":9}],"is_beta":false,"boss_relics":[{"not_picked":["White Beast Statue","Ectoplasm"],"picked":"Lizard Tail"}],"items_purged_floors":[10],"is_endless":false,"potions_floor_spawned":[8,11,13,19],"killed_by":"Gremlin Leader","ascension_level":4}