{"gold_per_floor":[113,113,126,139,153,153,180,180,237,255,255,271,123,134,134,230,230,243,243,243,208,123,123,75,75,100,120,133,133,133,143,143,247,247,257,339,185,195,208,208,83,83,129,129,139,149,172,187,187,187],"floor_reached":50,"playtime":2760,"items_purged":["Strike_B","Strike_B","Pain"],"score":483,"play_id":"db5d8584-eafe-4826-82bc-07897c68da04","local_time":"20181231143527","is_ascension_mode":true,"campfire_choices":[{"data":"Fusion","floor":6,"key":"SMITH"},{"floor":11,"key":"REST"},{"floor":15,"key":"REST"},{"floor":23,"key":"REST"},{"floor":25,"key":"REST"},{"floor":32,"key":"REST"},{"floor":40,"key":"REST"},{"floor":42,"key":"REST"},{"floor":49,"key":"REST"}],"neow_cost":"NONE","seed_source_timestamp":168223324427505,"circlet_count":0,"master_deck":["Strike_B","Defend_B","Defend_B","Defend_B","Defend_B","Zap","Dualcast","Beam Cell","Melter","Redo+1","Fusion+1","Darkness","Doom and Gloom","Conserve Battery","Loop","Multi-Cast+1","Defragment","Machine Learning","Leap","Defragment","Lockon","Hologram","Coolheaded+1","Amplify","Genetic Algorithm","Rainbow","Coolheaded+1","Leap","Undo+1","Double Energy","Echo Form","Chill+1"],"relics":["Cracked Core","Odd Mushroom","Regal Pillow","Tiny Chest","Philosopher\u0027s Stone","MutagenicStrength","Singing Bowl","War Paint","Happy Flower","Fusion Hammer","Mercury Hourglass","Anchor","Bottled Tornado","Potion Belt"],"potions_floor_usage":[18,33,45,46,46,50],"damage_taken":[{"damage":2,"enemies":"2 Louse","floor":1,"turns":3},{"damage":0,"enemies":"Cultist","floor":3,"turns":3},{"damage":3,"enemies":"Jaw Worm","floor":4,"turns":3},{"damage":17,"enemies":"Exordium Wildlife","floor":5,"turns":5},{"damage":23,"enemies":"The Mushroom Lair","floor":7,"turns":4},{"damage":28,"enemies":"Exordium Thugs","floor":10,"turns":3},{"damage":3,"enemies":"2 Fungi Beasts","floor":12,"turns":3},{"damage":9,"enemies":"Blue Slaver","floor":14,"turns":4},{"damage":28,"enemies":"Slime Boss","floor":16,"turns":4},{"damage":17,"enemies":"3 Byrds","floor":18,"turns":3},{"damage":50,"enemies":"2 Thieves","floor":21,"turns":5},{"damage":19,"enemies":"3 Cultists","floor":27,"turns":4},{"damage":18,"enemies":"Cultist and Chosen","floor":28,"turns":5},{"damage":34,"enemies":"Shelled Parasite and Fungi","floor":31,"turns":4},{"damage":17,"enemies":"Champ","floor":33,"turns":9},{"damage":42,"enemies":"3 Darklings","floor":35,"turns":4},{"damage":3,"enemies":"3 Shapes","floor":38,"turns":3},{"damage":22,"enemies":"3 Darklings","floor":39,"turns":5},{"damage":75,"enemies":"4 Shapes","floor":45,"turns":4},{"damage":6,"enemies":"Maw","floor":46,"turns":8},{"damage":6,"enemies":"3 Darklings","floor":48,"turns":6},{"damage":67,"enemies":"Awakened One","floor":50,"turns":5}],"seed_played":"1162607975989333742","potions_obtained":[{"floor":3,"key":"FearPotion"},{"floor":4,"key":"Explosive Potion"},{"floor":5,"key":"Poison Potion"},{"floor":21,"key":"Poison Potion"},{"floor":27,"key":"EssenceOfSteel"},{"floor":33,"key":"SkillPotion"},{"floor":38,"key":"Regen Potion"},{"floor":45,"key":"SpeedPotion"}],"is_trial":false,"path_per_floor":["M","?","M","M","M","R","?","T","T","M","R","M","$","M","R","B",null,"M","?","?","M","?","R","$","R","T","M","M","T","?","M","R","B",null,"M","T","$","M","M","R","$","R","T","T","M","M","T","M","R","B"],"character_chosen":"DEFECT","items_purchased":["Multi-Cast","Hologram","Leap"],"campfire_rested":8,"item_purchase_floors":[13,24,37],"current_hp_per_floor":[73,73,73,70,53,53,30,30,30,2,39,36,36,27,64,36,75,58,58,58,8,8,45,45,75,75,58,40,40,40,6,44,27,77,35,35,35,34,12,50,50,79,79,79,4,13,13,7,45,0],"gold":187,"neow_bonus":"THREE_CARDS","is_prod":false,"is_daily":false,"chose_seed":false,"campfire_upgraded":1,"win_rate":1,"timestamp":1546234527,"path_taken":["M","?","M","M","?","R","?","?","T","M","R","M","$","?","R","BOSS","M","?","?","?","?","R","?","R","T","M","M","?","?","?","R","BOSS","M","?","?","M","M","R","$","R","T","?","M","M","?","M","R","BOSS"],"build_version":"2018-12-20","purchased_purges":3,"victory":false,"max_hp_per_floor":[75,75,75,75,75,75,75,75,75,75,75,75,75,75,75,75,75,75,75,75,75,75,75,75,75,75,77,77,77,77,77,77,77,77,77,77,77,79,79,79,79,79,79,79,79,79,79,79,79,79],"card_choices":[{"not_picked":["Scrape","Auto Shields"],"picked":"Beam Cell","floor":0},{"not_picked":["Steam","Scrape"],"picked":"Melter","floor":1},{"not_picked":["Conserve Battery","Blizzard"],"picked":"Redo","floor":3},{"not_picked":["Redo","Rebound"],"picked":"Fusion","floor":4},{"not_picked":["Heatsinks","Gash"],"picked":"Darkness","floor":5},{"not_picked":["Steam Power","Chill"],"picked":"Doom and Gloom","floor":7},{"not_picked":["Redo","White Noise"],"picked":"Conserve Battery","floor":10},{"not_picked":["Leap","Stack"],"picked":"Loop","floor":12},{"not_picked":["Leap","Heatsinks"],"picked":"Defragment","floor":14},{"not_picked":["Seek","Thunder Strike"],"picked":"Machine Learning","floor":16},{"not_picked":["Ball Lightning","Compile Driver+1"],"picked":"Leap","floor":18},{"not_picked":["Go for the Eyes","Barrage"],"picked":"Lockon","floor":21},{"not_picked":["Hologram","Stack","Aggregate"],"picked":"Singing Bowl","floor":27},{"not_picked":["Rip and Tear","Chaos"],"picked":"Coolheaded+1","floor":28},{"not_picked":["Beam Cell","Ball Lightning"],"picked":"Genetic Algorithm","floor":31},{"not_picked":["Electrodynamics","Multi-Cast"],"picked":"Rainbow","floor":33},{"not_picked":["Storm","Stack+1"],"picked":"Coolheaded+1","floor":35},{"not_picked":["Redo","Genetic Algorithm","Sweeping Beam"],"picked":"Singing Bowl","floor":38},{"not_picked":["Static Discharge+1","Compile Driver+1"],"picked":"Undo+1","floor":39},{"not_picked":["Gash","Auto Shields"],"picked":"Double Energy","floor":45},{"not_picked":["FTL","Undo"],"picked":"Echo Form","floor":46},{"not_picked":["Stack","Gash"],"picked":"Chill+1","floor":48}],"player_experience":71775,"relics_obtained":[{"floor":7,"key":"Odd Mushroom"},{"floor":8,"key":"Regal Pillow"},{"floor":9,"key":"Tiny Chest"},{"floor":26,"key":"War Paint"},{"floor":29,"key":"Happy Flower"},{"floor":36,"key":"Mercury Hourglass"},{"floor":43,"key":"Anchor"},{"floor":44,"key":"Bottled Tornado"},{"floor":47,"key":"Potion Belt"}],"event_choices":[{"cards_removed":["Strike_B"],"damage_healed":0,"gold_gain":0,"player_choice":"Offered Basic","damage_taken":0,"max_hp_gain":0,"max_hp_loss":0,"event_name":"Bonfire Elementals","floor":2,"gold_loss":0},{"damage_healed":0,"gold_gain":0,"player_choice":"Fought Mushrooms","damage_taken":0,"max_hp_gain":0,"max_hp_loss":0,"event_name":"Mushrooms","floor":7,"gold_loss":0},{"damage_healed":0,"gold_gain":0,"player_choice":"Inject Mutagens","damage_taken":0,"relics_obtained":["MutagenicStrength"],"max_hp_gain":0,"max_hp_loss":0,"event_name":"Drug Dealer","floor":19,"gold_loss":0},{"damage_healed":0,"gold_gain":0,"player_choice":"Copied","damage_taken":0,"max_hp_gain":0,"max_hp_loss":0,"event_name":"Duplicator","floor":20,"gold_loss":0,"cards_obtained":["Defragment"]},{"damage_healed":0,"gold_gain":0,"player_choice":"Obtained Relic","damage_taken":0,"relics_obtained":["Singing Bowl"],"max_hp_gain":0,"max_hp_loss":0,"event_name":"Addict","floor":22,"gold_loss":85},{"damage_healed":0,"gold_gain":0,"player_choice":"2 cards matched","damage_taken":0,"max_hp_gain":0,"max_hp_loss":0,"event_name":"Match and Keep!","floor":30,"gold_loss":0,"cards_obtained":["Pain","Amplify"]}],"is_beta":false,"boss_relics":[{"not_picked":["FrozenCore","Snecko Eye"],"picked":"Philosopher\u0027s Stone"},{"not_picked":["Lizard Tail","Black Star"],"picked":"Fusion Hammer"}],"items_purged_floors":[13,37,41],"is_endless":false,"potions_floor_spawned":[3,4,5,16,21,27,31,33,38,39,45],"killed_by":"Awakened One","ascension_level":1}