{"gold_per_floor":[17,34,34,34,47,47,112,150,174,186,222,234,284,24,24,120,120,145,145,159,159,159,159,173,212,212,245,259,302,302,58,58,149,149,170,35,368,29,43,70,70,70,95,95,95,95,105,105,105,105,105,105,30,58,58],"floor_reached":55,"playtime":5601,"items_purged":["Pain"],"score":1526,"play_id":"3f8eae64-301d-428f-a1fe-683db1bfcb85","local_time":"20190803145842","is_ascension_mode":true,"campfire_choices":[{"data":"Go for the Eyes","floor":6.0,"key":"SMITH"},{"data":"Zap","floor":10.0,"key":"SMITH"},{"floor":12.0,"key":"REST"},{"data":"Defragment","floor":15.0,"key":"SMITH"},{"floor":23.0,"key":"REST"},{"data":"Loop","floor":32.0,"key":"SMITH"},{"data":"Fission","floor":41.0,"key":"SMITH"},{"data":"Amplify","floor":42.0,"key":"SMITH"},{"floor":44.0,"key":"REST"},{"floor":46.0,"key":"RECALL"},{"data":"Chill","floor":49.0,"key":"SMITH"},{"data":"Storm","floor":52,"key":"SMITH"}],"neow_cost":"NO_GOLD","seed_source_timestamp":72110774117924,"circlet_count":0,"master_deck":["AscendersBane","Strike_B","Strike_B","Defend_B","Defend_B","Defend_B","Zap+1","Dualcast","Chaos+1","Go for the Eyes+1","Self Repair","Undo","Defragment+1","Rebound","Compile Driver+1","Undo","Electrodynamics","Compile Driver+1","Lockon","Hologram","Chill+1","Biased Cognition","White Noise","White Noise","Loop+1","Amplify+1","Defragment","Fission+1","BootSequence+1","Steam","Storm+1","Stack+1","Parasite","Stack+1","Stack+1"],"special_seed":0,"relics":["FrozenCore","Tiny Chest","Odd Mushroom","MawBank","DataDisk","Runic Capacitor","Black Star","FossilizedHelix","Dodecahedron","WingedGreaves","Mummified Hand","Question Card","Regal Pillow","Mercury Hourglass","Nunchaku","Calipers","Ice Cream","Toxic Egg 2","WarpedTongs","Emotion Chip","Whetstone"],"potions_floor_usage":[50],"damage_taken":[{"damage":1.0,"enemies":"Cultist","floor":1.0,"turns":3.0},{"damage":7.0,"enemies":"Jaw Worm","floor":2.0,"turns":3.0},{"damage":1.0,"enemies":"2 Louse","floor":5.0,"turns":3.0},{"damage":22.0,"enemies":"Gremlin Nob","floor":7.0,"turns":4.0},{"damage":13.0,"enemies":"The Mushroom Lair","floor":8.0,"turns":4.0},{"damage":16.0,"enemies":"Exordium Wildlife","floor":11.0,"turns":4.0},{"damage":4.0,"enemies":"Lagavulin","floor":13.0,"turns":6.0},{"damage":11.0,"enemies":"The Guardian","floor":16.0,"turns":9.0},{"damage":13.0,"enemies":"Chosen","floor":18.0,"turns":4.0},{"damage":9.0,"enemies":"3 Byrds","floor":20.0,"turns":3.0},{"damage":12.0,"enemies":"Shelled Parasite and Fungi","floor":24.0,"turns":3.0},{"damage":17.0,"enemies":"Slavers","floor":25.0,"turns":4.0},{"damage":8.0,"enemies":"Gremlin Leader","floor":27.0,"turns":5.0},{"damage":14.0,"enemies":"Centurion and Healer","floor":28.0,"turns":6.0},{"damage":14.0,"enemies":"Slavers","floor":29.0,"turns":5.0},{"damage":20.0,"enemies":"Automaton","floor":33.0,"turns":6.0},{"damage":6.0,"enemies":"3 Shapes","floor":35.0,"turns":5.0},{"damage":0.0,"enemies":"Orb Walker","floor":39.0,"turns":5.0},{"damage":46.0,"enemies":"Reptomancer","floor":40.0,"turns":7.0},{"damage":6.0,"enemies":"Writhing Mass","floor":47.0,"turns":6.0},{"damage":8,"enemies":"Awakened One","floor":50,"turns":10},{"damage":41,"enemies":"Shield and Spear","floor":54,"turns":6},{"damage":33,"enemies":"The Heart","floor":55,"turns":5}],"seed_played":"3866413526765444439","potions_obtained":[{"floor":5.0,"key":"Weak Potion"},{"floor":7.0,"key":"Fire Potion"},{"floor":13.0,"key":"GamblersBrew"},{"floor":24.0,"key":"SpeedPotion"},{"floor":27.0,"key":"Regen Potion"},{"floor":29.0,"key":"Strength Potion"},{"floor":33.0,"key":"FocusPotion"},{"floor":39.0,"key":"Weak Potion"}],"is_trial":false,"path_per_floor":["M","M","?","?","M","R","E","?","T","R","M","R","E","$","R","B",null,"M","?","M","T","?","R","M","E","T","E","M","E","?","$","R","B",null,"M","$","?","$","M","E","R","R","T","R","?","R","M","?","R","B",null,"R","$","E","B"],"character_chosen":"DEFECT","items_purchased":["Runic Capacitor","Undo","Amplify","Defragment","Fruit Juice","Steam","Calipers"],"campfire_rested":3,"item_purchase_floors":[14,14,31,31,36,36,38],"current_hp_per_floor":[63,56,56,56,55,55,40,34,34,34,25,44,47,47,47,43,59,53,53,44,44,44,63,58,48,48,47,55,48,48,48,48,35,57,58,63,63,63,63,24,24,24,24,59,59,59,60,60,60,52,65,65,65,31,0],"gold":58,"neow_bonus":"REMOVE_TWO","is_prod":false,"is_daily":false,"chose_seed":false,"campfire_upgraded":8,"win_rate":0,"timestamp":1564858722,"path_taken":["M","M","?","?","M","R","E","?","T","R","M","R","E","$","R","BOSS","M","?","M","?","?","R","?","E","T","E","M","E","?","?","R","BOSS","M","$","?","$","M","E","R","R","T","R","?","R","?","?","R","BOSS","R","$","E","BOSS"],"build_version":"2019-07-17","purchased_purges":1,"victory":false,"max_hp_per_floor":[71,71,64,64,64,64,64,64,64,64,64,64,64,64,64,64,64,64,64,64,64,64,64,64,64,64,64,64,64,64,64,64,64,64,64,69,69,69,69,69,69,69,69,69,69,69,69,69,69,69,69,69,69,69,69],"card_choices":[{"not_picked":["Redo","Go for the Eyes"],"picked":"Chaos","floor":1.0},{"not_picked":["Sweeping Beam","Stack"],"picked":"Go for the Eyes","floor":2.0},{"not_picked":["Stack","Creative AI"],"picked":"Self Repair","floor":5.0},{"not_picked":["Rip and Tear","Hologram"],"picked":"Undo","floor":7.0},{"not_picked":["Go for the Eyes","Coolheaded"],"picked":"Defragment","floor":8.0},{"not_picked":["Cold Snap","Blizzard"],"picked":"Rebound","floor":11.0},{"not_picked":["Go for the Eyes","Doom and Gloom"],"picked":"Compile Driver","floor":13.0},{"not_picked":["Rainbow","Buffer"],"picked":"Electrodynamics","floor":16.0},{"not_picked":["Capacitor","Gash"],"picked":"Compile Driver","floor":18.0},{"not_picked":["Beam Cell","Sweeping Beam"],"picked":"Lockon","floor":20.0},{"not_picked":["Hologram","Redo"],"picked":"Chill","floor":24.0},{"not_picked":["Reprogram","Loop"],"picked":"Biased Cognition","floor":25.0},{"not_picked":["Cold Snap","Streamline"],"picked":"White Noise","floor":27.0},{"not_picked":["Beam Cell+1","Static Discharge","Coolheaded"],"picked":"White Noise","floor":28.0},{"not_picked":["BootSequence","Lockon","Capacitor"],"picked":"Loop","floor":29.0},{"not_picked":["Electrodynamics","Biased Cognition","Multi-Cast"],"picked":"Fission","floor":33.0},{"not_picked":["Reprogram","Conserve Battery","FTL"],"picked":"BootSequence+1","floor":35.0},{"not_picked":["Hello World","Ball Lightning","Streamline"],"picked":"Storm","floor":39.0},{"not_picked":["Barrage","Cold Snap","Redo"],"picked":"Stack","floor":40.0},{"not_picked":["Scrape","Compile Driver","Streamline"],"picked":"Stack+1","floor":47.0},{"not_picked":["Meteor Strike","Rip and Tear","Steam+1"],"picked":"Stack+1","floor":54}],"player_experience":338073,"relics_obtained":[{"floor":7.0,"key":"Tiny Chest"},{"floor":8.0,"key":"Odd Mushroom"},{"floor":9.0,"key":"MawBank"},{"floor":13.0,"key":"DataDisk"},{"floor":21.0,"key":"FossilizedHelix"},{"floor":25.0,"key":"Dodecahedron"},{"floor":25.0,"key":"WingedGreaves"},{"floor":26.0,"key":"Mummified Hand"},{"floor":27.0,"key":"Question Card"},{"floor":27.0,"key":"Regal Pillow"},{"floor":29.0,"key":"Mercury Hourglass"},{"floor":29.0,"key":"Nunchaku"},{"floor":40.0,"key":"Ice Cream"},{"floor":40.0,"key":"Toxic Egg 2"},{"floor":54,"key":"Emotion Chip"},{"floor":54,"key":"Whetstone"}],"event_choices":[{"damage_healed":0.0,"max_hp_gain":0.0,"max_hp_loss":7.0,"gold_gain":0.0,"event_name":"Golden Idol","player_choice":"Lose Max HP","floor":3.0,"gold_loss":0.0,"damage_taken":0.0,"relics_obtained":["Golden Idol"]},{"damage_healed":0.0,"max_hp_gain":0.0,"max_hp_loss":0.0,"gold_gain":0.0,"event_name":"Living Wall","player_choice":"Grow","floor":4.0,"gold_loss":0.0,"damage_taken":0.0,"cards_upgraded":["Chaos"]},{"damage_healed":0.0,"max_hp_gain":0.0,"max_hp_loss":0.0,"gold_gain":0.0,"event_name":"Mushrooms","player_choice":"Fought Mushrooms","floor":8.0,"gold_loss":0.0,"damage_taken":0.0},{"damage_healed":0.0,"max_hp_gain":0.0,"max_hp_loss":0.0,"gold_gain":0.0,"event_name":"The Mausoleum","player_choice":"Ignored","floor":19.0,"gold_loss":0.0,"damage_taken":0.0},{"damage_healed":0.0,"max_hp_gain":0.0,"max_hp_loss":0.0,"gold_gain":0.0,"event_name":"The Library","player_choice":"Read","floor":22.0,"gold_loss":0.0,"damage_taken":0.0,"cards_obtained":["Hologram"]},{"cards_removed":["Strike_B"],"damage_healed":0.0,"max_hp_gain":0.0,"max_hp_loss":0.0,"gold_gain":0.0,"event_name":"Wheel of Change","player_choice":"Card Removal","floor":30.0,"gold_loss":0.0,"damage_taken":0.0},{"damage_healed":0.0,"max_hp_gain":0.0,"max_hp_loss":0.0,"gold_gain":333.0,"event_name":"The Moai Head","player_choice":"Gave Idol","floor":37.0,"relics_lost":["Golden Idol"],"gold_loss":0.0,"damage_taken":0.0},{"damage_healed":0.0,"max_hp_gain":0.0,"max_hp_loss":0.0,"gold_gain":0.0,"event_name":"Accursed Blacksmith","player_choice":"Rummage","floor":45.0,"gold_loss":0.0,"damage_taken":0.0,"relics_obtained":["WarpedTongs"],"cards_obtained":["Pain"]},{"damage_healed":0.0,"max_hp_gain":0.0,"max_hp_loss":0.0,"gold_gain":0.0,"event_name":"SecretPortal","player_choice":"Ignored","floor":48.0,"gold_loss":0.0,"damage_taken":0.0}],"is_beta":false,"boss_relics":[{"not_picked":["White Beast Statue","Runic Dome"],"picked":"Black Star"},{"not_picked":["Inserter","Empty Cage"],"picked":"FrozenCore"}],"items_purged_floors":[53],"is_endless":false,"potions_floor_spawned":[5,7,13,24,27,29,33,39],"killed_by":"The Heart","ascension_level":19}