{"path_per_floor":["M","M","?","?","?","E","M","M","T","M","M","M","M","M","R","B",null,"M","?","?","T","?","R","E","R","T","R","M","M"],"character_chosen":"THE_SILENT","items_purchased":[],"gold_per_floor":[111,129,129,205,155,189,202,216,239,255,275,285,295,307,307,403,403,422,422,422,422,422,422,456,456,456,456,468,484],"floor_reached":30,"campfire_rested":1,"playtime":1482,"current_hp_per_floor":[70,70,70,70,70,67,60,56,56,56,56,49,49,45,70,64,70,56,56,56,56,56,56,40,40,40,40,20,5],"items_purged":[],"gold":484,"score":254,"play_id":"f8a9457f-308f-4f1d-b9ce-c2020ef93926","is_prod":false,"is_daily":false,"is_ascension_mode":false,"campfire_upgraded":3,"path_taken":["M","M","?","?","?","E","?","M","T","M","M","M","M","M","R","BOSS","M","?","?","?","?","R","E","R","T","R","M","M","M"],"build_version":"2018-02-08-PROD1","purchased_purges":0,"victory":false,"master_deck":["Defend_G","Defend_G","Defend_G","Defend_G","Defend_G","Strike_G","Strike_G","Strike_G","Strike_G","Strike_G","Survivor","Neutralize","Skewer","Masterful Stab","All Out Attack+1","After Image+1","Quick Slash+1","Tactician","Poisoned Stab+1","Prepared+1","Slice+1","Deflect","Envenom+1","Quick Slash+1","Underhanded Strike+1","Catalyst","Sucker Punch+1","Masterful Stab+1","Bouncing Flask","Dramatic Entrance+1","All Out Attack+1","Endless Agony+1","Dagger Spray+1","Burst"],"max_hp_per_floor":[70,70,70,70,70,70,70,70,70,70,70,70,70,70,70,70,70,70,70,70,70,70,70,70,70,70,70,70,70],"relics":["Velvet Choker","Molten Egg 2","Regal Pillow","Snake Skull","Orrery","Pantograph","Anchor"],"card_choices":[{"not_picked":["Underhanded Strike","Cloak And Dagger"],"picked":"Skewer"},{"not_picked":["Well Laid Plans","Backflip"],"picked":"Masterful Stab"},{"not_picked":["Deflect","Skewer"],"picked":"All Out Attack"},{"not_picked":["Predator","Dash"],"picked":"After Image"},{"not_picked":["Deadly Poison","Dodge and Roll"],"picked":"Quick Slash"},{"not_picked":["Quick Slash","Backflip"],"picked":"Tactician"},{"not_picked":["Sucker Punch","Slice"],"picked":"Poisoned Stab"},{"not_picked":["PiercingWail","Dagger Spray"],"picked":"Prepared"},{"not_picked":["Deadly Poison","Expertise"],"picked":"Slice"},{"not_picked":["Acrobatics","PiercingWail"],"picked":"Deflect"},{"not_picked":["After Image","Night Terror"],"picked":"Envenom"},{"not_picked":["Deflect","Prepared"],"picked":"Quick Slash"},{"not_picked":["Calculated Gamble","Distraction"],"picked":"Underhanded Strike"},{"not_picked":["Accuracy","PiercingWail"],"picked":"Catalyst"},{"not_picked":["PiercingWail","Quick Slash"],"picked":"Sucker Punch"},{"not_picked":["Riddle With Holes","Catalyst"],"picked":"Masterful Stab"},{"not_picked":["Catalyst","Well Laid Plans"],"picked":"Bouncing Flask"},{"not_picked":["Calculated Gamble","Blade Dance"],"picked":"Endless Agony"},{"not_picked":["Terror","Blur"],"picked":"Dagger Spray"},{"not_picked":["Dagger Spray","Reflex"],"picked":"Burst"}],"player_experience":76765,"potions_floor_usage":[13,16,16,24,29,30],"damage_taken":[{"damage":0,"enemies":"Small Slimes","floor":1,"turns":4},{"damage":0,"enemies":"2 Louse","floor":2,"turns":2},{"damage":3,"enemies":"3 Sentries","floor":6,"turns":9},{"damage":7,"enemies":"Blue Slaver","floor":7,"turns":3},{"damage":4,"enemies":"3 Louse","floor":8,"turns":3},{"damage":0,"enemies":"2 Fungi Beasts","floor":10,"turns":2},{"damage":0,"enemies":"Large Slime","floor":11,"turns":3},{"damage":7,"enemies":"Looter","floor":12,"turns":3},{"damage":0,"enemies":"3 Louse","floor":13,"turns":2},{"damage":4,"enemies":"Large Slime","floor":14,"turns":4},{"damage":21,"enemies":"Slime Boss","floor":16,"turns":9},{"damage":14,"enemies":"Shell Parasite","floor":18,"turns":4},{"damage":28,"enemies":"Book of Stabbing","floor":24,"turns":5},{"damage":20,"enemies":"2 Thieves","floor":28,"turns":3},{"damage":15,"enemies":"Snake Plant","floor":29,"turns":4},{"damage":13,"enemies":"Cultist and Chosen","floor":30,"turns":4}],"event_choices":[{"event_name":"Big Fish","player_choice":"Box","floor":3,"damage_taken":0},{"event_name":"Golden Wing","player_choice":"Gained Gold","floor":4,"damage_taken":0},{"event_name":"The Cleric","player_choice":"Card Removal","floor":5,"damage_taken":0},{"event_name":"Beggar","player_choice":"Ignored","floor":19,"damage_taken":0},{"event_name":"Match and Keep!","player_choice":"1 cards matched","floor":20,"damage_taken":0},{"event_name":"The Library","player_choice":"Read","floor":22,"damage_taken":0}],"boss_relics":[{"not_picked":["Calling Bell","Eternal Feather"],"picked":"Orrery"}],"potions_floor_spawned":[1,7,8,11,12,14,18,29],"seed_played":"-2669600494944003749","killed_by":"Cultist and Chosen","ascension_level":0,"is_trial":false}