{"gold_per_floor":[114,131,131,145,160,160,238,271,271,271,286,461,461,1,1,104,104,104,104,104,104,104,104,104,104,104,104,104,104,104,104,104,104,104,104,104],"floor_reached":36,"playtime":1840,"items_purged":["Doubt"],"score":483,"play_id":"95836c26-372d-4d02-912e-63c3c7cf1b29","local_time":"20181220194020","is_ascension_mode":true,"campfire_choices":[{"data":"Poisoned Stab","floor":6,"key":"SMITH"},{"floor":15,"key":"REST"},{"floor":23,"key":"REST"},{"floor":25,"key":"REST"},{"floor":27,"key":"REST"},{"floor":30,"key":"REST"},{"floor":32,"key":"REST"}],"neow_cost":"CURSE","seed_source_timestamp":406657538592212,"circlet_count":0,"master_deck":["Defend_G","Defend_G","Defend_G+1","Defend_G","Defend_G","Strike_G","Strike_G","Strike_G","Strike_G+1","Strike_G","Survivor","Neutralize","Poisoned Stab+1","Cloak And Dagger","Cloak And Dagger","Noxious Fumes","Cloak And Dagger","Infinite Blades","Blade Dance","Dagger Spray","A Thousand Cuts","Dagger Spray+1","Caltrops","Venomology","Infinite Blades","Blade Dance","Cloak And Dagger+1","Envenom","Blade Dance+1"],"relics":["Ring of the Snake","Nunchaku","Mercury Hourglass","Pen Nib","Bottled Tornado","Question Card","Ectoplasm","Snake Skull","Orichalcum","Empty Cage"],"potions_floor_usage":[16,20,21,24,31,33,33,35,36,36],"damage_taken":[{"damage":0,"enemies":"2 Louse","floor":1,"turns":5},{"damage":0,"enemies":"Cultist","floor":2,"turns":3},{"damage":0,"enemies":"Jaw Worm","floor":4,"turns":2},{"damage":5,"enemies":"Looter","floor":5,"turns":3},{"damage":34,"enemies":"3 Sentries","floor":8,"turns":9},{"damage":0,"enemies":"Large Slime","floor":11,"turns":4},{"damage":3,"enemies":"Slime Boss","floor":16,"turns":8},{"damage":6,"enemies":"Chosen","floor":18,"turns":4},{"damage":16,"enemies":"Shell Parasite","floor":19,"turns":5},{"damage":22,"enemies":"Centurion and Healer","floor":20,"turns":5},{"damage":27,"enemies":"Colosseum Slavers","floor":21,"turns":3},{"damage":20,"enemies":"Sentry and Sphere","floor":24,"turns":5},{"damage":28,"enemies":"Snake Plant","floor":28,"turns":4},{"damage":13,"enemies":"Snecko","floor":29,"turns":5},{"damage":4,"enemies":"3 Cultists","floor":31,"turns":3},{"damage":47,"enemies":"Collector","floor":33,"turns":8},{"damage":31,"enemies":"3 Darklings","floor":35,"turns":4},{"damage":34,"enemies":"2 Orb Walkers","floor":36,"turns":2}],"seed_played":"702586571064773740","potions_obtained":[{"floor":5,"key":"EssenceOfSteel"},{"floor":8,"key":"SkillPotion"},{"floor":16,"key":"SteroidPotion"},{"floor":18,"key":"Regen Potion"},{"floor":19,"key":"Strength Potion"},{"floor":31,"key":"Fire Potion"},{"floor":35,"key":"EssenceOfSteel"}],"is_trial":false,"path_per_floor":["M","M","?","M","M","R","T","E","T","?","M","?","?","$","R","B",null,"M","M","M","?","?","R","M","R","T","R","M","M","R","M","R","B",null,"M","?"],"character_chosen":"THE_SILENT","items_purchased":["Infinite Blades","Blade Dance","Question Card","Dagger Spray"],"campfire_rested":6,"item_purchase_floors":[14,14,14,14],"current_hp_per_floor":[70,70,70,70,65,65,65,31,31,48,48,48,34,34,55,52,66,60,44,36,9,9,30,10,31,31,52,24,11,32,28,49,16,54,23,0],"gold":104,"neow_bonus":"ONE_RARE_RELIC","is_prod":false,"is_daily":false,"chose_seed":false,"campfire_upgraded":1,"win_rate":0,"timestamp":1545331220,"path_taken":["M","M","?","?","?","R","?","E","T","?","M","?","?","?","R","BOSS","M","?","?","?","?","R","M","R","T","R","M","M","R","M","R","BOSS","M","?"],"build_version":"2018-12-13","purchased_purges":1,"victory":false,"max_hp_per_floor":[70,70,70,70,70,70,70,70,70,70,70,70,70,70,70,70,70,70,70,70,70,70,70,70,70,70,70,70,70,70,70,70,70,67,67,67],"card_choices":[{"not_picked":["Deflect","Setup"],"picked":"Poisoned Stab","floor":1},{"not_picked":["Deflect","Acrobatics"],"picked":"Cloak And Dagger","floor":2},{"not_picked":["Endless Agony","Sucker Punch"],"picked":"Cloak And Dagger","floor":4},{"not_picked":["Reflex","Acrobatics"],"picked":"Storm of Steel","floor":5},{"not_picked":["Poisoned Stab","Terror"],"picked":"Noxious Fumes","floor":8},{"not_picked":["Prepared","Eviscerate"],"picked":"Cloak And Dagger","floor":11},{"not_picked":["Unload","Malaise","Glass Knife"],"picked":"A Thousand Cuts","floor":16},{"not_picked":["Riddle With Holes+1","Finisher","Reflex"],"picked":"Dagger Spray+1","floor":18},{"not_picked":["Flying Knee","Backflip","Sucker Punch+1"],"picked":"Caltrops","floor":19},{"not_picked":["Slice","Underhanded Strike","Outmaneuver","Prepared"],"picked":"SKIP","floor":20},{"not_picked":["Slice","Quick Slash","Flying Knee"],"picked":"Venomology","floor":24},{"not_picked":["Tactician+1","Finisher","PiercingWail"],"picked":"Infinite Blades","floor":28},{"not_picked":["Dagger Throw","Expertise","Flying Knee"],"picked":"Blade Dance","floor":29},{"not_picked":["Prepared","Expertise+1","PiercingWail"],"picked":"Cloak And Dagger+1","floor":31},{"not_picked":["Venomology","Bullet Time","Phantasmal Killer"],"picked":"Envenom","floor":33},{"not_picked":["Bane+1","Calculated Gamble","Dagger Spray"],"picked":"Blade Dance+1","floor":35}],"player_experience":337473,"relics_obtained":[{"floor":7,"key":"Mercury Hourglass"},{"floor":8,"key":"Pen Nib"},{"floor":9,"key":"Bottled Tornado"},{"floor":26,"key":"Orichalcum"}],"event_choices":[{"cards_removed":["Writhe"],"damage_healed":0,"gold_gain":0,"player_choice":"Removed Curses","damage_taken":0,"max_hp_gain":0,"max_hp_loss":0,"event_name":"Fountain of Cleansing","floor":3,"gold_loss":0},{"damage_healed":17,"gold_gain":0,"player_choice":"Healed and dodged fight","damage_taken":0,"max_hp_gain":0,"max_hp_loss":0,"event_name":"Mushrooms","floor":10,"gold_loss":0,"cards_obtained":["Parasite"]},{"damage_healed":0,"gold_gain":175,"player_choice":"AGREE","damage_taken":0,"max_hp_gain":0,"max_hp_loss":0,"event_name":"Liars Game","floor":12,"gold_loss":0,"cards_obtained":["Doubt"]},{"damage_healed":0,"gold_gain":0,"player_choice":"Entered Light","damage_taken":14,"max_hp_gain":0,"max_hp_loss":0,"event_name":"Shining Light","floor":13,"gold_loss":0,"cards_upgraded":["Defend_G","Strike_G"]},{"damage_healed":0,"gold_gain":0,"player_choice":"Fight","damage_taken":0,"max_hp_gain":0,"max_hp_loss":0,"event_name":"Colosseum","floor":21,"gold_loss":0},{"damage_healed":0,"gold_gain":0,"player_choice":"Fled From Nobs","damage_taken":0,"max_hp_gain":0,"max_hp_loss":0,"event_name":"Colosseum","floor":21,"gold_loss":0},{"damage_healed":0,"gold_gain":0,"player_choice":"Opened","damage_taken":0,"relics_obtained":["Snake Skull"],"max_hp_gain":0,"max_hp_loss":0,"event_name":"The Mausoleum","floor":22,"gold_loss":0},{"damage_healed":0,"gold_gain":0,"player_choice":"Fight","damage_taken":0,"max_hp_gain":0,"max_hp_loss":0,"event_name":"Mysterious Sphere","floor":36,"gold_loss":0}],"is_beta":false,"boss_relics":[{"not_picked":["Philosopher\u0027s Stone","Runic Dome"],"picked":"Ectoplasm"},{"not_picked":["HoveringKite","Cursed Key"],"picked":"Empty Cage"}],"items_purged_floors":[14],"is_endless":false,"potions_floor_spawned":[5,8,16,18,19,31,35],"killed_by":"2 Orb Walkers","ascension_level":5}