{"gold_per_floor":[111,43,59,74,249,249,284,359,385,41,41,41,76,86,86,186,186,203,108,108,31,43,76,76,76,76,1,17,17,30,30,30,133,133,147,164,164,414,414,442,442,442,442,11,11,0,0,0,0,0],"floor_reached":51,"playtime":2137,"items_purged":[],"score":860,"play_id":"0d8556fd-519c-455b-b803-fb3ff34095ef","local_time":"20180704165203","is_ascension_mode":true,"campfire_choices":[{"data":"Zap","floor":6,"key":"SMITH"},{"data":"Jack Of All Trades","floor":12,"key":"SMITH"},{"data":"Beam Cell","floor":15,"key":"SMITH"},{"floor":24,"key":"REST"},{"data":"J.A.X.","floor":32,"key":"SMITH"},{"data":"Redo","floor":42,"key":"SMITH"},{"floor":45,"key":"REST"},{"data":"Zap","floor":49,"key":"SMITH"}],"neow_cost":"NONE","seed_source_timestamp":281095723544166,"circlet_count":0,"master_deck":["Zap+1","Dualcast+1","All For One+1","Beam Cell+1","Sunder+1","BootSequence+1","Cold Snap+1","Core Surge+1","Jack Of All Trades+1","Sweeping Beam+1","Ball Lightning+1","Amplify+1","Rip and Tear+1","Storm+1","Go for the Eyes+1","J.A.X.+1","Ball Lightning+1","Consume+1","Hologram+1","Gash+1","Thunder Strike+1","Turbo+1","Cold Snap+1","Ball Lightning+1","Conserve Battery+1","Rip and Tear+1","Double Energy+1","Go for the Eyes+1","Skim+1","Ball Lightning+1","Regret","Regret","Redo+1","Writhe","Decay","Fission+1","Beam Cell+1","Zap+1"],"relics":["Cracked Core","Vajra","Juzu Bracelet","Blue Candle","Mango","Cursed Key","Blood Vial","Toolbox","Pandora\u0027s Box","Ice Cream","War Paint","Dodecahedron","Bottled Tornado","Red Mask","Mark of the Bloom"],"potions_floor_usage":[22,23,33,33,36,40,50],"damage_taken":[{"damage":1,"enemies":"Cultist","floor":1,"turns":3},{"damage":0,"enemies":"2 Louse","floor":3,"turns":1},{"damage":0,"enemies":"Jaw Worm","floor":4,"turns":3},{"damage":4,"enemies":"Gremlin Nob","floor":7,"turns":3},{"damage":13,"enemies":"Lagavulin","floor":13,"turns":4},{"damage":0,"enemies":"Large Slime","floor":14,"turns":2},{"damage":31,"enemies":"Slime Boss","floor":16,"turns":7},{"damage":10,"enemies":"2 Thieves","floor":18,"turns":4},{"damage":0,"enemies":"Spheric Guardian","floor":22,"turns":2},{"damage":54,"enemies":"Gremlin Leader","floor":23,"turns":7},{"damage":14,"enemies":"Slaver and Parasite","floor":28,"turns":3},{"damage":3,"enemies":"Snake Plant","floor":30,"turns":2},{"damage":31,"enemies":"Champ","floor":33,"turns":7},{"damage":18,"enemies":"3 Shapes","floor":35,"turns":4},{"damage":16,"enemies":"3 Darklings","floor":36,"turns":3},{"damage":11,"enemies":"Nemesis","floor":40,"turns":5},{"damage":63,"enemies":"Awakened One","floor":50,"turns":8}],"seed_played":"-383676270744384353","potions_obtained":[{"floor":3,"key":"Strength Potion"},{"floor":16,"key":"Poison Potion"},{"floor":18,"key":"AttackPotion"},{"floor":23,"key":"EssenceOfSteel"},{"floor":29,"key":"Block Potion"},{"floor":33,"key":"Regen Potion"},{"floor":40,"key":"Dexterity Potion"}],"is_trial":false,"path_per_floor":["M","$","M","M","?","R","E","?","T","$","?","R","E","M","R","B",null,"M","$","?","?","M","E","R","?","T","?","M","?","M","$","R","B",null,"M","M","?","?","T","E","?","R","T","$","R","?","?","?","R","B"],"character_chosen":"DEFECT","items_purchased":["Sunder","Blue Candle","Jack Of All Trades","Storm","Go for the Eyes","Fission","Bottled Tornado","Beam Cell"],"campfire_rested":2,"item_purchase_floors":[2,10,10,19,19,44,44,44],"current_hp_per_floor":[74,74,74,74,74,74,70,59,59,59,59,59,60,60,60,29,89,79,79,79,79,79,25,51,89,89,89,75,75,74,74,74,45,89,71,66,66,66,66,57,79,79,79,79,89,89,89,89,89,26],"gold":0,"neow_bonus":"ONE_RANDOM_RARE_CARD","is_prod":false,"is_daily":false,"chose_seed":false,"campfire_upgraded":6,"win_rate":0,"timestamp":1530715923,"path_taken":["M","$","?","M","?","R","E","?","T","?","?","R","E","M","R","BOSS","M","$","?","?","M","E","R","?","T","?","M","?","M","?","R","BOSS","M","M","?","?","?","E","?","R","T","$","R","?","?","?","R","BOSS"],"build_version":"2018-06-28","purchased_purges":0,"victory":true,"max_hp_per_floor":[75,75,75,75,75,75,75,75,75,75,75,75,89,89,89,89,89,89,89,89,89,89,89,89,89,89,89,89,89,89,89,89,89,89,89,89,89,89,89,89,89,89,89,89,89,89,89,89,89,89],"card_choices":[{"not_picked":["Sweeping Beam","Steam Power"],"picked":"Beam Cell","floor":1},{"not_picked":["Turbo","Hello World"],"picked":"BootSequence","floor":3},{"not_picked":["Hologram","Rip and Tear"],"picked":"Cold Snap","floor":4},{"not_picked":["Reinforced Body","Streamline"],"picked":"Core Surge","floor":7},{"not_picked":["Streamline","Chill"],"picked":"Sweeping Beam","floor":13},{"not_picked":["Force Field","Fusion"],"picked":"Ball Lightning","floor":14},{"not_picked":["All For One","Multi-Cast"],"picked":"Amplify","floor":16},{"not_picked":["Heatsinks","Steam Power"],"picked":"Rip and Tear","floor":18},{"not_picked":["Force Field+1","Aggregate"],"picked":"Ball Lightning","floor":22},{"not_picked":["Coolheaded","Conserve Battery"],"picked":"Consume+1","floor":23},{"not_picked":["Barrage+1","Sweeping Beam+1"],"picked":"Hologram+1","floor":28},{"not_picked":["Stack","Cold Snap"],"picked":"Gash","floor":30},{"not_picked":["Meteor Strike","All For One"],"picked":"Thunder Strike","floor":33},{"not_picked":["Cold Snap","Stack+1"],"picked":"Skim+1","floor":35},{"not_picked":["Sweeping Beam","Stack"],"picked":"Ball Lightning+1","floor":36},{"not_picked":["Sweeping Beam","Stack+1"],"picked":"Redo","floor":40}],"player_experience":169483,"relics_obtained":[{"floor":7,"key":"Vajra"},{"floor":9,"key":"Juzu Bracelet"},{"floor":13,"key":"Mango"},{"floor":23,"key":"Blood Vial"},{"floor":26,"key":"Toolbox"},{"floor":39,"key":"Ice Cream"},{"floor":40,"key":"War Paint"},{"floor":43,"key":"Dodecahedron"}],"event_choices":[{"event_name":"Liars Game","player_choice":"agreed","floor":5,"damage_taken":0},{"event_name":"World of Goop","player_choice":"Gather Gold","floor":8,"damage_taken":0},{"event_name":"Living Wall","player_choice":"Forget","floor":11,"damage_taken":0},{"event_name":"Vampires","player_choice":"Ignored","floor":20,"damage_taken":0},{"event_name":"Drug Dealer","player_choice":"Got JAXXED","floor":21,"damage_taken":0},{"event_name":"Wheel of Change","player_choice":"Full Heal","floor":25,"damage_taken":0},{"event_name":"Beggar","player_choice":"Gave Gold","floor":27,"damage_taken":0},{"event_name":"The Lab","player_choice":"Got Potions","floor":29,"damage_taken":0},{"event_name":"Falling","player_choice":"Removed Skill","floor":37,"damage_taken":0},{"event_name":"Golden Shrine","player_choice":"Desecrate","floor":38,"damage_taken":0},{"event_name":"Winding Halls","player_choice":"Writhe","floor":41,"damage_taken":0},{"event_name":"Tomb of Lord Red Mask","player_choice":"Paid","floor":46,"damage_taken":0},{"event_name":"MindBloom","player_choice":"Upgrade","floor":47,"damage_taken":0},{"event_name":"Match and Keep!","player_choice":"1 cards matched","floor":48,"damage_taken":0}],"boss_relics":[{"not_picked":["Black Star","Runic Pyramid"],"picked":"Cursed Key"},{"not_picked":["Busted Crown","Snecko Eye"],"picked":"Pandora\u0027s Box"}],"items_purged_floors":[],"is_endless":false,"potions_floor_spawned":[3,16,18,23,33,40],"ascension_level":2}