{"gold_per_floor":[119,394,412,180,233,245,285,297,309,336,360,388,415,427,439,574,586,621,666,678,714,749,761],"floor_reached":23,"playtime":1090,"items_purged":["Regret"],"score":232,"play_id":"9264da8a-c802-49e0-9c44-4a88a9b45d1c","local_time":"20181112195452","is_ascension_mode":true,"campfire_choices":[{"data":"Body Slam","floor":6,"key":"SMITH"},{"data":"Flame Barrier","floor":8,"key":"SMITH"},{"data":"Juggernaut","floor":15,"key":"SMITH"}],"neow_cost":"NONE","seed_source_timestamp":779385319391747,"circlet_count":0,"master_deck":["Strike_R","Strike_R","Strike_R","Strike_R","Strike_R","Defend_R","Defend_R+1","Defend_R+1","Defend_R","Bash","Body Slam+1","Iron Wave","Flame Barrier+1","Juggernaut+1","Injury","Juggernaut","Shrug It Off","Flame Barrier+1","Iron Wave+1"],"relics":["Black Blood","Bronze Scales","War Paint","MawBank","Sundial","Self Forming Clay","Golden Idol","Red Mask"],"potions_floor_usage":[16,16,16,19],"damage_taken":[{"damage":0,"enemies":"Small Slimes","floor":1,"turns":3},{"damage":8,"enemies":"Cultist","floor":3,"turns":3},{"damage":32,"enemies":"Gremlin Nob","floor":7,"turns":4},{"damage":0,"enemies":"Jaw Worm","floor":10,"turns":3},{"damage":0,"enemies":"Looter","floor":11,"turns":2},{"damage":0,"enemies":"3 Louse","floor":12,"turns":3},{"damage":4,"enemies":"Exordium Wildlife","floor":13,"turns":4},{"damage":53,"enemies":"Hexaghost","floor":16,"turns":9},{"damage":11,"enemies":"Shell Parasite","floor":18,"turns":6},{"damage":31,"enemies":"Masked Bandits","floor":19,"turns":4},{"damage":0,"enemies":"3 Byrds","floor":21,"turns":3},{"damage":39,"enemies":"Centurion and Healer","floor":22,"turns":10},{"damage":50,"enemies":"Gremlin Leader","floor":23,"turns":5}],"seed_played":"7636193888976555749","potions_obtained":[{"floor":3,"key":"Ancient Potion"},{"floor":7,"key":"SneckoOil"},{"floor":11,"key":"Dexterity Potion"},{"floor":13,"key":"Dexterity Potion"},{"floor":18,"key":"Weak Potion"},{"floor":22,"key":"LiquidBronze"}],"is_trial":false,"path_per_floor":["M","?","M","$","T","R","E","R","T","M","M","M","M","?","R","B",null,"M","?","?","M","M","E"],"character_chosen":"IRONCLAD","items_purchased":["War Paint"],"campfire_rested":0,"item_purchase_floors":[4],"current_hp_per_floor":[80,80,78,78,78,78,52,52,52,58,64,70,72,72,72,25,80,79,58,58,68,39,0],"gold":761,"neow_bonus":"RANDOM_COMMON_RELIC","is_prod":false,"is_daily":false,"chose_seed":false,"campfire_upgraded":3,"win_rate":0,"timestamp":1542048892,"path_taken":["M","?","M","$","?","R","E","R","T","M","M","M","?","?","R","BOSS","M","?","?","M","M","E"],"build_version":"2018-11-08","purchased_purges":1,"victory":false,"max_hp_per_floor":[80,80,80,80,80,80,80,80,80,80,80,80,80,80,80,80,80,80,80,80,80,80,80],"card_choices":[{"not_picked":["Wild Strike","Whirlwind"],"picked":"Body Slam","floor":1},{"not_picked":["Headbutt","Cleave"],"picked":"Iron Wave","floor":3},{"not_picked":["Dual Wield","Heavy Blade"],"picked":"Flame Barrier","floor":7},{"not_picked":["Searing Blow","Thunderclap","Wild Strike"],"picked":"SKIP","floor":10},{"not_picked":["Cleave","Perfected Strike","Clothesline"],"picked":"SKIP","floor":11},{"not_picked":["Armaments","Pommel Strike"],"picked":"Juggernaut","floor":12},{"not_picked":["Havoc","Pummel","Clash"],"picked":"SKIP","floor":13},{"not_picked":["Feed","Immolate"],"picked":"Juggernaut","floor":16},{"not_picked":["Blood for Blood+1","Flex"],"picked":"Shrug It Off","floor":18},{"not_picked":["Flex","Sword Boomerang"],"picked":"Iron Wave+1","floor":21},{"not_picked":["Ghostly Armor","Clash+1","Headbutt"],"picked":"SKIP","floor":22}],"player_experience":268120,"relics_obtained":[{"floor":5,"key":"MawBank"},{"floor":7,"key":"Sundial"},{"floor":9,"key":"Self Forming Clay"},{"floor":19,"key":"Red Mask"}],"event_choices":[{"damage_healed":0,"gold_gain":275,"player_choice":"Desecrate","damage_taken":0,"max_hp_gain":0,"max_hp_loss":0,"event_name":"Golden Shrine","floor":2,"gold_loss":0,"cards_obtained":["Regret"]},{"damage_healed":0,"gold_gain":0,"player_choice":"Take Wound","damage_taken":0,"relics_obtained":["Golden Idol"],"max_hp_gain":0,"max_hp_loss":0,"event_name":"Golden Idol","floor":14,"gold_loss":0,"cards_obtained":["Injury"]},{"damage_healed":0,"gold_gain":0,"player_choice":"Fought Bandits","damage_taken":0,"max_hp_gain":0,"max_hp_loss":0,"event_name":"Masked Bandits","floor":19,"gold_loss":0},{"damage_healed":0,"gold_gain":0,"player_choice":"Copied","damage_taken":0,"max_hp_gain":0,"max_hp_loss":0,"event_name":"Duplicator","floor":20,"gold_loss":0,"cards_obtained":["Flame Barrier"]}],"is_beta":false,"boss_relics":[{"not_picked":["Orrery","White Beast Statue"],"picked":"Black Blood"}],"items_purged_floors":[4],"is_endless":false,"potions_floor_spawned":[3,7,11,13,18,22],"killed_by":"Gremlin Leader","ascension_level":4}