{"gold_per_floor":[119,119,119,134,134,173,173,173,173,173,187,187,1,50,50,145,145,193,193,45,83,83,83,131,131,185,185,273,294,294],"floor_reached":30,"playtime":3102,"items_purged":[],"score":492,"play_id":"e3e3b810-6889-4046-8d47-df3ef0329add","local_time":"20190804175615","is_ascension_mode":true,"campfire_choices":[{"floor":7.0,"key":"REST"},{"data":"Zap","floor":10.0,"key":"SMITH"},{"floor":12.0,"key":"REST"},{"data":"Undo","floor":15.0,"key":"SMITH"},{"data":"Reinforced Body","floor":23.0,"key":"SMITH"},{"floor":25.0,"key":"REST"},{"data":"Double Energy","floor":27.0,"key":"SMITH"}],"neow_cost":"NONE","seed_source_timestamp":171707298499384,"circlet_count":0,"master_deck":["AscendersBane","Strike_B+1","Strike_B+1","Strike_B+1","Defend_B+1","Defend_B+1","Defend_B+1","Defend_B+1","Zap+1","Dualcast","Steam","Undo+1","Reinforced Body+1","Rebound+1","HandOfGreed+1","Double Energy+1","Meteor Strike+1","Conserve Battery","Finesse","Sweeping Beam+1","Beam Cell+1","Multi-Cast","Turbo","Steam"],"special_seed":0,"relics":["FrozenCore","Golden Idol","Ice Cream","Molten Egg 2","Dream Catcher","WingedGreaves"],"potions_floor_usage":[],"damage_taken":[{"damage":0.0,"enemies":"2 Louse","floor":1.0,"turns":2.0},{"damage":3.0,"enemies":"Small Slimes","floor":4.0,"turns":3.0},{"damage":28.0,"enemies":"3 Sentries","floor":6.0,"turns":11.0},{"damage":0.0,"enemies":"Jaw Worm","floor":11.0,"turns":3.0},{"damage":0.0,"enemies":"Exordium Wildlife","floor":14.0,"turns":6.0},{"damage":47.0,"enemies":"Hexaghost","floor":16.0,"turns":12.0},{"damage":32.0,"enemies":"Chosen","floor":18.0,"turns":9.0},{"damage":0.0,"enemies":"2 Thieves","floor":21.0,"turns":4.0},{"damage":10.0,"enemies":"Centurion and Healer","floor":24.0,"turns":6.0},{"damage":36.0,"enemies":"Slavers","floor":28.0,"turns":7.0},{"damage":0.0,"enemies":"Snecko","floor":29.0,"turns":3.0},{"damage":15,"enemies":"Snake Plant","floor":30,"turns":3}],"seed_played":"-4147918253872635423","potions_obtained":[{"floor":11.0,"key":"Explosive Potion"},{"floor":14.0,"key":"GamblersBrew"},{"floor":18.0,"key":"Explosive Potion"},{"floor":28.0,"key":"Poison Potion"}],"is_trial":false,"path_per_floor":["M","?","$","M","?","E","R","?","T","R","M","R","$","M","R","B",null,"M","?","$","M","?","R","M","R","T","R","E","M","M"],"character_chosen":"DEFECT","items_purchased":["HandOfGreed+1","Finesse","Sweeping Beam+1"],"campfire_rested":3,"item_purchase_floors":[13,20,20],"current_hp_per_floor":[71,48,48,45,45,17,38,31,31,31,31,52,52,52,52,5,55,23,23,23,23,37,37,27,48,48,48,12,12,0],"gold":294,"neow_bonus":"TEN_PERCENT_HP_BONUS","is_prod":false,"is_daily":false,"chose_seed":false,"campfire_upgraded":4,"win_rate":0,"timestamp":1564955775,"path_taken":["M","?","$","M","?","E","R","?","T","R","M","R","?","M","R","BOSS","M","?","$","M","?","R","M","R","T","R","E","M","M"],"build_version":"2019-07-17","purchased_purges":0,"victory":false,"max_hp_per_floor":[78,78,78,78,71,71,71,71,71,71,71,71,71,71,71,71,71,71,71,71,71,71,71,71,71,71,71,71,71,71],"card_choices":[{"not_picked":["Hologram","Consume"],"picked":"Steam","floor":1.0},{"not_picked":["Hologram","Consume"],"picked":"Undo","floor":4.0},{"not_picked":["Barrage","Doom and Gloom"],"picked":"Reinforced Body","floor":6.0},{"not_picked":["Blizzard+1","Hologram"],"picked":"Rebound+1","floor":11.0},{"not_picked":["Reprogram","BootSequence"],"picked":"Double Energy","floor":14.0},{"not_picked":["Creative AI","Biased Cognition"],"picked":"Meteor Strike+1","floor":16.0},{"not_picked":["Doom and Gloom+1","Undo"],"picked":"Conserve Battery","floor":18.0},{"not_picked":["Ball Lightning+1","Undo"],"picked":"Beam Cell+1","floor":21.0},{"not_picked":["Sweeping Beam+1","Darkness"],"picked":"Multi-Cast","floor":24.0},{"not_picked":["Genetic Algorithm","Force Field"],"picked":"Turbo","floor":28.0},{"not_picked":["Rebound+1","Chill+1"],"picked":"Steam","floor":29.0}],"player_experience":355685,"relics_obtained":[{"floor":6.0,"key":"Ice Cream"},{"floor":9.0,"key":"Molten Egg 2"},{"floor":26.0,"key":"Dream Catcher"},{"floor":28.0,"key":"WingedGreaves"}],"event_choices":[{"damage_healed":0.0,"max_hp_gain":0.0,"max_hp_loss":0.0,"gold_gain":0.0,"event_name":"Shining Light","player_choice":"Entered Light","floor":2.0,"gold_loss":0.0,"damage_taken":23.0,"cards_upgraded":["Strike_B","Defend_B"]},{"damage_healed":0.0,"max_hp_gain":0.0,"max_hp_loss":7.0,"gold_gain":0.0,"event_name":"Golden Idol","player_choice":"Lose Max HP","floor":5.0,"gold_loss":0.0,"damage_taken":0.0,"relics_obtained":["Golden Idol"]},{"cards_removed":["Strike_B"],"damage_healed":0.0,"max_hp_gain":0.0,"max_hp_loss":0.0,"gold_gain":0.0,"event_name":"Golden Wing","player_choice":"Card Removal","floor":8.0,"gold_loss":0.0,"damage_taken":7.0},{"damage_healed":0.0,"max_hp_gain":0.0,"max_hp_loss":0.0,"gold_gain":0.0,"event_name":"Back to Basics","player_choice":"Simplicity","floor":19.0,"gold_loss":0.0,"damage_taken":0.0,"cards_upgraded":["Strike_B","Strike_B","Defend_B","Defend_B","Defend_B"]},{"damage_healed":14.0,"max_hp_gain":0.0,"max_hp_loss":0.0,"gold_gain":0.0,"event_name":"The Library","player_choice":"Heal","floor":22.0,"gold_loss":0.0,"damage_taken":0.0}],"is_beta":false,"boss_relics":[{"not_picked":["Runic Dome","Coffee Dripper"],"picked":"FrozenCore"}],"items_purged_floors":[],"is_endless":false,"potions_floor_spawned":[11,14,18,28],"killed_by":"Snake Plant","ascension_level":20}