{"gold_per_floor":[113,125,75,75,86,86,115,134,134,186,220,220,220,233,233,335,335,349,403,202,202,218,218],"floor_reached":23,"playtime":1296,"items_purged":["Strike_B"],"score":209,"play_id":"ed628c5e-f048-462c-8b32-33facc699bb9","local_time":"20190831055629","is_ascension_mode":true,"campfire_choices":[{"data":"Recycle","floor":6,"key":"SMITH"},{"floor":13,"key":"REST"},{"data":"Reinforced Body","floor":15,"key":"SMITH"}],"neow_cost":"NONE","seed_source_timestamp":1241480485717847,"circlet_count":0,"master_deck":["Strike_B","Strike_B","Defend_B","Zap","Dualcast","Recycle+1","Rebound","Rebound","Reinforced Body+1","Scrape","All For One","Capacitor+1","Coolheaded+1","Steam+1"],"relics":["Cracked Core","Oddly Smooth Stone","WingedGreaves","Emotion Chip","Boot","Incense Burner","Astrolabe","Smiling Mask","Ancient Tea Set"],"potions_floor_usage":[7,16,16],"damage_taken":[{"damage":0,"enemies":"Small Slimes","floor":1,"turns":2},{"damage":2,"enemies":"Jaw Worm","floor":2,"turns":4},{"damage":0,"enemies":"Cultist","floor":5,"turns":3},{"damage":21,"enemies":"3 Sentries","floor":7,"turns":5},{"damage":6,"enemies":"Blue Slaver","floor":8,"turns":3},{"damage":30,"enemies":"Lagavulin","floor":11,"turns":7},{"damage":2,"enemies":"Looter","floor":14,"turns":3},{"damage":1,"enemies":"Slime Boss","floor":16,"turns":8},{"damage":1,"enemies":"Shell Parasite","floor":18,"turns":7},{"damage":2,"enemies":"Chosen","floor":22,"turns":6},{"damage":72,"enemies":"Slavers","floor":23,"turns":3}],"seed_played":"2136142385593214753","potions_obtained":[{"floor":2,"key":"Explosive Potion"},{"floor":7,"key":"AttackPotion"},{"floor":14,"key":"Fire Potion"}],"is_trial":false,"path_per_floor":["M","M","?","$","M","R","E","M","T","T","E","$","R","M","R","B",null,"M","T","$","?","M","E"],"character_chosen":"DEFECT","items_purchased":["Ancient Tea Set"],"campfire_rested":1,"item_purchase_floors":[20],"current_hp_per_floor":[75,73,73,73,73,73,52,46,46,46,16,16,38,36,36,35,75,74,74,74,74,72,0],"gold":218,"neow_bonus":"RANDOM_COMMON_RELIC","is_prod":false,"is_daily":false,"chose_seed":false,"campfire_upgraded":2,"win_rate":0,"timestamp":1567198589,"path_taken":["M","M","?","$","M","R","E","M","T","?","E","$","R","M","R","BOSS","M","?","$","?","M","E"],"build_version":"2019-07-05","purchased_purges":1,"victory":false,"max_hp_per_floor":[75,75,75,75,75,75,75,75,75,75,75,75,75,75,75,75,75,75,75,75,75,75,75],"card_choices":[{"not_picked":["Beam Cell","Stack"],"picked":"Recycle","floor":1},{"not_picked":["Barrage","Doom and Gloom"],"picked":"Rebound","floor":2},{"not_picked":["Cold Snap","Conserve Battery"],"picked":"Rebound","floor":5},{"not_picked":["Conserve Battery","Defragment"],"picked":"Reinforced Body","floor":7},{"not_picked":["Conserve Battery","Melter","Compile Driver"],"picked":"SKIP","floor":8},{"not_picked":["Force Field","Undo"],"picked":"Scrape","floor":11},{"not_picked":["Turbo","BootSequence","Multi-Cast"],"picked":"SKIP","floor":14},{"not_picked":["Seek","Creative AI"],"picked":"All For One","floor":16},{"not_picked":["Hologram+1","Chaos","Sweeping Beam"],"picked":"SKIP","floor":18},{"not_picked":["Skim","Darkness","BootSequence"],"picked":"SKIP","floor":22}],"player_experience":640301,"relics_obtained":[{"floor":7,"key":"WingedGreaves"},{"floor":9,"key":"Emotion Chip"},{"floor":10,"key":"Boot"},{"floor":11,"key":"Incense Burner"},{"floor":19,"key":"Smiling Mask"}],"event_choices":[{"cards_removed":["Defend_B"],"damage_healed":0,"gold_gain":0,"player_choice":"Card Removal","damage_taken":0,"max_hp_gain":0,"max_hp_loss":0,"event_name":"The Cleric","floor":3,"gold_loss":50},{"damage_healed":0,"gold_gain":0,"player_choice":"Ignored","damage_taken":0,"max_hp_gain":0,"max_hp_loss":0,"event_name":"Ghosts","floor":21,"gold_loss":0}],"is_beta":false,"boss_relics":[{"not_picked":["Busted Crown","Calling Bell"],"picked":"Astrolabe"}],"items_purged_floors":[20],"is_endless":false,"potions_floor_spawned":[2,7,14],"killed_by":"Slavers","ascension_level":1}