{"gold_per_floor":[111,111,286,286,299,299,309,76,76,91,91,133,157,179,191,307,319,348,460,571,95,95,95,105,105,152,152,168,195,222,222,222,319,319,329,26,26,37,37,64,164,199,199,199,225,244,244,277,277,277],"floor_reached":51,"playtime":2743,"items_purged":["Regret"],"score":1163,"play_id":"2e474c4e-e03a-4e9a-9cc9-566a7a332873","local_time":"20181123191437","is_ascension_mode":true,"campfire_choices":[{"data":"Neutralize","floor":6,"key":"SMITH"},{"floor":15,"key":"REST"},{"floor":23,"key":"REST"},{"floor":25,"key":"REST"},{"floor":27,"key":"REST"},{"data":"Caltrops","floor":32,"key":"SMITH"},{"floor":44,"key":"REST"},{"data":"Caltrops","floor":47,"key":"SMITH"},{"floor":49,"key":"REST"}],"neow_cost":"NONE","seed_source_timestamp":498414059517582,"circlet_count":0,"master_deck":["Defend_G","Defend_G","Defend_G","Defend_G","Defend_G","Strike_G+1","Strike_G","Strike_G","Strike_G+1","Strike_G","Survivor","Neutralize+1","Deadly Poison","Doubt","Burst+1","Deadly Poison+1","Leg Sweep+1","Setup+1","Deflect+1","Dodge and Roll+1","Corpse Explosion+1","Bane+1","Prepared+1","Caltrops+1","Catalyst+1","Blur+1","Escape Plan+1","Doppelganger+1","Deflect+1","Panache","Escape Plan+1","Malaise+1","Deflect+1","Caltrops+1","Prepared+1","Burst+1"],"relics":["Ring of the Snake","Toxic Egg 2","TwistedFunnel","Happy Flower","MawBank","WingedGreaves","Black Star","FossilizedHelix","Matryoshka","Pear","Snake Skull","Vajra","Regal Pillow","Dream Catcher","PreservedInsect","Lantern","Potion Belt","Bag of Preparation","White Beast Statue","Tiny Chest","GremlinMask","Ornamental Fan","Bottled Tornado","Nunchaku","Juzu Bracelet","Boot","Tough Bandages","Omamori","Whetstone","Smiling Mask","Pen Nib"],"potions_floor_usage":[14,14,18,19,28,40,41,42,42,48,50],"damage_taken":[{"damage":2,"enemies":"Jaw Worm","floor":1,"turns":5},{"damage":1,"enemies":"Small Slimes","floor":5,"turns":4},{"damage":0,"enemies":"2 Louse","floor":7,"turns":3},{"damage":6,"enemies":"Large Slime","floor":10,"turns":5},{"damage":3,"enemies":"3 Louse","floor":13,"turns":2},{"damage":8,"enemies":"Exordium Thugs","floor":14,"turns":4},{"damage":28,"enemies":"Hexaghost","floor":16,"turns":12},{"damage":33,"enemies":"Chosen","floor":18,"turns":7},{"damage":30,"enemies":"Colosseum Slavers","floor":19,"turns":3},{"damage":9,"enemies":"Colosseum Nobs","floor":19,"turns":3},{"damage":1,"enemies":"Spheric Guardian","floor":24,"turns":4},{"damage":0,"enemies":"Centurion and Healer","floor":28,"turns":3},{"damage":7,"enemies":"Book of Stabbing","floor":30,"turns":3},{"damage":0,"enemies":"Champ","floor":33,"turns":5},{"damage":9,"enemies":"3 Darklings","floor":35,"turns":3},{"damage":0,"enemies":"Orb Walker","floor":38,"turns":4},{"damage":26,"enemies":"Giant Head","floor":40,"turns":7},{"damage":6,"enemies":"Mind Bloom Boss Battle","floor":41,"turns":5},{"damage":17,"enemies":"Nemesis","floor":42,"turns":5},{"damage":0,"enemies":"Giant Head","floor":45,"turns":4},{"damage":0,"enemies":"Writhing Mass","floor":46,"turns":5},{"damage":0,"enemies":"Reptomancer","floor":48,"turns":4},{"damage":32,"enemies":"Time Eater","floor":50,"turns":8}],"seed_played":"-248299043944036518","potions_obtained":[{"floor":7,"key":"PowerPotion"},{"floor":10,"key":"Ancient Potion"},{"floor":13,"key":"AttackPotion"},{"floor":16,"key":"PowerPotion"},{"floor":18,"key":"Swift Potion"},{"floor":24,"key":"Explosive Potion"},{"floor":33,"key":"Energy Potion"},{"floor":35,"key":"Regen Potion"},{"floor":38,"key":"Weak Potion"},{"floor":40,"key":"Swift Potion"},{"floor":41,"key":"FairyPotion"},{"floor":42,"key":"Fire Potion"},{"floor":45,"key":"SpeedPotion"},{"floor":46,"key":"GhostInAJar"},{"floor":48,"key":"GamblersBrew"}],"is_trial":false,"path_per_floor":["M","?","?","?","M","R","M","$","T","M","?","?","M","M","R","B",null,"M","?","?","$","?","R","M","R","T","R","M","T","E","?","R","B",null,"M","$","?","M","$","E","?","E","T","R","E","M","R","E","R","B",null],"character_chosen":"THE_SILENT","items_purchased":["TwistedFunnel","Leg Sweep+1","Pear","Snake Skull","Tiny Chest","Panache"],"campfire_rested":6,"item_purchase_floors":[8,8,21,21,36,36],"current_hp_per_floor":[75,75,75,63,62,62,62,62,62,56,56,56,53,45,68,40,77,44,5,5,15,15,41,40,66,66,87,87,87,80,80,80,80,87,78,78,78,78,78,61,55,38,38,79,79,79,79,79,87,55],"gold":277,"neow_bonus":"TEN_PERCENT_HP_BONUS","is_prod":false,"is_daily":false,"chose_seed":false,"campfire_upgraded":3,"win_rate":0,"timestamp":1542996877,"path_taken":["M","?","?","?","M","R","M","$","T","?","?","?","M","M","R","BOSS","M","?","?","$","?","R","M","R","T","R","M","?","E","?","R","BOSS","M","$","?","M","?","E","?","E","T","R","E","M","R","E","R","BOSS"],"build_version":"2018-11-15","purchased_purges":1,"victory":true,"max_hp_per_floor":[77,77,77,77,77,77,77,77,77,77,77,77,77,77,77,77,77,77,77,77,87,87,87,87,87,87,87,87,87,87,87,87,87,87,87,87,87,87,87,87,87,87,87,87,87,87,87,87,87,87],"card_choices":[{"not_picked":["Prepared","Bane"],"picked":"Deadly Poison","floor":1},{"not_picked":["Poisoned Stab","Bouncing Flask+1"],"picked":"Burst+1","floor":5},{"not_picked":["Blade Dance+1","Outmaneuver+1"],"picked":"Deadly Poison+1","floor":7},{"not_picked":["Finisher","Flechettes"],"picked":"Setup+1","floor":10},{"not_picked":["Riddle With Holes","Poisoned Stab"],"picked":"Deflect+1","floor":13},{"not_picked":["Bouncing Flask+1","Predator"],"picked":"Dodge and Roll+1","floor":14},{"not_picked":["Envenom","Malaise+1"],"picked":"Corpse Explosion+1","floor":16},{"not_picked":["Flechettes","Cloak And Dagger+1"],"picked":"Bane+1","floor":18},{"not_picked":["Tactician+1","Flechettes"],"picked":"Prepared+1","floor":24},{"not_picked":["Deflect+1","Skewer"],"picked":"Caltrops","floor":27},{"not_picked":["Infinite Blades","Deadly Poison+1"],"picked":"Catalyst+1","floor":28},{"not_picked":["Escape Plan+1","Skewer"],"picked":"Blur+1","floor":30},{"not_picked":["Glass Knife","Unload"],"picked":"Doppelganger+1","floor":33},{"not_picked":["Acrobatics+1","Underhanded Strike+1"],"picked":"Deflect+1","floor":35},{"not_picked":["Reflex+1","Bouncing Flask+1"],"picked":"Escape Plan+1","floor":38},{"not_picked":["Poisoned Stab+1","Cloak And Dagger+1","Backflip+1"],"picked":"SKIP","floor":40},{"not_picked":["Bane+1","Cloak And Dagger+1"],"picked":"Malaise+1","floor":42},{"not_picked":["Sucker Punch+1","Acrobatics+1"],"picked":"Deflect+1","floor":44},{"not_picked":["Dagger Spray","Eviscerate+1"],"picked":"Caltrops","floor":45},{"not_picked":["Masterful Stab+1","Well Laid Plans+1","Heel Hook"],"picked":"SKIP","floor":46},{"not_picked":["Dodge and Roll+1","Acrobatics+1"],"picked":"Prepared+1","floor":48},{"not_picked":["Distraction+1","PiercingWail+1"],"picked":"Burst+1","floor":49}],"player_experience":302699,"relics_obtained":[{"floor":9,"key":"Happy Flower"},{"floor":19,"key":"FossilizedHelix"},{"floor":19,"key":"Matryoshka"},{"floor":26,"key":"Regal Pillow"},{"floor":26,"key":"Dream Catcher"},{"floor":29,"key":"PreservedInsect"},{"floor":29,"key":"Lantern"},{"floor":30,"key":"Potion Belt"},{"floor":30,"key":"Bag of Preparation"},{"floor":40,"key":"Ornamental Fan"},{"floor":40,"key":"Bottled Tornado"},{"floor":41,"key":"Nunchaku"},{"floor":42,"key":"Juzu Bracelet"},{"floor":42,"key":"Boot"},{"floor":43,"key":"Tough Bandages"},{"floor":45,"key":"Omamori"},{"floor":45,"key":"Whetstone"},{"floor":48,"key":"Smiling Mask"},{"floor":48,"key":"Pen Nib"}],"event_choices":[{"damage_healed":0,"gold_gain":0,"player_choice":"Ignored","damage_taken":0,"max_hp_gain":0,"max_hp_loss":0,"event_name":"Golden Wing","floor":2,"gold_loss":0},{"damage_healed":0,"gold_gain":175,"player_choice":"AGREE","damage_taken":0,"max_hp_gain":0,"max_hp_loss":0,"event_name":"Liars Game","floor":3,"gold_loss":0,"cards_obtained":["Doubt"]},{"damage_healed":0,"gold_gain":0,"player_choice":"Success","damage_taken":12,"relics_obtained":["Toxic Egg 2"],"max_hp_gain":0,"max_hp_loss":0,"event_name":"Scrap Ooze","floor":4,"gold_loss":0},{"damage_healed":0,"gold_gain":0,"player_choice":"Box","damage_taken":0,"relics_obtained":["MawBank"],"max_hp_gain":0,"max_hp_loss":0,"event_name":"Big Fish","floor":11,"gold_loss":0,"cards_obtained":["Regret"]},{"damage_healed":0,"gold_gain":30,"player_choice":"Searched \u00273\u0027 times","damage_taken":0,"relics_obtained":["WingedGreaves"],"max_hp_gain":0,"max_hp_loss":0,"event_name":"Dead Adventurer","floor":12,"gold_loss":0},{"damage_healed":0,"gold_gain":0,"player_choice":"Fight","damage_taken":0,"max_hp_gain":0,"max_hp_loss":0,"event_name":"Colosseum","floor":19,"gold_loss":0},{"damage_healed":0,"gold_gain":0,"player_choice":"Fought Nobs","damage_taken":0,"max_hp_gain":0,"max_hp_loss":0,"event_name":"Colosseum","floor":19,"gold_loss":0},{"damage_healed":0,"gold_gain":99,"player_choice":"Stole From Cult","damage_taken":0,"max_hp_gain":0,"max_hp_loss":0,"event_name":"Nest","floor":20,"gold_loss":0},{"damage_healed":0,"gold_gain":0,"player_choice":"Opened","damage_taken":0,"relics_obtained":["Vajra"],"max_hp_gain":0,"max_hp_loss":0,"event_name":"The Mausoleum","floor":22,"gold_loss":0},{"damage_healed":0,"gold_gain":0,"player_choice":"Read","damage_taken":0,"max_hp_gain":0,"max_hp_loss":0,"event_name":"The Library","floor":31,"gold_loss":0,"cards_obtained":["Escape Plan"]},{"damage_healed":0,"gold_gain":0,"player_choice":"Trade","damage_taken":0,"relics_obtained":["GremlinMask"],"max_hp_gain":0,"max_hp_loss":0,"event_name":"FaceTrader","floor":37,"gold_loss":0},{"damage_healed":0,"gold_gain":0,"player_choice":"Fight","damage_taken":0,"max_hp_gain":0,"max_hp_loss":0,"event_name":"MindBloom","floor":41,"gold_loss":0}],"is_beta":false,"boss_relics":[{"not_picked":["Runic Pyramid","Cursed Key"],"picked":"Black Star"},{"not_picked":["Pandora\u0027s Box","Sozu"],"picked":"White Beast Statue"}],"items_purged_floors":[21],"is_endless":false,"potions_floor_spawned":[7,10,13,16,18,24,33,35,38,40,41,42,45,46,48],"ascension_level":4}