{"gold_per_floor":[110,110,134,134,134,169,20,51,78,97,97,111,130,144,144,144],"floor_reached":16,"playtime":642,"items_purged":[],"score":164,"play_id":"68b5590d-0fef-4b85-962d-dfab7378336a","local_time":"20181120000202","is_ascension_mode":true,"campfire_choices":[{"floor":11,"key":"REST"},{"floor":15,"key":"REST"}],"neow_cost":"NONE","seed_source_timestamp":172166598717551,"circlet_count":0,"master_deck":["Defend_G","Defend_G","Defend_G","Defend_G","Defend_G","Strike_G","Strike_G","Strike_G","Strike_G","Strike_G","Survivor","Neutralize","Distraction","Injury","Backstab","Neutralize","Regret","Crippling Poison","Unload","Slice","Backflip","Riddle With Holes","Quick Slash"],"relics":["Ring of the Snake","NeowsBlessing","Golden Idol","Smiling Mask","Pen Nib","Bag of Preparation","PreservedInsect","Art of War"],"potions_floor_usage":[8,16,16],"damage_taken":[{"damage":0,"enemies":"Small Slimes","floor":1,"turns":1},{"damage":0,"enemies":"Jaw Worm","floor":3,"turns":1},{"damage":0,"enemies":"Gremlin Nob","floor":6,"turns":1},{"damage":50,"enemies":"Lagavulin","floor":8,"turns":8},{"damage":0,"enemies":"2 Louse","floor":10,"turns":1},{"damage":9,"enemies":"Lots of Slimes","floor":12,"turns":3},{"damage":0,"enemies":"Blue Slaver","floor":13,"turns":2},{"damage":0,"enemies":"3 Louse","floor":14,"turns":2},{"damage":54,"enemies":"Slime Boss","floor":16,"turns":10}],"seed_played":"-969835223634811591","potions_obtained":[{"floor":6,"key":"Strength Potion"},{"floor":8,"key":"Poison Potion"},{"floor":13,"key":"Strength Potion"}],"is_trial":false,"path_per_floor":["M","?","M","T","?","E","$","E","T","M","R","M","M","M","R","B"],"character_chosen":"THE_SILENT","items_purchased":["Bag of Preparation"],"campfire_rested":2,"item_purchase_floors":[7],"current_hp_per_floor":[70,70,70,70,70,70,70,20,20,20,41,32,32,32,53,0],"gold":144,"neow_bonus":"THREE_ENEMY_KILL","is_prod":false,"is_daily":false,"chose_seed":false,"campfire_upgraded":0,"win_rate":0,"timestamp":1542668522,"path_taken":["M","?","M","?","?","E","$","E","T","M","R","?","M","M","R","BOSS"],"build_version":"2018-11-15","purchased_purges":0,"victory":false,"max_hp_per_floor":[70,70,70,70,70,70,70,70,70,70,70,70,70,70,70,70],"card_choices":[{"not_picked":["Flying Knee","Quick Slash"],"picked":"Distraction","floor":1},{"not_picked":["Leg Sweep","All Out Attack"],"picked":"Backstab","floor":3},{"not_picked":["Dagger Spray","Dodge and Roll"],"picked":"Crippling Poison","floor":6},{"not_picked":["Blade Dance","Cloak And Dagger"],"picked":"Unload","floor":8},{"not_picked":["Blur","Dagger Throw"],"picked":"Slice","floor":10},{"not_picked":["Bane","Catalyst"],"picked":"Backflip","floor":12},{"not_picked":["Predator","Eviscerate"],"picked":"Riddle With Holes","floor":13},{"not_picked":["Accuracy","Outmaneuver"],"picked":"Quick Slash","floor":14}],"player_experience":287607,"relics_obtained":[{"floor":4,"key":"Smiling Mask"},{"floor":6,"key":"Pen Nib"},{"floor":8,"key":"PreservedInsect"},{"floor":9,"key":"Art of War"}],"event_choices":[{"damage_healed":0,"gold_gain":0,"player_choice":"Take Wound","damage_taken":0,"relics_obtained":["Golden Idol"],"max_hp_gain":0,"max_hp_loss":0,"event_name":"Golden Idol","floor":2,"gold_loss":0,"cards_obtained":["Injury"]},{"damage_healed":0,"gold_gain":0,"player_choice":"2 cards matched","damage_taken":0,"max_hp_gain":0,"max_hp_loss":0,"event_name":"Match and Keep!","floor":5,"gold_loss":0,"cards_obtained":["Neutralize","Regret"]}],"is_beta":false,"boss_relics":[],"items_purged_floors":[],"is_endless":false,"potions_floor_spawned":[6,8,13],"killed_by":"Slime Boss","ascension_level":4}