{"gold_per_floor":[110,110,35,35,55,55,83,103,127,138,166,166,181,198,198,301,301,316,316,316,316,89,89,120,120,173,173,190,190,201,211,211,307,307,322,322,342,342,357,357,49,49,49,67,67,77,77,91,91,91],"floor_reached":51,"playtime":3305,"items_purged":["Strike_R","Strike_R","Strike_R"],"score":990,"play_id":"19cf4199-ce7e-4ec3-bd95-85864e3b5b7f","local_time":"20190101185033","is_ascension_mode":true,"campfire_choices":[{"data":"Thunderclap","floor":6,"key":"SMITH"},{"floor":12,"key":"REST"},{"data":"Shockwave","floor":15,"key":"SMITH"},{"data":"Fiend Fire","floor":23,"key":"SMITH"},{"floor":25,"key":"REST"},{"floor":27,"key":"REST"},{"data":"Uppercut","floor":32,"key":"SMITH"},{"data":"Metamorphosis","floor":40,"key":"SMITH"},{"floor":45,"key":"REST"},{"data":"Pommel Strike","floor":47,"key":"SMITH"},{"floor":49,"key":"REST"}],"neow_cost":"NONE","seed_source_timestamp":269380143045385,"circlet_count":0,"master_deck":["Strike_R","Strike_R","Defend_R+1","Defend_R","Defend_R+1","Defend_R","Bash","Thunderclap+1","Fiend Fire+1","Uppercut+1","Inflame","Shockwave+1","Pommel Strike+1","Ghostly Armor","Exhume","Armaments+1","Metamorphosis+1","Battle Trance","Power Through+1","Dual Wield+1","Offering","Clothesline+1","True Grit+1","Spot Weakness+1"],"relics":["Burning Blood","NeowsBlessing","Happy Flower","FossilizedHelix","Omamori","The Courier","Snecko Eye","Kunai","MutagenicStrength","Gremlin Horn","Thread and Needle","Strawberry","Mark of Pain","Ornamental Fan"],"potions_floor_usage":[16,24,33,39,44,50,50],"damage_taken":[{"damage":0,"enemies":"2 Louse","floor":1,"turns":1},{"damage":0,"enemies":"Jaw Worm","floor":5,"turns":1},{"damage":0,"enemies":"Gremlin Nob","floor":7,"turns":1},{"damage":0,"enemies":"Small Slimes","floor":8,"turns":2},{"damage":0,"enemies":"Blue Slaver","floor":10,"turns":3},{"damage":38,"enemies":"Lagavulin","floor":11,"turns":7},{"damage":7,"enemies":"Exordium Wildlife","floor":13,"turns":4},{"damage":0,"enemies":"2 Fungi Beasts","floor":14,"turns":3},{"damage":50,"enemies":"Hexaghost","floor":16,"turns":11},{"damage":0,"enemies":"Shell Parasite","floor":18,"turns":4},{"damage":61,"enemies":"Slavers","floor":24,"turns":7},{"damage":3,"enemies":"2 Thieves","floor":28,"turns":3},{"damage":0,"enemies":"Colosseum Slavers","floor":29,"turns":2},{"damage":21,"enemies":"Snake Plant","floor":30,"turns":5},{"damage":0,"enemies":"Centurion and Healer","floor":31,"turns":2},{"damage":0,"enemies":"Collector","floor":33,"turns":9},{"damage":36,"enemies":"3 Darklings","floor":35,"turns":4},{"damage":0,"enemies":"Orb Walker","floor":37,"turns":2},{"damage":19,"enemies":"4 Shapes","floor":39,"turns":4},{"damage":6,"enemies":"Transient","floor":44,"turns":5},{"damage":8,"enemies":"Spire Growth","floor":46,"turns":5},{"damage":18,"enemies":"4 Shapes","floor":48,"turns":4},{"damage":3,"enemies":"Awakened One","floor":50,"turns":11}],"seed_played":"-7905100718132552179","potions_obtained":[{"floor":8,"key":"Swift Potion"},{"floor":10,"key":"SteroidPotion"},{"floor":11,"key":"Dexterity Potion"},{"floor":28,"key":"FearPotion"},{"floor":31,"key":"Poison Potion"},{"floor":33,"key":"Block Potion"},{"floor":35,"key":"BloodPotion"},{"floor":46,"key":"SteroidPotion"}],"is_trial":false,"path_per_floor":["M","?","$","?","M","R","E","M","T","M","E","R","M","M","R","B",null,"M","?","?","T","$","R","E","R","T","R","M","?","M","M","R","B",null,"M","?","M","?","M","R","$","$","T","M","R","M","R","M","R","B",null],"character_chosen":"IRONCLAD","items_purchased":["Metamorphosis","Offering","Dexterity Potion","Dexterity Potion"],"campfire_rested":5,"item_purchase_floors":[22,41,41,41],"current_hp_per_floor":[80,62,62,46,52,52,58,64,64,70,38,62,61,67,67,23,80,80,80,80,80,80,80,25,49,56,82,85,87,72,78,78,84,87,57,57,63,63,50,50,50,50,50,58,84,82,82,70,87,87],"gold":91,"neow_bonus":"THREE_ENEMY_KILL","is_prod":false,"is_daily":false,"chose_seed":false,"campfire_upgraded":6,"win_rate":0,"timestamp":1546336233,"path_taken":["M","?","$","?","M","R","E","M","T","M","E","R","M","M","R","BOSS","M","?","?","?","$","R","E","R","T","R","?","?","M","M","R","BOSS","M","?","M","?","M","R","?","$","T","?","R","M","R","M","R","BOSS"],"build_version":"2018-12-20","purchased_purges":3,"victory":true,"max_hp_per_floor":[80,80,80,80,80,80,80,80,80,80,80,80,80,80,80,80,80,80,80,80,80,80,80,80,80,87,87,87,87,87,87,87,87,87,87,87,87,87,87,87,87,87,87,87,87,87,87,87,87,87],"card_choices":[{"not_picked":["Armaments","Twin Strike","Reckless Charge"],"picked":"SKIP","floor":1},{"not_picked":["Wild Strike","Cleave"],"picked":"Thunderclap","floor":5},{"not_picked":["Infernal Blade","Feed"],"picked":"Fiend Fire","floor":7},{"not_picked":["Body Slam","Clash"],"picked":"Uppercut","floor":8},{"not_picked":["Fire Breathing","Clothesline"],"picked":"Inflame","floor":10},{"not_picked":["Clothesline","Pommel Strike"],"picked":"Shockwave","floor":11},{"not_picked":["True Grit","Warcry"],"picked":"Pommel Strike","floor":13},{"not_picked":["Anger","Perfected Strike"],"picked":"Ghostly Armor","floor":14},{"not_picked":["Demon Form","Immolate"],"picked":"Exhume","floor":16},{"not_picked":["Body Slam+1","Headbutt"],"picked":"Armaments+1","floor":18},{"not_picked":["True Grit","Headbutt"],"picked":"Battle Trance","floor":24},{"not_picked":["Wild Strike","Rupture+1","Clash+1"],"picked":"SKIP","floor":28},{"not_picked":["Body Slam+1","Sword Boomerang"],"picked":"Power Through+1","floor":30},{"not_picked":["Evolve","Warcry","Twin Strike+1"],"picked":"SKIP","floor":31},{"not_picked":["Limit Break","Brutality"],"picked":"Barricade","floor":33},{"not_picked":["Intimidate","Wild Strike+1","Thunderclap+1"],"picked":"SKIP","floor":35},{"not_picked":["Rage+1","Dropkick"],"picked":"Dual Wield+1","floor":37},{"not_picked":["Headbutt+1","Battle Trance+1","Clothesline+1"],"picked":"SKIP","floor":39},{"not_picked":["Combust+1","Entrench"],"picked":"Clothesline+1","floor":44},{"not_picked":["Iron Wave+1","Combust"],"picked":"True Grit+1","floor":46},{"not_picked":["Combust+1","Headbutt+1"],"picked":"Spot Weakness+1","floor":48}],"player_experience":103204,"relics_obtained":[{"floor":7,"key":"FossilizedHelix"},{"floor":9,"key":"Omamori"},{"floor":11,"key":"The Courier"},{"floor":21,"key":"Gremlin Horn"},{"floor":24,"key":"Thread and Needle"},{"floor":26,"key":"Strawberry"},{"floor":43,"key":"Ornamental Fan"}],"event_choices":[{"damage_healed":0,"gold_gain":0,"player_choice":"Success","damage_taken":18,"relics_obtained":["Happy Flower"],"max_hp_gain":0,"max_hp_loss":0,"event_name":"Scrap Ooze","floor":2,"gold_loss":0},{"damage_healed":0,"gold_gain":0,"player_choice":"Entered Light","damage_taken":16,"max_hp_gain":0,"max_hp_loss":0,"event_name":"Shining Light","floor":4,"gold_loss":0,"cards_upgraded":["Defend_R","Defend_R"]},{"damage_healed":0,"gold_gain":0,"player_choice":"Opened","damage_taken":0,"relics_obtained":["Kunai"],"max_hp_gain":0,"max_hp_loss":0,"event_name":"The Mausoleum","floor":19,"gold_loss":0},{"damage_healed":0,"gold_gain":0,"player_choice":"Inject Mutagens","damage_taken":0,"relics_obtained":["MutagenicStrength"],"max_hp_gain":0,"max_hp_loss":0,"event_name":"Drug Dealer","floor":20,"gold_loss":0},{"damage_healed":0,"gold_gain":0,"player_choice":"Fight","damage_taken":0,"max_hp_gain":0,"max_hp_loss":0,"event_name":"Colosseum","floor":29,"gold_loss":0},{"damage_healed":0,"gold_gain":0,"player_choice":"Fled From Nobs","damage_taken":0,"max_hp_gain":0,"max_hp_loss":0,"event_name":"Colosseum","floor":29,"gold_loss":0},{"cards_removed":["Barricade"],"damage_healed":0,"gold_gain":0,"player_choice":"Removed Power","damage_taken":0,"max_hp_gain":0,"max_hp_loss":0,"event_name":"Falling","floor":36,"gold_loss":0},{"damage_healed":0,"gold_gain":0,"player_choice":"Ignored","damage_taken":0,"max_hp_gain":0,"max_hp_loss":0,"event_name":"Mysterious Sphere","floor":38,"gold_loss":0}],"is_beta":false,"boss_relics":[{"not_picked":["Black Star","Runic Cube"],"picked":"Snecko Eye"},{"not_picked":["Orrery","Tiny House"],"picked":"Mark of Pain"}],"items_purged_floors":[3,22,41],"is_endless":false,"potions_floor_spawned":[8,10,11,28,29,31,33,35,46],"ascension_level":3}