{"gold_per_floor":[116,23,37,48,48,48,73,91,161,161,194,194,229,249,249,350,350,369,387,414,13,13,48,67,95,95,95,129,129,129,144,144,244,244,262,262,276,276,498,498,528,528,565,608,620,632,8,27,27,27,27,27,27,54,54],"floor_reached":55,"playtime":5926,"items_purged":[],"score":1172,"play_id":"cbe40fde-4019-48d4-8e51-4d6d4bf59cb1","local_time":"20190808224717","is_ascension_mode":true,"campfire_choices":[{"data":"Bash","floor":6,"key":"SMITH"},{"data":"Intimidate","floor":10,"key":"SMITH"},{"floor":15,"key":"DIG"},{"floor":27,"key":"REST"},{"data":"1","floor":30,"key":"LIFT"},{"data":"2","floor":32,"key":"LIFT"},{"data":"3","floor":40,"key":"LIFT"},{"floor":42,"key":"DIG"},{"floor":45,"key":"RECALL"},{"floor":49,"key":"DIG"},{"floor":52,"key":"DIG"}],"neow_cost":"TEN_PERCENT_HP_LOSS","seed_source_timestamp":532243649658272,"circlet_count":0,"master_deck":["Bash+1","Clash+1","Bandage Up","Carnage","Twin Strike+1","Intimidate+1","Shrug It Off","Anger","Madness","Dark Embrace","Headbutt","Exhume+1","Flame Barrier","Heavy Blade","Battle Trance","Inflame","Dark Embrace","True Grit+1","Uppercut","Bloodletting+1","Clash","True Grit+1","Dropkick","J.A.X.+1","Dropkick+1","Feed","Armaments+1","Good Instincts+1","Secret Technique+1","Bandage Up+1","Warcry+1","Bloodletting+1","Double Tap+1","Violence+1","Good Instincts+1","Flame Barrier+1","Sentinel+1","Warcry+1"],"relics":["Burning Blood","Shovel","Bottled Lightning","Whetstone","Blood Vial","Bag of Marbles","Pandora\u0027s Box","Red Mask","Ornamental Fan","War Paint","Toxic Egg 2","Unceasing Top","Girya","Centennial Puzzle","Fusion Hammer","CultistMask","Potion Belt","MawBank","Boot","Vajra","Dodecahedron","Bottled Flame","StoneCalendar"],"potions_floor_usage":[13,16,19,23,24,37,50,55,55,55],"damage_taken":[{"damage":7,"enemies":"Jaw Worm","floor":1,"turns":5},{"damage":3,"enemies":"Small Slimes","floor":3,"turns":3},{"damage":1,"enemies":"Cultist","floor":4,"turns":3},{"damage":16,"enemies":"Gremlin Nob","floor":7,"turns":3},{"damage":4,"enemies":"Blue Slaver","floor":8,"turns":2},{"damage":22,"enemies":"3 Sentries","floor":11,"turns":8},{"damage":7,"enemies":"Lagavulin","floor":13,"turns":5},{"damage":1,"enemies":"3 Louse","floor":14,"turns":3},{"damage":9,"enemies":"Slime Boss","floor":16,"turns":7},{"damage":19,"enemies":"2 Thieves","floor":18,"turns":4},{"damage":11,"enemies":"Spheric Guardian","floor":19,"turns":5},{"damage":14,"enemies":"Masked Bandits","floor":20,"turns":5},{"damage":41,"enemies":"Book of Stabbing","floor":23,"turns":6},{"damage":14,"enemies":"Snake Plant","floor":24,"turns":3},{"damage":34,"enemies":"Slavers","floor":25,"turns":9},{"damage":10,"enemies":"Gremlin Leader","floor":28,"turns":5},{"damage":6,"enemies":"Cultist and Chosen","floor":31,"turns":3},{"damage":37,"enemies":"Automaton","floor":33,"turns":6},{"damage":6,"enemies":"3 Darklings","floor":35,"turns":3},{"damage":10,"enemies":"3 Shapes","floor":37,"turns":3},{"damage":31,"enemies":"Reptomancer","floor":41,"turns":5},{"damage":19,"enemies":"Nemesis","floor":44,"turns":5},{"damage":9,"enemies":"Transient","floor":48,"turns":5},{"damage":36,"enemies":"Donu and Deca","floor":50,"turns":6},{"damage":31,"enemies":"Shield and Spear","floor":54,"turns":3},{"damage":80,"enemies":"The Heart","floor":55,"turns":5}],"seed_played":"-6502765373962536652","potions_obtained":[{"floor":3,"key":"PowerPotion"},{"floor":4,"key":"SkillPotion"},{"floor":13,"key":"SkillPotion"},{"floor":14,"key":"Block Potion"},{"floor":18,"key":"Regen Potion"},{"floor":23,"key":"LiquidBronze"},{"floor":33,"key":"PowerPotion"},{"floor":35,"key":"Fire Potion"},{"floor":48,"key":"EssenceOfSteel"},{"floor":54,"key":"EssenceOfSteel"}],"is_trial":false,"path_per_floor":["M","$","M","M","?","R","E","M","T","R","E","?","E","M","R","B",null,"M","M","?","$","?","E","M","E","T","R","E","?","R","M","R","B",null,"M","?","M","?","?","R","E","R","T","E","R","?","$","M","R","B",null,"R","$","E","B"],"character_chosen":"IRONCLAD","items_purchased":["Bandage Up","Ornamental Fan","War Paint","Double Tap+1","Violence+1","Good Instincts+1","Flame Barrier+1","Vajra"],"campfire_rested":1,"item_purchase_floors":[2,21,21,47,47,47,47,47],"current_hp_per_floor":[71,71,72,72,77,77,67,69,69,69,57,57,60,71,71,74,76,68,69,67,67,67,38,49,27,27,50,56,56,56,66,66,41,68,77,77,83,73,73,73,58,58,58,63,63,63,63,78,78,60,77,77,77,67,0],"gold":54,"neow_bonus":"REMOVE_TWO","is_prod":false,"is_daily":false,"chose_seed":false,"campfire_upgraded":2,"win_rate":0,"timestamp":1565318837,"path_taken":["M","$","M","M","?","R","E","M","T","R","E","?","E","M","R","BOSS","M","?","?","$","?","E","M","E","T","R","E","?","R","M","R","BOSS","M","?","?","?","?","R","E","R","T","E","R","?","$","M","R","BOSS","R","$","E","BOSS"],"build_version":"2019-07-17","purchased_purges":0,"victory":false,"max_hp_per_floor":[72,72,72,72,77,77,77,77,77,77,77,77,77,77,77,77,77,77,77,77,77,77,77,77,77,77,77,77,77,77,77,77,77,77,80,80,83,83,83,83,83,83,83,83,83,83,83,83,83,83,83,83,83,86,86],"card_choices":[{"not_picked":["Wild Strike","Intimidate"],"picked":"Clash","floor":1},{"not_picked":["Pommel Strike","Combust"],"picked":"Carnage","floor":3},{"not_picked":["Fire Breathing","Havoc"],"picked":"Twin Strike","floor":4},{"not_picked":["Twin Strike","Cleave"],"picked":"Intimidate","floor":7},{"not_picked":["Headbutt","Evolve"],"picked":"Shrug It Off","floor":8},{"not_picked":["Bloodletting","Heavy Blade"],"picked":"Anger","floor":11},{"not_picked":["Heavy Blade","Clothesline"],"picked":"Dark Embrace","floor":13},{"not_picked":["Thunderclap","Flex"],"picked":"Headbutt","floor":14},{"not_picked":["Dark Embrace","Berserk"],"picked":"Exhume","floor":16},{"not_picked":["Searing Blow","Clash"],"picked":"True Grit","floor":18},{"not_picked":["Perfected Strike","Flex"],"picked":"Uppercut","floor":19},{"not_picked":["Heavy Blade","Iron Wave"],"picked":"Bloodletting+1","floor":20},{"not_picked":["Demon Form","Wild Strike"],"picked":"Clash","floor":23},{"not_picked":["Clothesline","Headbutt"],"picked":"True Grit+1","floor":24},{"not_picked":["Headbutt","Searing Blow","Clothesline"],"picked":"SKIP","floor":25},{"not_picked":["Uppercut+1","Rampage"],"picked":"Dropkick","floor":28},{"not_picked":["Perfected Strike","Searing Blow"],"picked":"Dropkick+1","floor":31},{"not_picked":["Bludgeon","Exhume+1"],"picked":"Feed","floor":33},{"not_picked":["Evolve+1","Clothesline"],"picked":"Armaments+1","floor":35},{"not_picked":["Combust","Armaments+1","Power Through+1"],"picked":"SKIP","floor":37},{"not_picked":["Flash of Steel","Deep Breath+1"],"picked":"Good Instincts+1","floor":38},{"not_picked":["Panacea+1","Discovery+1"],"picked":"Secret Technique+1","floor":38},{"not_picked":["Transmutation+1","Impatience+1"],"picked":"Bandage Up+1","floor":38},{"not_picked":["Power Through+1","Blood for Blood"],"picked":"Warcry+1","floor":41},{"not_picked":["Headbutt+1","Armaments+1"],"picked":"Bloodletting+1","floor":44},{"not_picked":["Entrench+1","Second Wind+1"],"picked":"Sentinel+1","floor":48},{"not_picked":["Dual Wield+1","Body Slam"],"picked":"Warcry+1","floor":54}],"player_experience":368004,"relics_obtained":[{"floor":7,"key":"Shovel"},{"floor":9,"key":"Bottled Lightning"},{"floor":11,"key":"Whetstone"},{"floor":13,"key":"Blood Vial"},{"floor":15,"key":"Bag of Marbles"},{"floor":20,"key":"Red Mask"},{"floor":23,"key":"Toxic Egg 2"},{"floor":25,"key":"Unceasing Top"},{"floor":26,"key":"Girya"},{"floor":28,"key":"Centennial Puzzle"},{"floor":41,"key":"Potion Belt"},{"floor":42,"key":"MawBank"},{"floor":44,"key":"Boot"},{"floor":49,"key":"Dodecahedron"},{"floor":52,"key":"Bottled Flame"},{"floor":54,"key":"StoneCalendar"}],"event_choices":[{"damage_healed":0,"gold_gain":0,"player_choice":"Donut","damage_taken":0,"max_hp_gain":5,"max_hp_loss":0,"event_name":"Big Fish","floor":5,"gold_loss":0},{"damage_healed":0,"gold_gain":0,"player_choice":"1 cards matched","damage_taken":0,"max_hp_gain":0,"max_hp_loss":0,"event_name":"Match and Keep!","floor":12,"gold_loss":0,"cards_obtained":["Madness"]},{"damage_healed":0,"gold_gain":0,"player_choice":"Fought Bandits","damage_taken":0,"max_hp_gain":0,"max_hp_loss":0,"event_name":"Masked Bandits","floor":20,"gold_loss":0},{"cards_removed":["Searing Blow"],"damage_healed":0,"gold_gain":0,"player_choice":"Elegance","damage_taken":0,"max_hp_gain":0,"max_hp_loss":0,"event_name":"Back to Basics","floor":22,"gold_loss":0},{"damage_healed":0,"gold_gain":0,"player_choice":"Obtain J.A.X.","damage_taken":0,"max_hp_gain":0,"max_hp_loss":0,"event_name":"Drug Dealer","floor":29,"gold_loss":0,"cards_obtained":["J.A.X."]},{"damage_healed":0,"gold_gain":0,"player_choice":"Trade","damage_taken":0,"relics_obtained":["CultistMask"],"max_hp_gain":0,"max_hp_loss":0,"event_name":"FaceTrader","floor":36,"gold_loss":0},{"damage_healed":0,"gold_gain":0,"player_choice":"Memory 3","damage_taken":10,"max_hp_gain":0,"max_hp_loss":0,"event_name":"SensoryStone","floor":38,"gold_loss":0},{"damage_healed":0,"gold_gain":222,"player_choice":"Wore Mask","damage_taken":0,"max_hp_gain":0,"max_hp_loss":0,"event_name":"Tomb of Lord Red Mask","floor":39,"gold_loss":0},{"cards_removed":["Combust"],"damage_healed":0,"gold_gain":0,"player_choice":"Removed Power","damage_taken":0,"max_hp_gain":0,"max_hp_loss":0,"event_name":"Falling","floor":46,"gold_loss":0}],"is_beta":false,"boss_relics":[{"not_picked":["Tiny House","Eternal Feather"],"picked":"Pandora\u0027s Box"},{"not_picked":["Mark of Pain","Sozu"],"picked":"Fusion Hammer"}],"items_purged_floors":[],"is_endless":false,"potions_floor_spawned":[3,4,13,14,18,23,33,35,48,54],"killed_by":"The Heart","ascension_level":9}