{"gold_per_floor":[113,113,125,16,16,16,16,16,85,101,114,114,128,141,141,239,239,259,159,177,190,190,190,190,209,209,220,220,236,236,74,74,74],"floor_reached":33,"playtime":1025,"items_purged":["Strike_R","Strike_R"],"score":239,"play_id":"2158d271-65f9-4ef3-8d9b-3d51af35e050","local_time":"20181227122421","is_ascension_mode":false,"campfire_choices":[{"data":"Whirlwind","floor":6,"key":"SMITH"},{"data":"Inflame","floor":8,"key":"SMITH"},{"data":"Flex","floor":15,"key":"SMITH"},{"floor":23,"key":"REST"},{"data":"Limit Break","floor":28,"key":"SMITH"},{"data":"Apotheosis","floor":32,"key":"SMITH"}],"neow_cost":"NONE","seed_source_timestamp":232736080378893,"circlet_count":0,"master_deck":["Strike_R+1","Strike_R+1","Defend_R","Defend_R","Defend_R","Defend_R","Bash+1","Whirlwind+1","Inflame+1","Flex+1","Whirlwind+1","Double Tap","Flame Barrier","Limit Break+1","Reckless Charge+1","Apotheosis+1"],"relics":["Burning Blood","Whetstone","Dodecahedron","Molten Egg 2","Cursed Key"],"potions_floor_usage":[],"damage_taken":[{"damage":2,"enemies":"Small Slimes","floor":1,"turns":4},{"damage":1,"enemies":"Cultist","floor":3,"turns":3},{"damage":6,"enemies":"Jaw Worm","floor":10,"turns":2},{"damage":0,"enemies":"Lots of Slimes","floor":11,"turns":1},{"damage":9,"enemies":"Blue Slaver","floor":13,"turns":3},{"damage":0,"enemies":"Large Slime","floor":14,"turns":4},{"damage":18,"enemies":"Slime Boss","floor":16,"turns":7},{"damage":5,"enemies":"Shell Parasite","floor":18,"turns":2},{"damage":0,"enemies":"Spheric Guardian","floor":20,"turns":1},{"damage":30,"enemies":"Shelled Parasite and Fungi","floor":21,"turns":3},{"damage":6,"enemies":"3 Cultists","floor":25,"turns":3},{"damage":10,"enemies":"Chosen and Byrds","floor":27,"turns":3},{"damage":20,"enemies":"Snake Plant","floor":29,"turns":3},{"damage":53,"enemies":"Automaton","floor":33,"turns":6}],"seed_played":"-8808141932904848405","potions_obtained":[{"floor":10,"key":"EntropicBrew"},{"floor":11,"key":"Block Potion"},{"floor":14,"key":"Explosive Potion"},{"floor":18,"key":"PowerPotion"},{"floor":20,"key":"Dexterity Potion"}],"is_trial":false,"path_per_floor":["M","?","M","$","?","R","$","R","T","M","M","?","M","M","R","B",null,"M","$","M","M","?","R","?","M","T","M","R","M","?","$","R","B"],"character_chosen":"IRONCLAD","items_purchased":["Inflame","Apotheosis"],"campfire_rested":1,"item_purchase_floors":[4,31],"current_hp_per_floor":[80,80,80,80,68,68,68,68,68,68,74,67,64,70,70,58,80,80,80,80,56,41,66,66,66,66,62,62,48,48,48,48,0],"gold":74,"neow_bonus":"RANDOM_COMMON_RELIC","is_prod":false,"is_daily":false,"chose_seed":false,"campfire_upgraded":5,"win_rate":0,"timestamp":1545881061,"path_taken":["M","?","M","?","?","R","?","R","T","?","M","?","M","M","R","BOSS","M","$","M","M","?","R","?","M","T","M","R","?","?","$","R","BOSS"],"build_version":"2018-12-20","purchased_purges":2,"victory":false,"max_hp_per_floor":[80,80,80,80,80,80,80,80,80,80,80,80,80,80,80,80,80,80,80,80,80,85,85,85,85,85,85,85,85,85,85,85,85],"card_choices":[{"not_picked":["Sword Boomerang","Clothesline"],"picked":"Anger","floor":1},{"not_picked":["Sever Soul","Flame Barrier"],"picked":"Whirlwind","floor":3},{"not_picked":["Metallicize","Bloodletting"],"picked":"Flex","floor":10},{"not_picked":["Uppercut+1","Flame Barrier"],"picked":"Whirlwind+1","floor":11},{"not_picked":["Clothesline+1","Sword Boomerang+1"],"picked":"Double Tap","floor":13},{"not_picked":["Anger+1","Warcry"],"picked":"Flame Barrier","floor":14},{"not_picked":["Impervious","Dark Embrace"],"picked":"Limit Break","floor":16},{"not_picked":["Armaments+1","Disarm","Reckless Charge+1"],"picked":"SKIP","floor":18},{"not_picked":["Carnage+1","Armaments+1","Headbutt+1"],"picked":"SKIP","floor":20},{"not_picked":["Sword Boomerang+1","Berserk","Pommel Strike+1"],"picked":"SKIP","floor":21},{"not_picked":["Heavy Blade+1","Body Slam+1","Infernal Blade"],"picked":"SKIP","floor":25},{"not_picked":["Power Through","Sword Boomerang+1","Fire Breathing"],"picked":"SKIP","floor":27},{"not_picked":["Intimidate","Burning Pact","Dual Wield+1"],"picked":"SKIP","floor":29}],"player_experience":10523,"relics_obtained":[{"floor":9,"key":"Molten Egg 2"}],"event_choices":[{"damage_healed":0,"gold_gain":0,"player_choice":"Upgraded","damage_taken":0,"max_hp_gain":0,"max_hp_loss":0,"event_name":"Upgrade Shrine","floor":2,"gold_loss":0,"cards_upgraded":["Bash"]},{"damage_healed":0,"gold_gain":0,"player_choice":"Success","damage_taken":12,"relics_obtained":["Dodecahedron"],"max_hp_gain":0,"max_hp_loss":0,"event_name":"Scrap Ooze","floor":5,"gold_loss":0},{"cards_removed":["Strike_R"],"damage_healed":0,"gold_gain":0,"player_choice":"Card Removal","damage_taken":7,"max_hp_gain":0,"max_hp_loss":0,"event_name":"Golden Wing","floor":12,"gold_loss":0},{"damage_healed":0,"gold_gain":0,"player_choice":"Shed Blood","damage_taken":20,"max_hp_gain":5,"max_hp_loss":0,"event_name":"Forgotten Altar","floor":22,"gold_loss":0},{"damage_healed":0,"gold_gain":0,"cards_transformed":["Anger"],"player_choice":"Transformed","damage_taken":0,"max_hp_gain":0,"max_hp_loss":0,"event_name":"Transmorgrifier","floor":24,"gold_loss":0,"cards_obtained":["Reckless Charge"]},{"damage_healed":0,"gold_gain":0,"player_choice":"Ignored","damage_taken":0,"max_hp_gain":0,"max_hp_loss":0,"event_name":"Ghosts","floor":30,"gold_loss":0}],"is_beta":false,"boss_relics":[{"not_picked":["Ectoplasm","Black Blood"],"picked":"Cursed Key"}],"items_purged_floors":[4,19],"is_endless":false,"potions_floor_spawned":[10,11,14,18,20],"killed_by":"Automaton","ascension_level":0}