{"gold_per_floor":[116,129,144,144,208,208,237,237,314,443,460,460,472,622,622,700,700,716,785,226,276,354,354,369,369],"floor_reached":25,"playtime":1531,"items_purged":["Strike_R"],"score":365,"play_id":"b357abf5-fb2c-49e2-bfac-2c42975fb5fb","local_time":"20190829162002","is_ascension_mode":true,"campfire_choices":[{"data":"Armaments","floor":6,"key":"SMITH"},{"data":"Bash","floor":8,"key":"SMITH"},{"floor":12,"key":"REST"},{"data":"Deep Breath","floor":15,"key":"SMITH"},{"floor":23,"key":"REST"}],"neow_cost":"TEN_PERCENT_HP_LOSS","seed_source_timestamp":843790898253100,"circlet_count":0,"master_deck":["AscendersBane","Strike_R","Strike_R","Strike_R","Strike_R","Defend_R","Defend_R","Defend_R","Defend_R","Bash+1","Dark Shackles","Deep Breath+1","Armaments+1","Spot Weakness","Feel No Pain","Dropkick","Headbutt","Reaper","Anger","Pummel","Shockwave","Infernal Blade","Uppercut"],"relics":["Burning Blood","SsserpentHead","Champion Belt","Dodecahedron","Philosopher\u0027s Stone","Sling","Juzu Bracelet","Red Mask"],"potions_floor_usage":[16,16,18,19,22],"damage_taken":[{"damage":3,"enemies":"Jaw Worm","floor":1,"turns":2},{"damage":1,"enemies":"Cultist","floor":2,"turns":4},{"damage":3,"enemies":"2 Louse","floor":3,"turns":3},{"damage":1,"enemies":"2 Fungi Beasts","floor":5,"turns":4},{"damage":36,"enemies":"Gremlin Nob","floor":7,"turns":6},{"damage":19,"enemies":"Gremlin Gang","floor":11,"turns":5},{"damage":18,"enemies":"3 Louse","floor":13,"turns":4},{"damage":13,"enemies":"The Guardian","floor":16,"turns":14},{"damage":30,"enemies":"3 Byrds","floor":18,"turns":3},{"damage":39,"enemies":"2 Thieves","floor":19,"turns":4},{"damage":27,"enemies":"Masked Bandits","floor":22,"turns":4},{"damage":24,"enemies":"Snake Plant","floor":24,"turns":5},{"damage":43,"enemies":"Book of Stabbing","floor":25,"turns":4}],"seed_played":"1239762414313582481","potions_obtained":[{"floor":2,"key":"Weak Potion"},{"floor":7,"key":"EntropicBrew"},{"floor":11,"key":"FearPotion"},{"floor":19,"key":"PowerPotion"}],"is_trial":false,"path_per_floor":["M","M","M","?","M","R","E","R","T","?","M","R","M","?","R","B",null,"M","M","$","?","?","R","M","E"],"character_chosen":"IRONCLAD","items_purchased":["Shockwave","Sling","Juzu Bracelet"],"campfire_rested":2,"item_purchase_floors":[20,20,20],"current_hp_per_floor":[68,68,68,68,68,68,38,38,38,38,25,45,33,33,33,26,58,38,19,19,33,30,50,38,0],"gold":369,"neow_bonus":"RANDOM_COLORLESS_2","is_prod":false,"is_daily":false,"chose_seed":false,"campfire_upgraded":3,"win_rate":0,"timestamp":1567120802,"path_taken":["M","M","M","?","?","R","E","R","T","?","M","R","M","?","R","BOSS","M","?","$","?","?","R","M","E"],"build_version":"2019-07-17","purchased_purges":1,"victory":false,"max_hp_per_floor":[68,68,68,68,68,68,68,68,68,68,68,68,68,68,68,68,68,68,68,68,68,68,68,68,68],"card_choices":[{"not_picked":["Corruption","Shockwave"],"picked":"Armaments","floor":1},{"not_picked":["True Grit","Cleave"],"picked":"Spot Weakness","floor":2},{"not_picked":["Hemokinesis","Perfected Strike"],"picked":"Feel No Pain","floor":3},{"not_picked":["Inflame","Hemokinesis"],"picked":"Dropkick","floor":5},{"not_picked":["Burning Pact","Clothesline"],"picked":"Headbutt","floor":7},{"not_picked":["Combust","Clothesline","Armaments"],"picked":"SKIP","floor":11},{"not_picked":["Sword Boomerang","Wild Strike","Entrench"],"picked":"SKIP","floor":13},{"not_picked":["Offering","Exhume"],"picked":"Reaper","floor":16},{"not_picked":["Cleave","Perfected Strike"],"picked":"Anger","floor":18},{"not_picked":["Blood for Blood","Entrench"],"picked":"Pummel","floor":19},{"not_picked":["Perfected Strike","Havoc"],"picked":"Infernal Blade","floor":22},{"not_picked":["Shockwave","Perfected Strike+1"],"picked":"Uppercut","floor":24}],"player_experience":303702,"relics_obtained":[{"floor":7,"key":"Champion Belt"},{"floor":9,"key":"Dodecahedron"},{"floor":22,"key":"Red Mask"}],"event_choices":[{"damage_healed":0,"gold_gain":0,"player_choice":"Trade","damage_taken":0,"relics_obtained":["SsserpentHead"],"max_hp_gain":0,"max_hp_loss":0,"event_name":"FaceTrader","floor":4,"gold_loss":0},{"damage_healed":0,"gold_gain":79,"player_choice":"Gained Gold","damage_taken":0,"max_hp_gain":0,"max_hp_loss":0,"event_name":"Golden Wing","floor":10,"gold_loss":0},{"damage_healed":0,"gold_gain":100,"player_choice":"Gold","damage_taken":0,"max_hp_gain":0,"max_hp_loss":0,"event_name":"Wheel of Change","floor":14,"gold_loss":0},{"damage_healed":14,"gold_gain":0,"player_choice":"Heal","damage_taken":0,"max_hp_gain":0,"max_hp_loss":0,"event_name":"The Library","floor":21,"gold_loss":0},{"damage_healed":0,"gold_gain":0,"player_choice":"Fought Bandits","damage_taken":0,"max_hp_gain":0,"max_hp_loss":0,"event_name":"Masked Bandits","floor":22,"gold_loss":0}],"is_beta":false,"boss_relics":[{"not_picked":["Black Blood","Snecko Eye"],"picked":"Philosopher\u0027s Stone"}],"items_purged_floors":[20],"is_endless":false,"potions_floor_spawned":[2,7,11,13,19],"killed_by":"Book of Stabbing","ascension_level":16}