{"gold_per_floor":[115,115,115,115,126,126,176,201,201,201,214,214,214,226,226,322,322,338,349,364,414,425,425,425],"floor_reached":24,"playtime":1166,"items_purged":[],"score":206,"play_id":"f5697cf1-4b0b-463e-b0ad-d37043bfff10","local_time":"20190829151950","is_ascension_mode":true,"campfire_choices":[{"data":"Defragment","floor":6,"key":"SMITH"},{"floor":10,"key":"REST"},{"data":"Self Repair","floor":13,"key":"SMITH"},{"data":"Dualcast","floor":15,"key":"SMITH"},{"data":"Zap","floor":23,"key":"SMITH"}],"neow_cost":"NONE","seed_source_timestamp":1102616665672756,"circlet_count":0,"master_deck":["Defend_B","Defend_B","Defend_B","Defend_B","Zap+1","Dualcast+1","Defragment+1","Self Repair+1","Self Repair","Buffer","Conserve Battery","Seek"],"relics":["Cracked Core","Centennial Puzzle","Juzu Bracelet","SsserpentHead","Mercury Hourglass","Calipers","Empty Cage"],"potions_floor_usage":[16],"damage_taken":[{"damage":0,"enemies":"Cultist","floor":1,"turns":3},{"damage":8,"enemies":"Small Slimes","floor":5,"turns":3},{"damage":48,"enemies":"3 Sentries","floor":8,"turns":7},{"damage":1,"enemies":"2 Louse","floor":11,"turns":2},{"damage":17,"enemies":"Red Slaver","floor":14,"turns":5},{"damage":22,"enemies":"Hexaghost","floor":16,"turns":10},{"damage":13,"enemies":"Chosen","floor":18,"turns":6},{"damage":31,"enemies":"2 Thieves","floor":19,"turns":4},{"damage":37,"enemies":"Snake Plant","floor":20,"turns":5},{"damage":10,"enemies":"Snecko","floor":22,"turns":7},{"damage":41,"enemies":"Centurion and Healer","floor":24,"turns":8}],"seed_played":"6817144254792470762","potions_obtained":[{"floor":8,"key":"Dexterity Potion"},{"floor":11,"key":"SteroidPotion"},{"floor":14,"key":"SteroidPotion"},{"floor":22,"key":"Explosive Potion"}],"is_trial":false,"path_per_floor":["M","?","?","?","M","R","?","E","T","R","M","?","R","M","R","B",null,"M","M","M","?","M","R","M"],"character_chosen":"DEFECT","items_purchased":[],"campfire_rested":1,"item_purchase_floors":[],"current_hp_per_floor":[75,75,57,57,56,56,56,15,15,37,43,43,43,43,43,38,75,75,54,34,34,41,41,0],"gold":425,"neow_bonus":"RANDOM_COMMON_RELIC","is_prod":false,"is_daily":false,"chose_seed":false,"campfire_upgraded":4,"win_rate":0,"timestamp":1567059590,"path_taken":["M","?","?","?","M","R","?","E","T","R","M","?","R","M","R","BOSS","M","M","M","?","M","R","M"],"build_version":"2019-07-05","purchased_purges":0,"victory":false,"max_hp_per_floor":[75,75,75,75,75,75,75,75,75,75,75,75,75,75,75,75,75,75,75,75,75,75,75,75],"card_choices":[{"not_picked":["Gash","Streamline"],"picked":"Defragment","floor":1},{"not_picked":["Go for the Eyes","Melter","Streamline"],"picked":"SKIP","floor":5},{"not_picked":["Reprogram","Auto Shields","Turbo"],"picked":"SKIP","floor":8},{"not_picked":["Scrape","Coolheaded"],"picked":"Self Repair","floor":11},{"not_picked":["FTL","Ball Lightning","Turbo"],"picked":"SKIP","floor":14},{"not_picked":["All For One","Fission"],"picked":"Buffer","floor":16},{"not_picked":["Beam Cell","Go for the Eyes","Turbo"],"picked":"SKIP","floor":18},{"not_picked":["Sweeping Beam","Beam Cell"],"picked":"Conserve Battery","floor":19},{"not_picked":["Rebound","Lockon","Fusion+1"],"picked":"SKIP","floor":20},{"not_picked":["Doom and Gloom","Streamline"],"picked":"Seek","floor":22}],"player_experience":627274,"relics_obtained":[{"floor":8,"key":"Calipers"}],"event_choices":[{"damage_healed":0,"gold_gain":0,"cards_transformed":["Strike_B"],"player_choice":"Change","damage_taken":0,"max_hp_gain":0,"max_hp_loss":0,"event_name":"Living Wall","floor":2,"gold_loss":0,"cards_obtained":["Self Repair"]},{"damage_healed":0,"gold_gain":0,"player_choice":"Success","damage_taken":18,"relics_obtained":["Juzu Bracelet"],"max_hp_gain":0,"max_hp_loss":0,"event_name":"Scrap Ooze","floor":3,"gold_loss":0},{"damage_healed":0,"gold_gain":0,"player_choice":"Trade","damage_taken":0,"relics_obtained":["SsserpentHead"],"max_hp_gain":0,"max_hp_loss":0,"event_name":"FaceTrader","floor":4,"gold_loss":0},{"damage_healed":0,"gold_gain":0,"player_choice":"Searched \u00271\u0027 times","damage_taken":0,"relics_obtained":["Mercury Hourglass"],"max_hp_gain":0,"max_hp_loss":0,"event_name":"Dead Adventurer","floor":7,"gold_loss":0},{"cards_removed":["Strike_B"],"damage_healed":0,"gold_gain":0,"player_choice":"Card Removal","damage_taken":0,"max_hp_gain":0,"max_hp_loss":0,"event_name":"The Cleric","floor":12,"gold_loss":50},{"damage_healed":0,"gold_gain":0,"player_choice":"Ignored","damage_taken":0,"max_hp_gain":0,"max_hp_loss":0,"event_name":"Ghosts","floor":21,"gold_loss":0}],"is_beta":false,"boss_relics":[{"not_picked":["Philosopher\u0027s Stone","Tiny House"],"picked":"Empty Cage"}],"items_purged_floors":[],"is_endless":false,"potions_floor_spawned":[8,11,14,22],"killed_by":"Centurion and Healer","ascension_level":1}