{"path_per_floor":["M","$","?","$","M","E","?","M","T","$","M","E","R","M","R","B",null,"M","?","M","?","?","R","?","R","T","E","T","M","R","E","R"],"character_chosen":"THE_SILENT","items_purchased":["Noxious Fumes","Skewer"],"gold_per_floor":[109,70,70,1,20,49,49,66,115,115,125,160,160,170,170,269,269,285,285,296,296,296,296,296,296,320,352,352,364,364,399,399,399],"floor_reached":33,"campfire_rested":2,"playtime":1557,"item_purchase_floors":[2,4],"current_hp_per_floor":[70,70,70,70,70,70,70,70,70,70,65,55,55,51,51,17,70,44,44,29,29,29,65,65,65,65,59,59,48,48,16,53,0],"items_purged":[],"gold":399,"score":332,"play_id":"ebe8861d-455f-4ff1-8f8b-5f80c7832c0f","local_time":"20180603163412","is_prod":false,"is_daily":false,"chose_seed":false,"is_ascension_mode":true,"campfire_upgraded":4,"win_rate":0,"timestamp":1528036452,"campfire_choices":[{"data":"Noxious Fumes","floor":13,"key":"SMITH"},{"data":"Setup","floor":15,"key":"SMITH"},{"floor":23,"key":"REST"},{"data":"Envenom","floor":25,"key":"SMITH"},{"data":"Neutralize","floor":30,"key":"SMITH"},{"floor":32,"key":"REST"}],"path_taken":["M","$","?","$","M","E","?","M","T","?","M","E","R","M","R","BOSS","M","?","?","?","?","R","?","R","T","E","?","M","R","E","R","BOSS"],"build_version":"2018-05-31","seed_source_timestamp":248529422042530,"purchased_purges":0,"victory":false,"master_deck":["Defend_G","Defend_G+1","Defend_G+1","Defend_G","Defend_G","Strike_G","Strike_G","Strike_G","Strike_G","Strike_G","Survivor","Neutralize","Cloak And Dagger","Noxious Fumes+1","Skewer","Caltrops","Slice","Neutralize+1","Setup+1","Dark Shackles","Masterful Stab","Bane","Blur","All Out Attack","Envenom+1","Poisoned Stab+1","Bane"],"max_hp_per_floor":[70,70,70,70,70,70,70,70,70,70,70,70,70,70,70,70,70,70,70,70,70,70,70,70,70,70,72,72,74,74,76,76,76],"relics":["Ring of the Snake","NeowsBlessing","Regal Pillow","War Paint","Potion Belt","Black Star","The Courier","Snake Skull","Singing Bowl","Ancient Tea Set","Question Card","Girya","Prayer Wheel"],"card_choices":[{"not_picked":["Backflip","Bane"],"picked":"Cloak And Dagger","floor":1},{"not_picked":["Underhanded Strike","Acrobatics"],"picked":"Caltrops","floor":5},{"not_picked":["Underhanded Strike","Dagger Throw"],"picked":"Slice","floor":6},{"not_picked":["Deflect","Sucker Punch"],"picked":"Masterful Stab","floor":8},{"not_picked":["Slice","Endless Agony"],"picked":"Bane","floor":11},{"not_picked":["Deflect","Expertise"],"picked":"Blur","floor":12},{"not_picked":["Sucker Punch","Wraith Form v2"],"picked":"All Out Attack","floor":14},{"not_picked":["Die Die Die","Bullet Time"],"picked":"Envenom","floor":16},{"not_picked":["Dagger Throw","Underhanded Strike"],"picked":"Poisoned Stab+1","floor":18},{"not_picked":["Flying Knee","Deflect"],"picked":"Bane","floor":20},{"not_picked":["Cloak And Dagger","A Thousand Cuts","Finisher"],"picked":"Singing Bowl","floor":27},{"not_picked":["Eviscerate","Heel Hook","All Out Attack","Backflip"],"picked":"Singing Bowl","floor":29},{"not_picked":["Outmaneuver","Underhanded Strike","Noxious Fumes","Concentrate+1"],"picked":"Singing Bowl","floor":31}],"player_experience":148292,"potions_floor_usage":[16,16,16,27,29,31,31,31,31,33,33,33,33,33],"damage_taken":[{"damage":0,"enemies":"Small Slimes","floor":1,"turns":1},{"damage":0,"enemies":"Jaw Worm","floor":5,"turns":1},{"damage":0,"enemies":"Gremlin Nob","floor":6,"turns":1},{"damage":0,"enemies":"Cultist","floor":8,"turns":3},{"damage":5,"enemies":"2 Fungi Beasts","floor":11,"turns":3},{"damage":10,"enemies":"3 Sentries","floor":12,"turns":7},{"damage":4,"enemies":"3 Louse","floor":14,"turns":3},{"damage":34,"enemies":"Hexaghost","floor":16,"turns":8},{"damage":26,"enemies":"3 Byrds","floor":18,"turns":4},{"damage":15,"enemies":"Shell Parasite","floor":20,"turns":5},{"damage":8,"enemies":"Book of Stabbing","floor":27,"turns":5},{"damage":13,"enemies":"Snake Plant","floor":29,"turns":4},{"damage":34,"enemies":"Gremlin Leader","floor":31,"turns":5},{"damage":61,"enemies":"Collector","floor":33,"turns":7}],"relics_obtained":[{"floor":6,"key":"Regal Pillow"},{"floor":9,"key":"War Paint"},{"floor":12,"key":"Potion Belt"},{"floor":26,"key":"Snake Skull"},{"floor":27,"key":"Singing Bowl"},{"floor":27,"key":"Ancient Tea Set"},{"floor":28,"key":"Question Card"},{"floor":31,"key":"Girya"},{"floor":31,"key":"Prayer Wheel"}],"event_choices":[{"event_name":"Golden Wing","player_choice":"Ignored","floor":3,"damage_taken":0},{"event_name":"Match and Keep!","player_choice":"3 cards matched","floor":7,"damage_taken":0},{"event_name":"Vampires","player_choice":"Ignored","floor":19,"damage_taken":0},{"event_name":"The Mausoleum","player_choice":"Yes","floor":21,"damage_taken":0},{"event_name":"The Lab","player_choice":"Got Potions","floor":22,"damage_taken":0},{"event_name":"Back to Basics","player_choice":"Elegance","floor":24,"damage_taken":0}],"boss_relics":[{"not_picked":["Sozu","Eternal Feather"],"picked":"Black Star"}],"items_purged_floors":[],"potions_floor_spawned":[6,8,12,14,27,31],"seed_played":"6643905238663836344","killed_by":"Collector","ascension_level":1,"potions_obtained":[{"floor":6,"key":"Swift Potion"},{"floor":8,"key":"Poison Potion"},{"floor":12,"key":"LiquidBronze"},{"floor":14,"key":"Strength Potion"},{"floor":22,"key":"EntropicBrew"},{"floor":22,"key":"SpeedPotion"},{"floor":22,"key":"Ancient Potion"},{"floor":27,"key":"SpeedPotion"},{"floor":31,"key":"Dexterity Potion"}],"is_trial":false}