{"gold_per_floor":[113,124,143,163,10,35,35,35,58,90,101,116,116,184,184,287,287,307,323,340,65,65,65,85,95,95,107,125,125,142,157,157,253,253,269,287,297,28,48,48,58,58,58,76,76],"floor_reached":45,"playtime":3876,"items_purged":[],"score":774,"play_id":"96c71da4-65d3-4d30-8192-56e45fab59ce","local_time":"20190826203830","is_ascension_mode":true,"campfire_choices":[{"floor":8.0,"key":"REST"},{"floor":15.0,"key":"REST"},{"data":"Corruption","floor":23.0,"key":"SMITH"},{"floor":29,"key":"REST"},{"data":"Body Slam","floor":32,"key":"SMITH"},{"data":"Juggernaut","floor":40,"key":"SMITH"},{"floor":42,"key":"REST"}],"neow_cost":"PERCENT_DAMAGE","seed_source_timestamp":0,"circlet_count":0,"master_deck":["AscendersBane","Bash","Ghostly Armor+1","Offering","Clothesline","Headbutt","Corruption+1","Anger","Anger","Disarm","Clash","Body Slam+1","Entrench","Rage","Shockwave","Pommel Strike","Feed","Inflame","Shrug It Off","Wild Strike+1","Apotheosis","Jack Of All Trades+1","Shrug It Off","Clash","Metallicize","Clash","Rage","Juggernaut+1","Blood for Blood","Corruption","Berserk","Wild Strike","Cleave","Second Wind","Body Slam+1","Shrug It Off","Shrug It Off"],"special_seed":0,"relics":["Burning Blood","Regal Pillow","Boot","Centennial Puzzle","Paper Frog","Philosopher\u0027s Stone","Incense Burner","Pandora\u0027s Box","Vajra","Shuriken"],"potions_floor_usage":[33,33,36,39,39],"damage_taken":[{"damage":0.0,"enemies":"Cultist","floor":1.0,"turns":5.0},{"damage":3.0,"enemies":"Small Slimes","floor":2.0,"turns":4.0},{"damage":6.0,"enemies":"2 Louse","floor":3.0,"turns":2.0},{"damage":30.0,"enemies":"Large Slime","floor":4.0,"turns":8.0},{"damage":27.0,"enemies":"3 Sentries","floor":6.0,"turns":6.0},{"damage":26.0,"enemies":"Gremlin Nob","floor":10.0,"turns":4.0},{"damage":16.0,"enemies":"Gremlin Gang","floor":11.0,"turns":3.0},{"damage":16.0,"enemies":"Lots of Slimes","floor":12.0,"turns":4.0},{"damage":16.0,"enemies":"The Guardian","floor":16.0,"turns":10.0},{"damage":4.0,"enemies":"Chosen","floor":18.0,"turns":4.0},{"damage":3.0,"enemies":"Spheric Guardian","floor":19.0,"turns":4.0},{"damage":18.0,"enemies":"Cultist and Chosen","floor":20.0,"turns":8.0},{"damage":12.0,"enemies":"Snake Plant","floor":24.0,"turns":2.0},{"damage":24.0,"enemies":"Chosen and Byrds","floor":25.0,"turns":8.0},{"damage":6,"enemies":"Snecko","floor":27,"turns":4},{"damage":17,"enemies":"Snake Plant","floor":28,"turns":5},{"damage":2,"enemies":"Cultist and Chosen","floor":30,"turns":6},{"damage":16,"enemies":"Chosen and Byrds","floor":31,"turns":6},{"damage":21,"enemies":"Automaton","floor":33,"turns":6},{"damage":15,"enemies":"3 Shapes","floor":35,"turns":3},{"damage":8,"enemies":"Orb Walker","floor":36,"turns":2},{"damage":22,"enemies":"3 Darklings","floor":37,"turns":5},{"damage":10,"enemies":"Jaw Worm Horde","floor":39,"turns":4},{"damage":45,"enemies":"Sphere and 2 Shapes","floor":41,"turns":8},{"damage":40,"enemies":"Writhing Mass","floor":44,"turns":5},{"damage":61,"enemies":"Nemesis","floor":45,"turns":5}],"seed_played":"3432271020971021448","potions_obtained":[{"floor":1.0,"key":"Regen Potion"},{"floor":6.0,"key":"Block Potion"},{"floor":12.0,"key":"SpeedPotion"},{"floor":16.0,"key":"Strength Potion"},{"floor":24.0,"key":"Dexterity Potion"},{"floor":25.0,"key":"SteroidPotion"},{"floor":28,"key":"PowerPotion"},{"floor":31,"key":"PowerPotion"},{"floor":33,"key":"Fire Potion"},{"floor":35,"key":"LiquidBronze"},{"floor":36,"key":"Swift Potion"}],"is_trial":false,"path_per_floor":["M","M","M","M","$","E","?","R","T","E","M","M","?","T","R","B",null,"M","M","M","$","?","R","M","M","T","M","M","R","M","M","R","B",null,"M","M","M","$","M","R","M","R","T","M","E"],"character_chosen":"IRONCLAD","items_purchased":["Anger","Disarm","Clash","Apotheosis","Jack Of All Trades","Shrug It Off","Vajra","BloodPotion"],"campfire_rested":4,"item_purchase_floors":[5,5,5,21,21,38,38,38],"current_hp_per_floor":[57,60,60,50,50,29,13,52,52,32,22,12,12,12,51,41,70,72,75,66,66,66,66,60,45,45,45,34,74,82,72,72,57,82,76,77,61,61,81,81,46,91,91,61,0],"gold":76,"neow_bonus":"TRANSFORM_TWO_CARDS","is_prod":false,"is_daily":false,"chose_seed":false,"campfire_upgraded":3,"win_rate":0,"timestamp":1566877110,"path_taken":["M","M","M","M","?","E","?","R","T","E","M","M","?","?","R","BOSS","M","M","M","$","?","R","M","M","T","M","?","R","M","M","R","BOSS","M","M","M","$","?","R","M","R","T","M","E"],"build_version":"2019-07-17","purchased_purges":0,"victory":false,"max_hp_per_floor":[80,80,80,80,80,80,80,80,80,80,80,80,80,80,80,80,80,80,80,83,83,83,83,83,86,86,86,86,86,90,90,90,90,90,93,96,96,96,96,96,100,100,100,104,104],"card_choices":[{"not_picked":["Hemokinesis","Havoc"],"picked":"Clothesline","floor":1.0},{"not_picked":["Thunderclap","True Grit"],"picked":"Headbutt","floor":2.0},{"not_picked":["Pommel Strike","Headbutt"],"picked":"Corruption","floor":3.0},{"not_picked":["Thunderclap","Sword Boomerang"],"picked":"Anger","floor":4.0},{"not_picked":["Thunderclap","Flex"],"picked":"Body Slam","floor":6.0},{"not_picked":["Limit Break","Pommel Strike"],"picked":"Entrench","floor":10.0},{"not_picked":["Armaments","Flex"],"picked":"Rage","floor":11.0},{"not_picked":["Intimidate","Havoc"],"picked":"Shockwave","floor":12.0},{"not_picked":["Offering","Berserk"],"picked":"Feed","floor":16.0},{"not_picked":["Corruption","Wild Strike"],"picked":"Inflame","floor":18.0},{"not_picked":["Twin Strike","Ghostly Armor"],"picked":"Shrug It Off","floor":19.0},{"not_picked":["Reckless Charge","Perfected Strike+1"],"picked":"Wild Strike+1","floor":20.0},{"not_picked":["Havoc","Iron Wave"],"picked":"Shrug It Off","floor":24.0},{"not_picked":["Combust","Pummel"],"picked":"Clash","floor":25.0},{"not_picked":["Cleave","Disarm"],"picked":"Metallicize","floor":27},{"not_picked":["True Grit+1","Whirlwind"],"picked":"Clash","floor":28},{"not_picked":["Cleave","Clash"],"picked":"Rage","floor":30},{"not_picked":["Havoc","Seeing Red"],"picked":"Juggernaut","floor":31},{"not_picked":["Headbutt","Havoc","Uppercut"],"picked":"SKIP","floor":35},{"not_picked":["Perfected Strike","Havoc","Cleave"],"picked":"SKIP","floor":36},{"not_picked":["Clothesline","Dropkick"],"picked":"Body Slam+1","floor":37},{"not_picked":["Clothesline","Perfected Strike","Iron Wave"],"picked":"SKIP","floor":39},{"not_picked":["Warcry","Wild Strike"],"picked":"Shrug It Off","floor":41},{"not_picked":["Clothesline","Feed","Whirlwind"],"picked":"SKIP","floor":44}],"player_experience":213621,"relics_obtained":[{"floor":6.0,"key":"Regal Pillow"},{"floor":9.0,"key":"Boot"},{"floor":10.0,"key":"Centennial Puzzle"},{"floor":14.0,"key":"Paper Frog"},{"floor":26.0,"key":"Incense Burner"},{"floor":43,"key":"Shuriken"}],"event_choices":[{"damage_healed":0.0,"max_hp_gain":0.0,"max_hp_loss":0.0,"gold_gain":0.0,"event_name":"Shining Light","player_choice":"Entered Light","floor":7.0,"gold_loss":0.0,"damage_taken":16.0,"cards_upgraded":["Ghostly Armor","Defend_R"]},{"damage_healed":0.0,"max_hp_gain":0.0,"max_hp_loss":0.0,"gold_gain":0.0,"cards_transformed":["Strike_R"],"event_name":"Living Wall","player_choice":"Change","floor":13.0,"gold_loss":0.0,"damage_taken":0.0,"cards_obtained":["Pommel Strike"]},{"damage_healed":0.0,"max_hp_gain":0.0,"max_hp_loss":0.0,"gold_gain":0.0,"event_name":"Accursed Blacksmith","player_choice":"Forge","floor":22.0,"gold_loss":0.0,"damage_taken":0.0,"cards_upgraded":["Jack Of All Trades"]}],"is_beta":false,"boss_relics":[{"not_picked":["Lizard Tail","Busted Crown"],"picked":"Philosopher\u0027s Stone"},{"not_picked":["Astrolabe","Sozu"],"picked":"Pandora\u0027s Box"}],"items_purged_floors":[],"is_endless":false,"potions_floor_spawned":[1,6,12,16,24,25,28,31,33,35,36],"killed_by":"Nemesis","ascension_level":12}