{"gold_per_floor":[369,369,36,99,114,144,144,144,144,198,217,247,298,298],"floor_reached":14,"playtime":1168,"items_purged":[],"score":163,"play_id":"97423154-9a3c-439d-bba3-203996683a47","local_time":"20190826104316","is_ascension_mode":true,"campfire_choices":[{"data":"Magnetism","floor":7.0,"key":"SMITH"}],"neow_cost":"TEN_PERCENT_HP_LOSS","seed_source_timestamp":0,"circlet_count":0,"master_deck":["AscendersBane","Strike_R","Strike_R","Strike_R","Strike_R","Defend_R","Defend_R","Defend_R","Defend_R","Bash","Anger","Rage","Magnetism+1","Panacea","Armaments","Rage","Evolve","Dual Wield","Feel No Pain","True Grit","Shrug It Off","Barricade","Pommel Strike","Shrug It Off"],"special_seed":0,"relics":["Burning Blood","SsserpentHead","Prayer Wheel","FossilizedHelix","Juzu Bracelet"],"potions_floor_usage":[],"damage_taken":[{"damage":3.0,"enemies":"Jaw Worm","floor":1.0,"turns":5.0},{"damage":1.0,"enemies":"Cultist","floor":4.0,"turns":5.0},{"damage":5.0,"enemies":"Small Slimes","floor":5.0,"turns":4.0},{"damage":44.0,"enemies":"3 Sentries","floor":6.0,"turns":6.0},{"damage":0.0,"enemies":"Exordium Wildlife","floor":10.0,"turns":5.0},{"damage":0.0,"enemies":"Large Slime","floor":11.0,"turns":7.0},{"damage":39.0,"enemies":"Gremlin Nob","floor":12.0,"turns":6.0},{"damage":20.0,"enemies":"Lots of Slimes","floor":13.0,"turns":5.0},{"damage":0,"enemies":"Gremlin Gang","floor":14,"turns":2}],"seed_played":"6509781757088468345","potions_obtained":[{"floor":4.0,"key":"Regen Potion"},{"floor":5.0,"key":"Ancient Potion"},{"floor":10.0,"key":"Weak Potion"}],"is_trial":false,"path_per_floor":["M","?","$","M","M","E","R","?","T","M","M","E","M","M"],"character_chosen":"IRONCLAD","items_purchased":["Rage","Magnetism","Panacea"],"campfire_rested":0,"item_purchase_floors":[3,3,3],"current_hp_per_floor":[72,72,72,72,72,49,49,49,49,55,61,28,14,14],"gold":298,"neow_bonus":"TWO_FIFTY_GOLD","is_prod":false,"is_daily":false,"chose_seed":false,"campfire_upgraded":1,"win_rate":0,"timestamp":1566841396,"path_taken":["M","?","$","?","M","E","R","?","T","M","M","E","M","M"],"build_version":"2019-07-17","purchased_purges":0,"victory":false,"max_hp_per_floor":[72,72,72,72,72,72,72,72,72,72,72,72,72,72],"card_choices":[{"not_picked":["Clothesline","Sword Boomerang"],"picked":"Anger","floor":1.0},{"not_picked":["Body Slam","True Grit"],"picked":"Armaments","floor":4.0},{"not_picked":["Bludgeon","Sentinel"],"picked":"Rage","floor":5.0},{"not_picked":["Intimidate","Body Slam"],"picked":"Evolve","floor":6.0},{"not_picked":["Pommel Strike","Perfected Strike"],"picked":"Dual Wield","floor":10.0},{"not_picked":["Havoc","Perfected Strike"],"picked":"Feel No Pain","floor":10.0},{"not_picked":["Body Slam","Headbutt"],"picked":"True Grit","floor":11.0},{"not_picked":["Headbutt","Heavy Blade"],"picked":"Shrug It Off","floor":11.0},{"not_picked":["Seeing Red","Spot Weakness"],"picked":"Barricade","floor":12.0},{"not_picked":["Shrug It Off","Armaments"],"picked":"Pommel Strike","floor":13.0},{"not_picked":["Clash","Flex"],"picked":"Shrug It Off","floor":13.0}],"player_experience":189059,"relics_obtained":[{"floor":6.0,"key":"Prayer Wheel"},{"floor":9.0,"key":"FossilizedHelix"},{"floor":12.0,"key":"Juzu Bracelet"}],"event_choices":[{"damage_healed":0.0,"max_hp_gain":0.0,"max_hp_loss":0.0,"gold_gain":0.0,"event_name":"FaceTrader","player_choice":"Trade","floor":2.0,"gold_loss":0.0,"damage_taken":0.0,"relics_obtained":["SsserpentHead"]},{"cards_removed":["Strike_R"],"damage_healed":0.0,"max_hp_gain":0.0,"max_hp_loss":0.0,"gold_gain":0.0,"event_name":"The Cleric","player_choice":"Card Removal","floor":8.0,"gold_loss":50.0,"damage_taken":0.0}],"is_beta":false,"boss_relics":[],"items_purged_floors":[],"is_endless":false,"potions_floor_spawned":[4,5,10],"killed_by":"Gremlin Gang","ascension_level":12}