{"gold_per_floor":[117,131,145,159,171,204,204,204,204,231,245,270,270,282,282,380,380,394,394,319,336,113,113],"floor_reached":23,"playtime":1319,"items_purged":[],"score":224,"play_id":"0ecfa762-2d60-40cc-9633-45ec8d67302e","local_time":"20190828045549","is_ascension_mode":true,"campfire_choices":[{"data":"Defragment","floor":8,"key":"SMITH"},{"data":"Dualcast","floor":13,"key":"SMITH"},{"floor":15,"key":"REST"}],"neow_cost":"NONE","seed_source_timestamp":978626503981024,"circlet_count":0,"master_deck":["Strike_B","Strike_B","Defend_B","Defend_B","Defend_B","Defend_B","Zap","Dualcast+1","Double Energy","Defragment+1","Reinforced Body","Reboot","Fusion","Defragment","Redo","Reinforced Body"],"relics":["Cracked Core","Symbiotic Virus","Sundial","Potion Belt","Girya","White Beast Statue","Lantern"],"potions_floor_usage":[6,16,23,23],"damage_taken":[{"damage":1,"enemies":"Cultist","floor":1,"turns":3},{"damage":1,"enemies":"2 Louse","floor":2,"turns":2},{"damage":9,"enemies":"Jaw Worm","floor":3,"turns":4},{"damage":6,"enemies":"2 Fungi Beasts","floor":4,"turns":4},{"damage":8,"enemies":"Red Slaver","floor":5,"turns":3},{"damage":8,"enemies":"Lagavulin","floor":6,"turns":8},{"damage":8,"enemies":"Gremlin Nob","floor":10,"turns":3},{"damage":5,"enemies":"Blue Slaver","floor":11,"turns":3},{"damage":12,"enemies":"Lagavulin","floor":12,"turns":6},{"damage":8,"enemies":"3 Louse","floor":14,"turns":4},{"damage":31,"enemies":"The Guardian","floor":16,"turns":10},{"damage":13,"enemies":"Shell Parasite","floor":18,"turns":3},{"damage":17,"enemies":"Spheric Guardian","floor":21,"turns":4},{"damage":85,"enemies":"Slavers","floor":23,"turns":6}],"seed_played":"-3687020968189518713","potions_obtained":[{"floor":2,"key":"Weak Potion"},{"floor":3,"key":"Dexterity Potion"},{"floor":10,"key":"Ancient Potion"},{"floor":11,"key":"Poison Potion"},{"floor":14,"key":"FairyPotion"},{"floor":16,"key":"EssenceOfSteel"},{"floor":18,"key":"Weak Potion"},{"floor":21,"key":"Regen Potion"}],"is_trial":false,"path_per_floor":["M","M","M","M","M","E","?","R","T","E","M","E","R","M","R","B",null,"M","?","?","M","$","E"],"character_chosen":"DEFECT","items_purchased":["Reinforced Body","Lantern"],"campfire_rested":1,"item_purchase_floors":[22,22],"current_hp_per_floor":[81,80,71,65,57,49,42,42,42,34,29,17,17,9,33,2,82,69,69,69,52,52,0],"gold":113,"neow_bonus":"TEN_PERCENT_HP_BONUS","is_prod":false,"is_daily":false,"chose_seed":false,"campfire_upgraded":2,"win_rate":0,"timestamp":1566935749,"path_taken":["M","M","M","M","M","E","?","R","T","E","M","E","R","M","R","BOSS","M","?","?","M","$","E"],"build_version":"2019-07-05","purchased_purges":0,"victory":false,"max_hp_per_floor":[82,82,82,82,82,82,82,82,82,82,82,82,82,82,82,82,82,82,82,82,82,82,82],"card_choices":[{"not_picked":["Turbo","Coolheaded","Glacier"],"picked":"SKIP","floor":1},{"not_picked":["Leap","Coolheaded"],"picked":"Double Energy","floor":2},{"not_picked":["Capacitor","Fusion"],"picked":"Defragment","floor":3},{"not_picked":["Coolheaded","Turbo","Heatsinks"],"picked":"SKIP","floor":4},{"not_picked":["Rainbow","Leap","Compile Driver"],"picked":"SKIP","floor":5},{"not_picked":["Turbo","Sweeping Beam","Stack"],"picked":"SKIP","floor":6},{"not_picked":["Reboot","Turbo"],"picked":"Reinforced Body","floor":10},{"not_picked":["Steam","Scrape","Cold Snap"],"picked":"SKIP","floor":11},{"not_picked":["Recycle","FTL","Skim"],"picked":"SKIP","floor":12},{"not_picked":["Gash","Streamline","Coolheaded"],"picked":"SKIP","floor":14},{"not_picked":["All For One","Fission"],"picked":"Reboot","floor":16},{"not_picked":["Ball Lightning","Beam Cell"],"picked":"Fusion","floor":18},{"not_picked":["Gash+1","Doom and Gloom"],"picked":"Redo","floor":21}],"player_experience":617374,"relics_obtained":[{"floor":6,"key":"Symbiotic Virus"},{"floor":9,"key":"Sundial"},{"floor":10,"key":"Potion Belt"},{"floor":12,"key":"Girya"}],"event_choices":[{"cards_removed":["Strike_B"],"damage_healed":0,"gold_gain":0,"player_choice":"Card Removal","damage_taken":7,"max_hp_gain":0,"max_hp_loss":0,"event_name":"Golden Wing","floor":7,"gold_loss":0},{"damage_healed":0,"gold_gain":0,"player_choice":"Read","damage_taken":0,"max_hp_gain":0,"max_hp_loss":0,"event_name":"The Library","floor":19,"gold_loss":0,"cards_obtained":["Defragment"]},{"cards_removed":["Strike_B"],"damage_healed":0,"gold_gain":0,"player_choice":"Gave Gold","damage_taken":0,"max_hp_gain":0,"max_hp_loss":0,"event_name":"Beggar","floor":20,"gold_loss":75}],"is_beta":false,"boss_relics":[{"not_picked":["Eternal Feather","Tiny House"],"picked":"White Beast Statue"}],"items_purged_floors":[],"is_endless":false,"potions_floor_spawned":[2,3,10,11,14,16,18,21],"killed_by":"Slavers","ascension_level":1}