{"gold_per_floor":[110,110,185,205,221,256,256,267,291,291,308,343,162,162,162,257,257,276,351,195,210,34,34,65,83,83,26,26,26,26],"floor_reached":30,"playtime":1530,"items_purged":[],"score":282,"play_id":"32bfa4dc-d88a-4bcf-abde-1525f777ca25","local_time":"20180805205900","is_ascension_mode":true,"campfire_choices":[{"floor":7,"key":"REST"},{"floor":10,"key":"REST"},{"floor":15,"key":"REST"},{"floor":23,"key":"REST"}],"neow_cost":"NONE","seed_source_timestamp":795103829790688,"circlet_count":0,"master_deck":["Defend_G+1","Defend_G+1","Defend_G+1","Defend_G+1","Strike_G+1","Strike_G+1","Strike_G+1","Strike_G+1","Strike_G+1","Survivor","Neutralize","Footwork","Footwork","Flying Knee","Flying Knee","Bullet Time","Underhanded Strike","All Out Attack","Choke","Slice","Distraction","Sadistic Nature","All Out Attack","Venomology","Slice","Finisher","Apotheosis","Dash","Prepared","Caltrops+1","Writhe"],"relics":["Ring of the Serpent","Dream Catcher","Orichalcum","Lantern","Oddly Smooth Stone","The Courier","Frozen Egg 2","Ninja Scroll"],"potions_floor_usage":[12,16,18,21,21,21,24,25,25,30,30],"damage_taken":[{"damage":0,"enemies":"2 Louse","floor":1,"turns":3},{"damage":2,"enemies":"Small Slimes","floor":4,"turns":4},{"damage":0,"enemies":"Cultist","floor":5,"turns":5},{"damage":18,"enemies":"3 Sentries","floor":6,"turns":11},{"damage":16,"enemies":"Exordium Thugs","floor":8,"turns":7},{"damage":0,"enemies":"2 Fungi Beasts","floor":11,"turns":2},{"damage":17,"enemies":"Lagavulin","floor":12,"turns":6},{"damage":48,"enemies":"Hexaghost","floor":16,"turns":11},{"damage":24,"enemies":"Spheric Guardian","floor":18,"turns":5},{"damage":8,"enemies":"3 Byrds","floor":21,"turns":4},{"damage":19,"enemies":"Book of Stabbing","floor":24,"turns":6},{"damage":24,"enemies":"Snake Plant","floor":25,"turns":5},{"damage":12,"enemies":"Cultist and Chosen","floor":30,"turns":4}],"seed_played":"-7950418989462781878","potions_obtained":[{"floor":6,"key":"Explosive Potion"},{"floor":8,"key":"SkillPotion"},{"floor":12,"key":"Ancient Potion"},{"floor":16,"key":"Dexterity Potion"}],"is_trial":false,"path_per_floor":["M","?","?","M","M","E","R","M","T","R","M","E","$","?","R","B",null,"M","?","$","M","$","R","E","M","T","$","?","?"],"character_chosen":"THE_SILENT","items_purchased":["Sadistic Nature","Oddly Smooth Stone","Apotheosis","Caltrops+1"],"campfire_rested":4,"item_purchase_floors":[13,20,22,27],"current_hp_per_floor":[70,56,45,43,43,25,46,30,30,51,51,34,34,34,55,7,70,46,39,39,31,31,52,33,9,9,9,9,9,0],"gold":26,"neow_bonus":"THREE_CARDS","is_prod":false,"is_daily":false,"chose_seed":false,"campfire_upgraded":0,"win_rate":0,"timestamp":1533495540,"path_taken":["M","?","?","?","M","E","R","M","T","R","M","E","?","?","R","BOSS","M","?","$","M","$","R","E","M","T","?","?","?","M"],"build_version":"2018-08-02","purchased_purges":0,"victory":false,"max_hp_per_floor":[70,70,70,70,70,70,70,70,70,70,70,70,70,70,70,70,70,70,70,70,70,70,70,70,70,70,70,70,70,70],"card_choices":[{"not_picked":["Dodge and Roll","Endless Agony"],"picked":"Footwork","floor":0},{"not_picked":["Quick Slash","Prepared"],"picked":"Footwork","floor":1},{"not_picked":["Dagger Spray","PiercingWail"],"picked":"Flying Knee","floor":4},{"not_picked":["Masterful Stab","Accuracy"],"picked":"Flying Knee","floor":5},{"not_picked":["Choke","Cloak And Dagger"],"picked":"Bullet Time","floor":6},{"not_picked":["Sucker Punch","Tactician"],"picked":"Underhanded Strike","floor":7},{"not_picked":["Flying Knee","Sucker Punch"],"picked":"All Out Attack","floor":8},{"not_picked":["Dagger Spray","Reflex"],"picked":"Choke","floor":10},{"not_picked":["Heel Hook","Underhanded Strike"],"picked":"Slice","floor":11},{"not_picked":["Quick Slash","Blade Dance"],"picked":"Distraction","floor":12},{"not_picked":["Expertise","Cloak And Dagger"],"picked":"All Out Attack","floor":15},{"not_picked":["Doppelganger","Grand Finale"],"picked":"Venomology","floor":16},{"not_picked":["Cloak And Dagger","PiercingWail"],"picked":"Slice","floor":18},{"not_picked":["PiercingWail","Quick Slash"],"picked":"Finisher","floor":21},{"not_picked":["Corpse Explosion","Sucker Punch+1"],"picked":"Dash","floor":24},{"not_picked":["Riddle With Holes","Sucker Punch"],"picked":"Prepared","floor":25}],"player_experience":190396,"relics_obtained":[{"floor":6,"key":"Dream Catcher"},{"floor":9,"key":"Orichalcum"},{"floor":12,"key":"Lantern"},{"floor":24,"key":"The Courier"},{"floor":26,"key":"Frozen Egg 2"}],"event_choices":[{"event_name":"Shining Light","player_choice":"Entered Light","floor":2,"damage_taken":0},{"event_name":"World of Goop","player_choice":"Gather Gold","floor":3,"damage_taken":0},{"event_name":"Purifier","player_choice":"One Purge","floor":14,"damage_taken":0},{"event_name":"FaceTrader","player_choice":"Touch","floor":19,"damage_taken":0},{"event_name":"Back to Basics","player_choice":"Simplicity","floor":28,"damage_taken":0},{"event_name":"The Mausoleum","player_choice":"Yes","floor":29,"damage_taken":0}],"is_beta":false,"boss_relics":[{"not_picked":["Orrery","White Beast Statue"],"picked":"Ring of the Serpent"}],"items_purged_floors":[],"is_endless":false,"potions_floor_spawned":[6,8,12,16],"killed_by":"Cultist and Chosen","ascension_level":2}