{"gold_per_floor":[109,184,184,201,56,81,81,356,356,356,356,381,243,243,243,243],"floor_reached":16,"playtime":1271,"items_purged":[],"score":114,"play_id":"9861a32e-184d-427f-94f8-4e16cbe06b52","local_time":"20180812183600","is_ascension_mode":true,"campfire_choices":[{"data":"Prepared","floor":10,"key":"SMITH"},{"floor":15,"key":"REST"}],"neow_cost":"NONE","seed_source_timestamp":1391600495449686,"circlet_count":0,"master_deck":["Defend_G","Defend_G","Defend_G","Defend_G","Defend_G","Strike_G","Strike_G","Strike_G","Strike_G","Survivor","Neutralize+1","Prepared+1","Prepared","Slice","Regret","Cloak And Dagger","Prepared"],"relics":["Ring of the Snake","Centennial Puzzle","Juzu Bracelet","Letter Opener","Lantern","Bag of Preparation","Orichalcum"],"potions_floor_usage":[6,6,12],"damage_taken":[{"damage":1,"enemies":"Jaw Worm","floor":1,"turns":3},{"damage":0,"enemies":"2 Louse","floor":4,"turns":3},{"damage":7,"enemies":"Gremlin Nob","floor":6,"turns":3},{"damage":23,"enemies":"Lagavulin","floor":12,"turns":7},{"damage":58,"enemies":"Hexaghost","floor":16,"turns":15}],"seed_played":"-5670291729500876212","potions_obtained":[{"floor":3,"key":"SpeedPotion"},{"floor":3,"key":"Fire Potion"},{"floor":3,"key":"Swift Potion"},{"floor":4,"key":"Fire Potion"}],"is_trial":false,"path_per_floor":["M","?","?","M","$","E","?","?","T","R","?","E","?","?","R"],"character_chosen":"THE_SILENT","items_purchased":["Centennial Puzzle"],"campfire_rested":1,"item_purchase_floors":[5],"current_hp_per_floor":[76,65,65,65,65,58,58,58,58,58,55,32,32,32,55,0],"gold":243,"neow_bonus":"TEN_PERCENT_HP_BONUS","is_prod":false,"is_daily":false,"chose_seed":false,"campfire_upgraded":1,"win_rate":0,"timestamp":1534091760,"path_taken":["M","?","?","M","$","E","?","?","T","R","?","E","?","?","R","BOSS"],"build_version":"2018-08-09","purchased_purges":0,"victory":false,"max_hp_per_floor":[77,77,77,77,77,77,77,77,77,77,77,77,77,77,77,77],"card_choices":[{"not_picked":["Dagger Spray","Calculated Gamble"],"picked":"Prepared","floor":1},{"not_picked":["Blade Dance","Deadly Poison"],"picked":"Prepared","floor":4},{"not_picked":["Backflip","Concentrate"],"picked":"Slice","floor":6},{"not_picked":["Poisoned Stab","Reflex"],"picked":"Cloak And Dagger","floor":12}],"player_experience":202348,"relics_obtained":[{"floor":6,"key":"Juzu Bracelet"},{"floor":9,"key":"Letter Opener"},{"floor":12,"key":"Bag of Preparation"}],"event_choices":[{"event_name":"World of Goop","player_choice":"Gather Gold","floor":2,"damage_taken":0},{"event_name":"The Lab","player_choice":"Got Potions","floor":3,"damage_taken":0},{"event_name":"Living Wall","player_choice":"Grow","floor":7,"damage_taken":0},{"event_name":"Golden Shrine","player_choice":"Desecrate","floor":8,"damage_taken":0},{"event_name":"Scrap Ooze","player_choice":"success","floor":11,"damage_taken":3},{"event_name":"WeMeetAgain","player_choice":"Gold","floor":13,"damage_taken":0},{"event_name":"Transmorgrifier","player_choice":"Transform","floor":14,"damage_taken":0}],"is_beta":false,"boss_relics":[],"items_purged_floors":[],"is_endless":false,"potions_floor_spawned":[4],"killed_by":"Hexaghost","ascension_level":2}