{"gold_per_floor":[115,115,132,151,151,151,161,217,217,235,235,254,268,300,300,400,400,410,266,277,290,305,305,305,305,305,340,360,360,373,390,390,390],"floor_reached":33,"playtime":2373,"items_purged":["Strike_B"],"score":340,"play_id":"eebdfd5b-c584-43e6-b675-e90d89456a4c","local_time":"20190101155812","is_ascension_mode":true,"campfire_choices":[{"data":"Zap","floor":6,"key":"SMITH"},{"floor":11,"key":"REST"},{"floor":15,"key":"REST"},{"data":"Dualcast","floor":23,"key":"SMITH"},{"data":"Buffer","floor":25,"key":"SMITH"},{"floor":32,"key":"REST"}],"neow_cost":"PERCENT_DAMAGE","seed_source_timestamp":259979470942006,"circlet_count":0,"master_deck":["Strike_B","Strike_B+1","Strike_B","Defend_B","Defend_B","Defend_B","Defend_B","Zap+1","Dualcast+1","Buffer+1","Sweeping Beam","Ball Lightning","FTL","Cold Snap","Hyperbeam+1","Hologram","Steam","Auto Shields","Electrodynamics","BootSequence","Glacier","Capacitor","Echo Form","Go for the Eyes+1","Defragment"],"relics":["Cracked Core","Tiny Chest","Boot","Pear","Nuclear Battery","Blood Vial","Gremlin Horn","Whetstone"],"potions_floor_usage":[13,16,27,30],"damage_taken":[{"damage":3,"enemies":"Jaw Worm","floor":1,"turns":4},{"damage":7,"enemies":"2 Louse","floor":3,"turns":3},{"damage":1,"enemies":"Cultist","floor":4,"turns":3},{"damage":4,"enemies":"Red Slaver","floor":7,"turns":3},{"damage":19,"enemies":"3 Sentries","floor":8,"turns":7},{"damage":2,"enemies":"2 Fungi Beasts","floor":10,"turns":2},{"damage":0,"enemies":"Exordium Wildlife","floor":12,"turns":1},{"damage":11,"enemies":"Large Slime","floor":13,"turns":3},{"damage":14,"enemies":"Lagavulin","floor":14,"turns":5},{"damage":41,"enemies":"The Guardian","floor":16,"turns":10},{"damage":0,"enemies":"3 Byrds","floor":18,"turns":2},{"damage":12,"enemies":"Spheric Guardian","floor":20,"turns":4},{"damage":2,"enemies":"Cultist and Chosen","floor":21,"turns":6},{"damage":5,"enemies":"Centurion and Healer","floor":22,"turns":10},{"damage":36,"enemies":"Gremlin Leader","floor":27,"turns":6},{"damage":0,"enemies":"Chosen and Byrds","floor":28,"turns":4},{"damage":0,"enemies":"Shelled Parasite and Fungi","floor":30,"turns":7},{"damage":18,"enemies":"Snecko","floor":31,"turns":6},{"damage":95,"enemies":"Champ","floor":33,"turns":13}],"seed_played":"8855514946713697562","potions_obtained":[{"floor":1,"key":"Fruit Juice"},{"floor":3,"key":"LiquidBronze"},{"floor":7,"key":"Energy Potion"},{"floor":8,"key":"AttackPotion"},{"floor":18,"key":"Regen Potion"},{"floor":20,"key":"AttackPotion"},{"floor":28,"key":"SkillPotion"},{"floor":31,"key":"Regen Potion"}],"is_trial":false,"path_per_floor":["M","?","M","M","?","R","M","E","T","M","R","M","M","E","R","B",null,"M","$","M","M","M","R","T","R","T","E","M","?","M","M","R","B"],"character_chosen":"DEFECT","items_purchased":["Glacier"],"campfire_rested":3,"item_purchase_floors":[19],"current_hp_per_floor":[51,75,68,67,67,67,63,44,44,42,64,64,53,49,74,33,85,85,85,73,71,66,66,66,66,66,32,34,62,64,48,73,0],"gold":390,"neow_bonus":"THREE_RARE_CARDS","is_prod":false,"is_daily":false,"chose_seed":false,"campfire_upgraded":3,"win_rate":0,"timestamp":1546325892,"path_taken":["M","?","M","M","?","R","?","E","T","M","R","M","M","E","R","BOSS","M","$","M","M","M","R","?","R","T","E","M","?","M","?","R","BOSS"],"build_version":"2018-12-20","purchased_purges":1,"victory":false,"max_hp_per_floor":[75,75,75,75,75,75,75,75,75,75,75,75,75,85,85,85,85,85,85,85,85,85,85,85,85,85,85,85,85,85,85,85,85],"card_choices":[{"not_picked":["Multi-Cast","Biased Cognition"],"picked":"Buffer","floor":0},{"not_picked":["Aggregate","Ball Lightning"],"picked":"Sweeping Beam","floor":1},{"not_picked":["Tempest","Steam Power"],"picked":"Ball Lightning","floor":3},{"not_picked":["Coolheaded","Redo"],"picked":"FTL","floor":4},{"not_picked":["Streamline","Sweeping Beam"],"picked":"Cold Snap","floor":7},{"not_picked":["Gash","Beam Cell"],"picked":"Hyperbeam","floor":8},{"not_picked":["Cold Snap","Fusion"],"picked":"Hologram","floor":10},{"not_picked":["Gash","Conserve Battery","Rebound"],"picked":"SKIP","floor":12},{"not_picked":["Tempest","Conserve Battery"],"picked":"Steam","floor":13},{"not_picked":["Coolheaded","Gash"],"picked":"Auto Shields","floor":14},{"not_picked":["Rainbow","Meteor Strike"],"picked":"Electrodynamics","floor":16},{"not_picked":["Cold Snap","Ball Lightning"],"picked":"BootSequence","floor":18},{"not_picked":["Storm","Turbo"],"picked":"Capacitor","floor":20},{"not_picked":["Hologram","Redo+1","Barrage+1"],"picked":"SKIP","floor":21},{"not_picked":["Leap","Force Field","Sweeping Beam+1"],"picked":"SKIP","floor":22},{"not_picked":["Leap","Turbo+1"],"picked":"Echo Form","floor":27},{"not_picked":["Stack","Cold Snap"],"picked":"Go for the Eyes+1","floor":28},{"not_picked":["Streamline","Sweeping Beam+1"],"picked":"Defragment","floor":30},{"not_picked":["Capacitor","Turbo+1","Ball Lightning"],"picked":"SKIP","floor":31}],"player_experience":95819,"relics_obtained":[{"floor":8,"key":"Tiny Chest"},{"floor":9,"key":"Boot"},{"floor":14,"key":"Pear"},{"floor":24,"key":"Blood Vial"},{"floor":26,"key":"Gremlin Horn"},{"floor":27,"key":"Whetstone"}],"event_choices":[{"damage_healed":25,"gold_gain":0,"player_choice":"Banana","damage_taken":0,"max_hp_gain":0,"max_hp_loss":0,"event_name":"Big Fish","floor":2,"gold_loss":0},{"damage_healed":0,"gold_gain":0,"player_choice":"Bought 0 Potions","damage_taken":0,"max_hp_gain":0,"max_hp_loss":0,"event_name":"The Woman in Blue","floor":5,"gold_loss":0},{"damage_healed":28,"gold_gain":0,"player_choice":"Heal","damage_taken":0,"max_hp_gain":0,"max_hp_loss":0,"event_name":"The Library","floor":29,"gold_loss":0}],"is_beta":false,"boss_relics":[{"not_picked":["Calling Bell","Tiny House"],"picked":"Nuclear Battery"}],"items_purged_floors":[19],"is_endless":false,"potions_floor_spawned":[1,3,7,8,18,20,28,31],"killed_by":"Champ","ascension_level":4}