{"gold_per_floor":[114,114,129,144,144,174,174,204,229,229,259,9,39,54,54,154,154,169,95,110,125,140,170,170,200,275,305,320,335,350,449,449,549,549,564,564,664,64,64,64,94,94,94,124,124,139,139,169,169,169],"floor_reached":51,"playtime":4366,"items_purged":[],"score":1096,"play_id":"ec0e41a9-5195-474c-8195-cd2cd211498b","local_time":"20190826191742","daily_mods":["Chimera","Hoarder","Elite Swarm"],"is_ascension_mode":false,"campfire_choices":[{"floor":7,"key":"REST"},{"floor":10,"key":"REST"},{"floor":15,"key":"REST"},{"floor":24,"key":"REST"},{"floor":32,"key":"REST"},{"data":"Adrenaline","floor":40,"key":"SMITH"},{"floor":47,"key":"REST"},{"floor":49,"key":"REST"}],"neow_cost":"","seed_source_timestamp":0,"circlet_count":0,"master_deck":["Bash","Survivor","Zap","Strike_G","Strike_B","Defend_R","Defend_G","Defend_B","Blade Dance+1","Blade Dance","Blade Dance","After Image","After Image","After Image","Envenom+1","Envenom+1","Envenom+1","Adrenaline","Adrenaline","Adrenaline","Escape Plan","Escape Plan","Escape Plan","A Thousand Cuts+1","A Thousand Cuts+1","A Thousand Cuts+1","Adrenaline+1","Adrenaline","Adrenaline","Accuracy+1","Accuracy+1","Accuracy+1","Cloak And Dagger","Cloak And Dagger","Cloak And Dagger","Accuracy+1","Accuracy+1","Accuracy+1","Infinite Blades+1","Infinite Blades+1","Infinite Blades+1","Adrenaline","Adrenaline","Adrenaline","Blade Dance+1","Blade Dance+1","Blade Dance+1","Accuracy+1","Accuracy+1","Accuracy+1"],"special_seed":18135,"relics":["Ring of the Snake","Frozen Egg 2","Dream Catcher","Ice Cream","Anchor","Incense Burner","Shuriken","Question Card","Sozu","Ginger","Blue Candle","The Courier","Snake Skull","Philosopher\u0027s Stone","The Specimen","TwistedFunnel","Blood Vial","Bronze Scales","Bottled Tornado","Centennial Puzzle","Pantograph","Paper Crane","Bottled Lightning","Bird Faced Urn"],"potions_floor_usage":[20],"damage_taken":[{"damage":3,"enemies":"Jaw Worm","floor":1,"turns":3},{"damage":0,"enemies":"Cultist","floor":3,"turns":3},{"damage":10,"enemies":"Small Slimes","floor":4,"turns":4},{"damage":4,"enemies":"3 Sentries","floor":6,"turns":8},{"damage":11,"enemies":"Lagavulin","floor":8,"turns":6},{"damage":6,"enemies":"3 Sentries","floor":11,"turns":6},{"damage":22,"enemies":"Gremlin Nob","floor":13,"turns":4},{"damage":0,"enemies":"Looter","floor":14,"turns":3},{"damage":0,"enemies":"The Guardian","floor":16,"turns":5},{"damage":0,"enemies":"3 Byrds","floor":18,"turns":2},{"damage":0,"enemies":"Spheric Guardian","floor":20,"turns":3},{"damage":0,"enemies":"Chosen and Byrds","floor":21,"turns":2},{"damage":5,"enemies":"Snake Plant","floor":22,"turns":3},{"damage":25,"enemies":"Slavers","floor":23,"turns":4},{"damage":24,"enemies":"Gremlin Leader","floor":25,"turns":3},{"damage":0,"enemies":"Slavers","floor":27,"turns":3},{"damage":4,"enemies":"Centurion and Healer","floor":28,"turns":3},{"damage":0,"enemies":"3 Cultists","floor":29,"turns":3},{"damage":0,"enemies":"Snake Plant","floor":30,"turns":3},{"damage":0,"enemies":"Collector","floor":33,"turns":3},{"damage":1,"enemies":"Orb Walker","floor":35,"turns":2},{"damage":0,"enemies":"Mind Bloom Boss Battle","floor":37,"turns":2},{"damage":0,"enemies":"Nemesis","floor":41,"turns":1},{"damage":10,"enemies":"Reptomancer","floor":44,"turns":2},{"damage":10,"enemies":"3 Darklings","floor":46,"turns":2},{"damage":10,"enemies":"Nemesis","floor":48,"turns":3},{"damage":11,"enemies":"Donu and Deca","floor":50,"turns":4}],"seed_played":"5998306637881363430","potions_obtained":[{"floor":3,"key":"FearPotion"},{"floor":6,"key":"LiquidBronze"},{"floor":13,"key":"PowerPotion"}],"is_trial":false,"path_per_floor":["M","?","M","M","T","E","R","E","T","R","E","$","E","M","R","B",null,"M","$","M","M","M","E","R","E","T","E","M","M","M","?","R","B",null,"M","?","?","$","?","R","E","$","T","E","T","M","R","E","R","B",null],"character_chosen":"THE_SILENT","items_purchased":["Shuriken","Infinite Blades+1","TwistedFunnel","Blood Vial","Bronze Scales","Bottled Tornado"],"campfire_rested":7,"item_purchase_floors":[12,19,38,38,38,38],"current_hp_per_floor":[67,67,67,57,57,53,70,59,59,70,64,64,42,42,63,63,70,70,70,70,70,65,40,61,37,37,37,33,33,33,33,54,54,70,69,69,69,69,69,69,70,70,70,60,60,52,70,60,70,68],"gold":169,"neow_bonus":"","is_prod":false,"is_daily":true,"chose_seed":false,"campfire_upgraded":1,"win_rate":0.0,"timestamp":1566872262,"path_taken":["M","?","M","M","?","E","R","E","T","R","E","?","E","?","R","BOSS","M","$","M","?","M","E","R","E","T","E","M","M","?","?","R","BOSS","M","?","?","$","?","R","E","$","T","E","?","?","R","E","R","BOSS"],"build_version":"2019-07-17","purchased_purges":0,"victory":true,"max_hp_per_floor":[70,70,70,70,70,70,70,70,70,70,70,70,70,70,70,70,70,70,70,70,70,70,70,70,70,70,70,70,70,70,70,70,70,70,70,70,70,70,70,70,70,70,70,70,70,70,70,70,70,70],"card_choices":[{"not_picked":["Sucker Punch","Riddle With Holes"],"picked":"Blade Dance","floor":1},{"not_picked":["PiercingWail","Dodge and Roll"],"picked":"After Image","floor":3},{"not_picked":["Slice","Prepared","Backflip"],"picked":"SKIP","floor":4},{"not_picked":["Doppelganger","Adrenaline"],"picked":"Envenom+1","floor":6},{"not_picked":["Phantasmal Killer","Glass Knife"],"picked":"Adrenaline","floor":8},{"not_picked":["Caltrops+1","Bane"],"picked":"Escape Plan","floor":10},{"not_picked":["After Image+1","Storm of Steel"],"picked":"A Thousand Cuts+1","floor":11},{"not_picked":["Night Terror","Wraith Form v2+1"],"picked":"Adrenaline","floor":13},{"not_picked":["Flechettes","Underhanded Strike","Reflex"],"picked":"Accuracy+1","floor":14},{"not_picked":["Sucker Punch","Deflect","Accuracy+1"],"picked":"Cloak And Dagger","floor":15},{"not_picked":["Predator","Eviscerate","Slice"],"picked":"Accuracy+1","floor":18},{"not_picked":["Bane","Footwork+1","Eviscerate+1","Dagger Spray"],"picked":"SKIP","floor":20},{"not_picked":["Choke+1","Flying Knee+1","Deadly Poison","Acrobatics"],"picked":"SKIP","floor":21},{"not_picked":["Flying Knee","Sucker Punch+1","Blade Dance","Adrenaline"],"picked":"SKIP","floor":22},{"not_picked":["Malaise","Venomology","A Thousand Cuts+1","Grand Finale"],"picked":"SKIP","floor":23},{"not_picked":["Night Terror","Venomology","Bullet Time","Die Die Die"],"picked":"SKIP","floor":25},{"not_picked":["Corpse Explosion","Burst","Tools of the Trade+1"],"picked":"Adrenaline","floor":27},{"not_picked":["Well Laid Plans+1","Prepared","Quick Slash","Acrobatics"],"picked":"SKIP","floor":28},{"not_picked":["Masterful Stab","Quick Slash","Prepared"],"picked":"Blade Dance+1","floor":29},{"not_picked":["PiercingWail","Blade Dance+1","Dagger Spray","Concentrate"],"picked":"SKIP","floor":30},{"not_picked":["Concentrate","Riddle With Holes","Noxious Fumes+1"],"picked":"Accuracy+1","floor":32},{"not_picked":["Acrobatics+1","Deflect","Dagger Throw+1","Underhanded Strike"],"picked":"SKIP","floor":35},{"not_picked":["Storm of Steel","Unload","Phantasmal Killer","Adrenaline"],"picked":"SKIP","floor":41},{"not_picked":["Corpse Explosion","Storm of Steel","Unload","Envenom+1"],"picked":"SKIP","floor":44},{"not_picked":["Deflect+1","Outmaneuver+1","Catalyst+1","Eviscerate"],"picked":"SKIP","floor":46},{"not_picked":["Malaise","Adrenaline","Tools of the Trade+1","Burst"],"picked":"SKIP","floor":48}],"player_experience":73374,"relics_obtained":[{"floor":5,"key":"Frozen Egg 2"},{"floor":6,"key":"Dream Catcher"},{"floor":8,"key":"Ice Cream"},{"floor":9,"key":"Anchor"},{"floor":11,"key":"Incense Burner"},{"floor":13,"key":"Question Card"},{"floor":23,"key":"Ginger"},{"floor":25,"key":"Blue Candle"},{"floor":26,"key":"The Courier"},{"floor":27,"key":"Snake Skull"},{"floor":37,"key":"The Specimen"},{"floor":41,"key":"Centennial Puzzle"},{"floor":43,"key":"Pantograph"},{"floor":44,"key":"Paper Crane"},{"floor":45,"key":"Bottled Lightning"},{"floor":48,"key":"Bird Faced Urn"}],"event_choices":[{"damage_healed":0,"gold_gain":0,"player_choice":"Grow","damage_taken":0,"max_hp_gain":0,"max_hp_loss":0,"event_name":"Living Wall","floor":2,"gold_loss":0,"cards_upgraded":["Blade Dance"]},{"damage_healed":0,"gold_gain":99,"player_choice":"Stole From Cult","damage_taken":0,"max_hp_gain":0,"max_hp_loss":0,"event_name":"Nest","floor":31,"gold_loss":0},{"damage_healed":0,"gold_gain":0,"player_choice":"Ignored","damage_taken":0,"max_hp_gain":0,"max_hp_loss":0,"event_name":"Tomb of Lord Red Mask","floor":36,"gold_loss":0},{"damage_healed":0,"gold_gain":0,"player_choice":"Fight","damage_taken":0,"max_hp_gain":0,"max_hp_loss":0,"event_name":"MindBloom","floor":37,"gold_loss":0},{"cards_removed":["Strike_R"],"damage_healed":0,"gold_gain":0,"player_choice":"Removed Attack","damage_taken":0,"max_hp_gain":0,"max_hp_loss":0,"event_name":"Falling","floor":39,"gold_loss":0}],"is_beta":false,"boss_relics":[{"not_picked":["Calling Bell","White Beast Statue"],"picked":"Sozu"},{"not_picked":["Coffee Dripper","Astrolabe"],"picked":"Philosopher\u0027s Stone"}],"items_purged_floors":[],"is_endless":false,"potions_floor_spawned":[3,6,13,16,21,22,23,27,29,30,37,41],"ascension_level":0}