{"gold_per_floor":[117,117,39,214,22,50,50,64,64,64,97,97,113,144,144,144],"floor_reached":16,"playtime":1242,"items_purged":["Regret"],"score":162,"play_id":"49604a86-5639-4088-8e70-d7d03d178973","local_time":"20190711203753","is_ascension_mode":true,"campfire_choices":[{"data":"Conserve Battery","floor":7,"key":"SMITH"},{"data":"Hologram","floor":10,"key":"SMITH"},{"data":"Stack","floor":15,"key":"SMITH"}],"neow_cost":"NONE","seed_source_timestamp":97833934614663,"circlet_count":0,"master_deck":["Strike_B","Strike_B","Strike_B","Strike_B","Defend_B","Defend_B","Defend_B","Defend_B","Zap","Dualcast","Rebound","Storm","Doubt","Static Discharge","Hologram+1","Conserve Battery+1","Stack+1","Leap","White Noise","Glacier"],"relics":["Eternal Feather","FossilizedHelix","PreservedInsect","Juzu Bracelet","Centennial Puzzle","NlothsMask","Bottled Tornado"],"potions_floor_usage":[14,16],"damage_taken":[{"damage":5,"enemies":"2 Louse","floor":1,"turns":3},{"damage":37,"enemies":"3 Sentries","floor":6,"turns":8},{"damage":0,"enemies":"Jaw Worm","floor":8,"turns":4},{"damage":18,"enemies":"Gremlin Nob","floor":11,"turns":4},{"damage":0,"enemies":"Cultist","floor":13,"turns":4},{"damage":2,"enemies":"Lagavulin","floor":14,"turns":8},{"damage":43,"enemies":"Slime Boss","floor":16,"turns":14}],"seed_played":"-4866099582217494923","potions_obtained":[{"floor":6,"key":"SpeedPotion"},{"floor":14,"key":"GamblersBrew"}],"is_trial":false,"path_per_floor":["M","?","$","?","$","E","R","M","T","R","E","?","M","E","R","B"],"character_chosen":"DEFECT","items_purchased":["Storm","Static Discharge","Hologram"],"campfire_rested":0,"item_purchase_floors":[3,5,5],"current_hp_per_floor":[63,63,63,63,63,26,35,35,35,44,26,26,26,24,36,0],"gold":144,"neow_bonus":"BOSS_RELIC","is_prod":false,"is_daily":false,"chose_seed":false,"campfire_upgraded":3,"win_rate":0,"timestamp":1562891873,"path_taken":["M","?","$","?","?","E","R","?","T","R","E","?","M","E","R","BOSS"],"build_version":"2019-07-05","purchased_purges":1,"victory":false,"max_hp_per_floor":[75,75,75,75,75,75,75,75,75,75,75,75,75,75,75,75],"card_choices":[{"not_picked":["Redo","Compile Driver"],"picked":"Rebound","floor":1},{"not_picked":["Beam Cell","Tempest"],"picked":"Conserve Battery","floor":6},{"not_picked":["Melter","Gash"],"picked":"Stack","floor":8},{"not_picked":["Beam Cell","Sunder"],"picked":"Leap","floor":11},{"not_picked":["Gash","Redo"],"picked":"White Noise","floor":13},{"not_picked":["Gash","Fusion"],"picked":"Glacier","floor":14}],"player_experience":204675,"relics_obtained":[{"floor":6,"key":"PreservedInsect"},{"floor":9,"key":"Juzu Bracelet"},{"floor":11,"key":"Centennial Puzzle"},{"floor":14,"key":"Bottled Tornado"}],"event_choices":[{"damage_healed":0,"gold_gain":0,"player_choice":"Box","damage_taken":0,"relics_obtained":["FossilizedHelix"],"max_hp_gain":0,"max_hp_loss":0,"event_name":"Big Fish","floor":2,"gold_loss":0,"cards_obtained":["Regret"]},{"damage_healed":0,"gold_gain":175,"player_choice":"AGREE","damage_taken":0,"max_hp_gain":0,"max_hp_loss":0,"event_name":"Liars Game","floor":4,"gold_loss":0,"cards_obtained":["Doubt"]},{"damage_healed":0,"gold_gain":0,"player_choice":"Trade","damage_taken":0,"relics_obtained":["NlothsMask"],"max_hp_gain":0,"max_hp_loss":0,"event_name":"FaceTrader","floor":12,"gold_loss":0}],"is_beta":false,"boss_relics":[],"items_purged_floors":[5],"is_endless":false,"potions_floor_spawned":[6,14],"killed_by":"Slime Boss","ascension_level":8}