{"gold_per_floor":[114,114,64,79,79,94,109,124,174,189,189,204,234,249,249,249],"floor_reached":16,"playtime":758,"items_purged":["Defend_G"],"score":106,"play_id":"00d59113-076f-4e92-9f6d-d3fc77f5a731","local_time":"20190818190323","daily_mods":["Heirloom","Uncertain Future","Binary"],"is_ascension_mode":false,"campfire_choices":[{"data":"Neutralize","floor":11,"key":"SMITH"},{"floor":15,"key":"REST"}],"neow_cost":"","seed_source_timestamp":0,"circlet_count":0,"master_deck":["Strike_G","Strike_G","Strike_G","Strike_G","Strike_G","Defend_G","Defend_G","Defend_G","Defend_G","Survivor","Neutralize+1","Dodge and Roll","Dodge and Roll"],"special_seed":18126,"relics":["Ring of the Snake","StoneCalendar","Smiling Mask","Regal Pillow","Matryoshka"],"potions_floor_usage":[10,13],"damage_taken":[{"damage":0,"enemies":"Cultist","floor":1,"turns":4},{"damage":0,"enemies":"2 Louse","floor":4,"turns":2},{"damage":0,"enemies":"Small Slimes","floor":6,"turns":5},{"damage":3,"enemies":"2 Fungi Beasts","floor":7,"turns":4},{"damage":1,"enemies":"Blue Slaver","floor":8,"turns":4},{"damage":5,"enemies":"Large Slime","floor":10,"turns":6},{"damage":1,"enemies":"Exordium Wildlife","floor":12,"turns":3},{"damage":14,"enemies":"Lagavulin","floor":13,"turns":7},{"damage":15,"enemies":"Exordium Thugs","floor":14,"turns":5},{"damage":70,"enemies":"Hexaghost","floor":16,"turns":14}],"seed_played":"-5106562656885795289","potions_obtained":[{"floor":1,"key":"SpeedPotion"},{"floor":4,"key":"SteroidPotion"},{"floor":10,"key":"PowerPotion"},{"floor":12,"key":"Explosive Potion"}],"is_trial":false,"path_per_floor":["M","T","$","M","?","M","M","M","T","M","R","M","E","M","R","B"],"character_chosen":"THE_SILENT","items_purchased":[],"campfire_rested":1,"item_purchase_floors":[],"current_hp_per_floor":[70,70,70,70,70,70,67,66,66,61,61,60,46,31,67,0],"gold":249,"neow_bonus":"","is_prod":false,"is_daily":true,"chose_seed":false,"campfire_upgraded":1,"win_rate":0,"timestamp":1566122603,"path_taken":["M","?","$","M","?","M","?","M","T","M","R","M","E","M","R","BOSS"],"build_version":"2019-07-05","purchased_purges":1,"victory":false,"max_hp_per_floor":[70,70,70,70,70,70,70,70,70,70,70,70,70,70,70,70],"card_choices":[{"not_picked":["Accuracy"],"picked":"Dodge and Roll","floor":1},{"not_picked":["Dagger Spray","Bane"],"picked":"SKIP","floor":4},{"not_picked":["Dagger Throw","Acrobatics"],"picked":"SKIP","floor":6},{"not_picked":["Underhanded Strike","Prepared"],"picked":"SKIP","floor":7},{"not_picked":["Predator","Heel Hook"],"picked":"SKIP","floor":8},{"not_picked":["Predator","Quick Slash"],"picked":"SKIP","floor":10},{"not_picked":["Deflect","Bane"],"picked":"SKIP","floor":12},{"not_picked":["Predator"],"picked":"Dodge and Roll","floor":13},{"not_picked":["Poisoned Stab","Predator"],"picked":"SKIP","floor":14}],"player_experience":533096,"relics_obtained":[{"floor":2,"key":"Smiling Mask"},{"floor":9,"key":"Regal Pillow"},{"floor":13,"key":"Matryoshka"}],"event_choices":[{"damage_healed":0,"gold_gain":0,"player_choice":"Bought 0 Potions","damage_taken":0,"max_hp_gain":0,"max_hp_loss":0,"event_name":"The Woman in Blue","floor":5,"gold_loss":0}],"is_beta":false,"boss_relics":[],"items_purged_floors":[3],"is_endless":false,"potions_floor_spawned":[1,4,10,12],"killed_by":"Hexaghost","ascension_level":0}