{"gold_per_floor":[119,137,237,254,111,144,144,156,156,56,73,88,88,119,119,220,220,240,155,123,7,18,18,18,31,31,50,50,50,50,68,68,163,163,174,174,174,174,174,174,190,190,190,69,84,84,101,115,115,115],"floor_reached":50,"playtime":3195,"items_purged":["Strike_B","Strike_B"],"score":502,"play_id":"7a477969-b412-47ad-92f0-a7bedba0984c","local_time":"20181231211336","is_ascension_mode":true,"campfire_choices":[{"data":"Dualcast","floor":7,"key":"SMITH"},{"floor":15,"key":"REST"},{"data":"Blizzard","floor":23,"key":"SMITH"},{"data":"Defragment","floor":28,"key":"SMITH"},{"data":"Sweeping Beam","floor":32,"key":"SMITH"},{"data":"Echo Form","floor":40,"key":"SMITH"},{"data":"Chill","floor":42,"key":"SMITH"},{"floor":49,"key":"REST"}],"neow_cost":"NONE","seed_source_timestamp":191679939027163,"circlet_count":0,"master_deck":["Defend_B","Defend_B","Defend_B","Defend_B","Zap","Dualcast+1","Sweeping Beam+1","Cold Snap","Chill+1","Capacitor","Glacier+1","Hyperbeam","Self Repair+1","Static Discharge+1","Chaos+1","Cold Snap","Blizzard+1","Defragment+1","Doom and Gloom+1","PanicButton","Echo Form+1","Defragment","Go for the Eyes","Reinforced Body+1","Parasite","Go for the Eyes+1"],"relics":["Cracked Core","Ice Cream","Du-Vu Doll","WingedGreaves","Astrolabe","Potion Belt","Blood Vial","MutagenicStrength","Runic Dome","Meat on the Bone"],"potions_floor_usage":[14,16,27,33,33,33,50,50],"damage_taken":[{"damage":0,"enemies":"2 Louse","floor":1,"turns":2},{"damage":1,"enemies":"Cultist","floor":2,"turns":4},{"damage":6,"enemies":"Jaw Worm","floor":4,"turns":3},{"damage":14,"enemies":"Lagavulin","floor":6,"turns":9},{"damage":3,"enemies":"Looter","floor":8,"turns":3},{"damage":8,"enemies":"3 Louse","floor":11,"turns":4},{"damage":5,"enemies":"Gremlin Gang","floor":12,"turns":3},{"damage":16,"enemies":"Gremlin Nob","floor":14,"turns":4},{"damage":35,"enemies":"The Guardian","floor":16,"turns":20},{"damage":0,"enemies":"Shell Parasite","floor":18,"turns":16},{"damage":6,"enemies":"2 Thieves","floor":20,"turns":5},{"damage":8,"enemies":"Snecko","floor":22,"turns":4},{"damage":7,"enemies":"Centurion and Healer","floor":25,"turns":11},{"damage":2,"enemies":"Cultist and Chosen","floor":27,"turns":8},{"damage":8,"enemies":"3 Cultists","floor":31,"turns":5},{"damage":53,"enemies":"Champ","floor":33,"turns":12},{"damage":8,"enemies":"3 Darklings","floor":35,"turns":5},{"damage":8,"enemies":"Orb Walker","floor":41,"turns":5},{"damage":32,"enemies":"Transient","floor":45,"turns":5},{"damage":12,"enemies":"Spire Growth","floor":47,"turns":6},{"damage":28,"enemies":"Writhing Mass","floor":48,"turns":8},{"damage":80,"enemies":"Awakened One","floor":50,"turns":7}],"seed_played":"6215261985658828158","potions_obtained":[{"floor":1,"key":"Swift Potion"},{"floor":8,"key":"Energy Potion"},{"floor":11,"key":"Ancient Potion"},{"floor":16,"key":"Fire Potion"},{"floor":18,"key":"EntropicBrew"},{"floor":20,"key":"Block Potion"},{"floor":22,"key":"Ancient Potion"},{"floor":47,"key":"Energy Potion"},{"floor":48,"key":"GamblersBrew"}],"is_trial":false,"path_per_floor":["M","M","?","M","$","E","R","M","T","$","M","M","?","E","R","B",null,"M","?","M","$","M","R","?","M","T","M","R","?","?","M","R","B",null,"M","?","?","$","?","R","M","R","T","$","M","?","M","M","R","B"],"character_chosen":"DEFECT","items_purchased":["Chill","Blizzard","Defragment","Defragment","Go for the Eyes"],"campfire_rested":2,"item_purchase_floors":[5,21,21,44,44],"current_hp_per_floor":[75,74,74,68,68,54,54,51,51,51,43,38,38,22,44,9,75,75,75,75,75,75,75,75,75,75,75,75,75,75,75,75,32,75,75,75,75,75,75,75,75,75,75,75,53,53,53,49,70,0],"gold":115,"neow_bonus":"RANDOM_COLORLESS","is_prod":false,"is_daily":false,"chose_seed":false,"campfire_upgraded":6,"win_rate":0,"timestamp":1546258416,"path_taken":["M","M","?","M","?","E","R","M","T","$","M","?","?","E","R","BOSS","M","?","M","$","M","R","?","M","T","?","R","?","?","?","R","BOSS","M","?","?","$","?","R","M","R","T","$","?","?","M","M","R","BOSS"],"build_version":"2018-12-20","purchased_purges":2,"victory":false,"max_hp_per_floor":[75,75,75,75,75,75,75,75,75,75,75,75,75,75,75,75,75,75,75,75,75,75,75,75,75,75,75,75,75,75,75,75,75,75,75,75,75,75,75,75,75,75,75,75,75,71,71,71,71,71],"card_choices":[{"not_picked":["Ball Lightning","Compile Driver"],"picked":"Conserve Battery","floor":1},{"not_picked":["Aggregate","Loop"],"picked":"Sweeping Beam","floor":2},{"not_picked":["Darkness","Redo"],"picked":"Cold Snap","floor":4},{"not_picked":["Leap","Self Repair"],"picked":"Electrodynamics","floor":6},{"not_picked":["Tempest","Chill"],"picked":"Capacitor","floor":8},{"not_picked":["Hello World","Steam","Hologram"],"picked":"SKIP","floor":11},{"not_picked":["Reprogram","Gash","Hologram"],"picked":"SKIP","floor":12},{"not_picked":["Rebound","Go for the Eyes"],"picked":"Glacier","floor":14},{"not_picked":["Echo Form","Biased Cognition"],"picked":"Hyperbeam","floor":16},{"not_picked":["Conserve Battery","Redo","Auto Shields"],"picked":"SKIP","floor":18},{"not_picked":["Aggregate","FTL"],"picked":"Cold Snap","floor":20},{"not_picked":["Self Repair","Chaos","Fusion"],"picked":"SKIP","floor":22},{"not_picked":["Conserve Battery","Coolheaded"],"picked":"Doom and Gloom+1","floor":25},{"not_picked":["Steam","Beam Cell+1","Streamline"],"picked":"SKIP","floor":27},{"not_picked":["Capacitor","Heatsinks","Doom and Gloom"],"picked":"SKIP","floor":31},{"not_picked":["Buffer","Thunder Strike"],"picked":"Echo Form","floor":33},{"not_picked":["Rip and Tear+1","Ball Lightning","Self Repair+1"],"picked":"SKIP","floor":35},{"not_picked":["Melter","Beam Cell","Ball Lightning+1"],"picked":"SKIP","floor":41},{"not_picked":["Consume","Hologram"],"picked":"Reinforced Body+1","floor":45},{"not_picked":["Tempest","Coolheaded","Conserve Battery"],"picked":"SKIP","floor":47},{"not_picked":["Gash","Blizzard"],"picked":"Go for the Eyes+1","floor":48}],"player_experience":80483,"relics_obtained":[{"floor":6,"key":"Ice Cream"},{"floor":9,"key":"Du-Vu Doll"},{"floor":14,"key":"WingedGreaves"},{"floor":26,"key":"Blood Vial"},{"floor":43,"key":"Meat on the Bone"}],"event_choices":[{"damage_healed":0,"gold_gain":100,"player_choice":"Pray","damage_taken":0,"max_hp_gain":0,"max_hp_loss":0,"event_name":"Golden Shrine","floor":3,"gold_loss":0},{"damage_healed":0,"gold_gain":0,"player_choice":"Ignored","damage_taken":0,"max_hp_gain":0,"max_hp_loss":0,"event_name":"Shining Light","floor":13,"gold_loss":0},{"damage_healed":0,"gold_gain":0,"player_choice":"Obtained Relic","damage_taken":0,"relics_obtained":["Potion Belt"],"max_hp_gain":0,"max_hp_loss":0,"event_name":"Addict","floor":19,"gold_loss":85},{"damage_healed":0,"gold_gain":0,"player_choice":"Forge","damage_taken":0,"max_hp_gain":0,"max_hp_loss":0,"event_name":"Accursed Blacksmith","floor":24,"gold_loss":0,"cards_upgraded":["Glacier"]},{"damage_healed":0,"gold_gain":0,"player_choice":"Inject Mutagens","damage_taken":0,"relics_obtained":["MutagenicStrength"],"max_hp_gain":0,"max_hp_loss":0,"event_name":"Drug Dealer","floor":29,"gold_loss":0},{"damage_healed":0,"gold_gain":0,"cards_transformed":["Purity"],"player_choice":"Transformed","damage_taken":0,"max_hp_gain":0,"max_hp_loss":0,"event_name":"Transmorgrifier","floor":30,"gold_loss":0,"cards_obtained":["PanicButton"]},{"cards_removed":["Conserve Battery"],"damage_healed":0,"gold_gain":0,"player_choice":"Removed Skill","damage_taken":0,"max_hp_gain":0,"max_hp_loss":0,"event_name":"Falling","floor":36,"gold_loss":0},{"damage_healed":0,"gold_gain":0,"player_choice":"Ignored","damage_taken":0,"max_hp_gain":0,"max_hp_loss":0,"event_name":"Mysterious Sphere","floor":37,"gold_loss":0},{"damage_healed":0,"gold_gain":0,"player_choice":"Ignored","damage_taken":0,"max_hp_gain":0,"max_hp_loss":0,"event_name":"Tomb of Lord Red Mask","floor":39,"gold_loss":0},{"damage_healed":0,"gold_gain":0,"player_choice":"Max HP","damage_taken":0,"max_hp_gain":0,"max_hp_loss":4,"event_name":"Winding Halls","floor":46,"gold_loss":0}],"is_beta":false,"boss_relics":[{"not_picked":["Snecko Eye","Calling Bell"],"picked":"Astrolabe"},{"not_picked":["Nuclear Battery","Pandora\u0027s Box"],"picked":"Runic Dome"}],"items_purged_floors":[5,10],"is_endless":false,"potions_floor_spawned":[1,8,11,12,16,18,20,22,47,48],"killed_by":"Awakened One","ascension_level":1}