{"path_per_floor":["M","M","?","M","$","E","R","M","T","R","E","M","R","E","R","B",null,"M","M","$","T","?","?","M","E","T","M","T","E","M","M","R","B",null,"M","$","?","?","?","R","M","R","T","R","?","M","R","M","R","B"],"character_chosen":"IRONCLAD","items_purchased":["Pen Nib","Thunderclap","Omamori","Whetstone","Singing Bowl"],"gold_per_floor":[211,225,225,235,66,97,97,108,108,108,143,161,161,196,196,295,295,306,326,26,50,50,50,68,94,94,105,105,130,140,158,158,259,259,278,60,60,60,60,60,80,80,80,80,0,13,13,29,29,29],"floor_reached":51,"campfire_rested":0,"playtime":2589,"current_hp_per_floor":[80,80,72,78,78,59,59,52,52,52,47,48,48,46,46,25,80,74,60,60,60,52,52,58,52,52,57,71,58,64,54,66,20,94,90,90,78,77,77,89,55,67,67,79,79,89,101,83,97,65],"items_purged":["Bash"],"gold":29,"score":814,"play_id":"16ae4046-2c16-4e09-9d71-5a87e79558a9","local_time":"20180522212117","is_prod":false,"is_daily":false,"chose_seed":false,"is_ascension_mode":true,"campfire_upgraded":10,"timestamp":1527016877,"campfire_choices":[{"data":"Body Slam","floor":7,"key":"SMITH"},{"data":"Iron Wave","floor":10,"key":"SMITH"},{"data":"Double Tap","floor":13,"key":"SMITH"},{"data":"Thunderclap","floor":15,"key":"SMITH"},{"data":"Armaments","floor":32,"key":"SMITH"},{"data":"Barricade","floor":40,"key":"SMITH"},{"data":"Double Tap","floor":42,"key":"SMITH"},{"data":"Entrench","floor":44,"key":"SMITH"},{"data":"Madness","floor":47,"key":"SMITH"},{"data":"Madness","floor":49,"key":"SMITH"}],"path_taken":["M","?","?","M","$","E","R","M","T","R","E","M","R","E","R","BOSS","M","M","$","?","?","?","M","E","T","?","?","E","M","M","R","BOSS","M","$","?","?","?","R","M","R","T","R","?","?","R","M","R","BOSS"],"build_version":"2018-05-17","seed_source_timestamp":560862851766972,"purchased_purges":1,"victory":true,"master_deck":["Strike_R","Strike_R+1","Strike_R","Strike_R","Strike_R","Defend_R","Defend_R+1","Defend_R+1","Defend_R","Body Slam+1","Iron Wave+1","Flex","Thunderclap+1","Flex","Perfected Strike","Double Tap+1","Warcry","Heavy Blade+1","Demon Form","Shrug It Off+1","Cleave+1","Shrug It Off+1","Entrench+1","Juggernaut","Armaments+1","Perfected Strike+1","Double Tap+1","Ghostly Armor","Barricade+1","Flex+1","Shrug It Off+1","Madness+1","Madness+1","Armaments+1","Warcry"],"max_hp_per_floor":[80,80,80,80,80,80,80,80,80,80,80,80,80,80,80,80,80,80,80,80,80,80,80,80,80,80,80,94,94,94,94,94,94,94,94,94,94,98,98,98,100,100,100,100,100,104,104,106,106,106],"relics":["Burning Blood","Pen Nib","War Paint","Gremlin Horn","Kunai","Lantern","Eternal Feather","Omamori","Whetstone","Bag of Preparation","Paper Frog","Red Skull","Prayer Wheel","Mango","Art of War","Velvet Choker","Singing Bowl","Mummified Hand","Red Mask"],"card_choices":[{"not_picked":["Havoc","Perfected Strike"],"picked":"Body Slam","floor":1},{"not_picked":["Body Slam","Perfected Strike"],"picked":"Iron Wave","floor":2},{"not_picked":["Warcry","Dual Wield"],"picked":"Flex","floor":4},{"not_picked":["True Grit","Heavy Blade"],"picked":"Flex","floor":6},{"not_picked":["Reckless Charge","Headbutt"],"picked":"Perfected Strike","floor":8},{"not_picked":["Sword Boomerang","Warcry"],"picked":"Double Tap","floor":11},{"not_picked":["Dual Wield","Headbutt"],"picked":"Warcry","floor":12},{"not_picked":["True Grit","Sever Soul"],"picked":"Heavy Blade","floor":14},{"not_picked":["Reaper","Fiend Fire"],"picked":"Demon Form","floor":16},{"not_picked":["Clash","Ghostly Armor"],"picked":"Shrug It Off+1","floor":18},{"not_picked":["Dual Wield","Clash"],"picked":"Cleave+1","floor":19},{"not_picked":["Pommel Strike","Body Slam"],"picked":"Shrug It Off+1","floor":24},{"not_picked":["Anger","Second Wind"],"picked":"Entrench","floor":25},{"not_picked":["Wild Strike+1","Clothesline+1"],"picked":"Juggernaut","floor":27},{"not_picked":["Infernal Blade+1","Searing Blow"],"picked":"Feel No Pain+1","floor":27},{"not_picked":["Shrug It Off","Clothesline+1"],"picked":"Armaments","floor":29},{"not_picked":["Warcry","Combust"],"picked":"Perfected Strike+1","floor":30},{"not_picked":["Sword Boomerang","Clothesline"],"picked":"Double Tap","floor":30},{"not_picked":["Heavy Blade","Thunderclap"],"picked":"Ghostly Armor","floor":31},{"not_picked":["Wild Strike","Havoc","Thunderclap"],"picked":"SKIP","floor":31},{"not_picked":["Offering","Berserk"],"picked":"Barricade","floor":33},{"not_picked":["Wild Strike+1","Pommel Strike+1"],"picked":"Flex+1","floor":35},{"not_picked":["Thunderclap","Clash+1"],"picked":"Shrug It Off+1","floor":35},{"not_picked":["Madness","Bandage Up","Purity"],"picked":"Singing Bowl","floor":38},{"not_picked":["Deep Breath","Dramatic Entrance","Trip"],"picked":"Singing Bowl","floor":38},{"not_picked":["Fire Breathing","Uppercut+1","Cleave"],"picked":"Singing Bowl","floor":41},{"not_picked":["Sword Boomerang+1","Feed"],"picked":"Armaments+1","floor":41},{"not_picked":["Thunderclap","Power Through","Pommel Strike+1"],"picked":"Singing Bowl","floor":46},{"not_picked":["Clash+1","Fire Breathing+1","Thunderclap+1"],"picked":"Singing Bowl","floor":46},{"not_picked":["Headbutt+1","Flex"],"picked":"Warcry","floor":48},{"not_picked":["Bloodletting+1","Twin Strike+1","Wild Strike+1"],"picked":"Singing Bowl","floor":48}],"player_experience":135137,"potions_floor_usage":[14,25,29,33,46,50,50],"damage_taken":[{"damage":5,"enemies":"Cultist","floor":1,"turns":4},{"damage":0,"enemies":"Small Slimes","floor":2,"turns":4},{"damage":0,"enemies":"2 Louse","floor":4,"turns":2},{"damage":25,"enemies":"3 Sentries","floor":6,"turns":9},{"damage":13,"enemies":"Lots of Slimes","floor":8,"turns":3},{"damage":11,"enemies":"Lagavulin","floor":11,"turns":3},{"damage":5,"enemies":"Looter","floor":12,"turns":2},{"damage":8,"enemies":"3 Sentries","floor":14,"turns":5},{"damage":27,"enemies":"Slime Boss","floor":16,"turns":6},{"damage":12,"enemies":"2 Thieves","floor":18,"turns":2},{"damage":20,"enemies":"Spheric Guardian","floor":19,"turns":4},{"damage":0,"enemies":"Centurion and Healer","floor":24,"turns":2},{"damage":12,"enemies":"Slavers","floor":25,"turns":4},{"damage":1,"enemies":"Chosen and Byrds","floor":27,"turns":4},{"damage":19,"enemies":"Gremlin Leader","floor":29,"turns":9},{"damage":0,"enemies":"Snake Plant","floor":30,"turns":2},{"damage":16,"enemies":"Snecko","floor":31,"turns":5},{"damage":61,"enemies":"Automaton","floor":33,"turns":9},{"damage":10,"enemies":"Orb Walker","floor":35,"turns":2},{"damage":42,"enemies":"3 Darklings","floor":41,"turns":4},{"damage":0,"enemies":"Sphere and 2 Shapes","floor":46,"turns":4},{"damage":26,"enemies":"Maw","floor":48,"turns":8},{"damage":38,"enemies":"Awakened One","floor":50,"turns":12}],"relics_obtained":[{"floor":6,"key":"War Paint"},{"floor":9,"key":"Gremlin Horn"},{"floor":11,"key":"Kunai"},{"floor":14,"key":"Lantern"},{"floor":21,"key":"Bag of Preparation"},{"floor":25,"key":"Red Skull"},{"floor":26,"key":"Prayer Wheel"},{"floor":28,"key":"Mango"},{"floor":29,"key":"Art of War"},{"floor":43,"key":"Mummified Hand"}],"event_choices":[{"event_name":"Wheel of Change","player_choice":"Damage","floor":3,"damage_taken":0},{"event_name":"Wheel of Change","player_choice":"Damage","floor":22,"damage_taken":0},{"event_name":"The Mausoleum","player_choice":"Yes","floor":23,"damage_taken":0},{"event_name":"Winding Halls","player_choice":"Embrace Madness","floor":37,"damage_taken":0},{"event_name":"SensoryStone","player_choice":"Memory 2","floor":38,"damage_taken":0},{"event_name":"Tomb of Lord Red Mask","player_choice":"Paid","floor":45,"damage_taken":0}],"boss_relics":[{"not_picked":["Ectoplasm","Sozu"],"picked":"Eternal Feather"},{"not_picked":["Black Blood","Snecko Eye"],"picked":"Velvet Choker"}],"potions_floor_spawned":[8,11,12,14,27,30,31,41,48],"seed_played":"5825351806611502517","ascension_level":1,"potions_obtained":[{"floor":8,"key":"Strength Potion"},{"floor":11,"key":"EssenceOfSteel"},{"floor":12,"key":"SteroidPotion"},{"floor":14,"key":"Swift Potion"},{"floor":27,"key":"Swift Potion"},{"floor":30,"key":"FairyPotion"},{"floor":31,"key":"BloodPotion"},{"floor":41,"key":"Weak Potion"},{"floor":48,"key":"Strength Potion"}],"is_trial":false}