{"gold_per_floor":[116,131,9,22,22,22,54,72,72,102,102,134,134,147,147,249,249,269,269,282,282,300,327,337,337,337,38,38,38,72,84,84,186,186,197,215,235,250,250,278,83,109,109,0,0,0,0,34,34,34],"floor_reached":51,"playtime":14460,"items_purged":["Strike_G"],"score":1035,"play_id":"ebec3630-625d-43ef-8734-435a8bc1bd1f","local_time":"20190830024911","is_ascension_mode":true,"campfire_choices":[{"data":"Strike_G","floor":6.0,"key":"PURGE"},{"floor":11.0,"key":"REST"},{"data":"Deadly Poison","floor":15.0,"key":"SMITH"},{"floor":25,"key":"REST"},{"floor":29,"key":"REST"},{"data":"After Image","floor":32,"key":"SMITH"},{"data":"Strike_G","floor":46,"key":"PURGE"},{"floor":49,"key":"REST"}],"neow_cost":"NONE","seed_source_timestamp":0,"circlet_count":0,"master_deck":["Strike_G","Defend_G","Defend_G","Defend_G","Defend_G","Defend_G","Survivor","Neutralize","Acrobatics","Poisoned Stab","Deadly Poison+1","Leg Sweep","Predator","Bane","Backflip","Escape Plan","Dodge and Roll","A Thousand Cuts","Corpse Explosion","Calculated Gamble","Skewer+1","Noxious Fumes","Dodge and Roll+1","Catalyst","Malaise","After Image+1","Footwork","Backflip+1","Adrenaline","Deadly Poison+1","Well Laid Plans+1","Bouncing Flask+1","Dodge and Roll+1","Blur+1","Escape Plan","Sadistic Nature","Prepared+1","Escape Plan+1"],"special_seed":0,"relics":["Ring of the Snake","Anchor","Peace Pipe","Bottled Lightning","Dodecahedron","Prayer Wheel","PreservedInsect","Sozu","Nilry\u0027s Codex","Happy Flower","Snake Skull","Oddly Smooth Stone","Gambling Chip","Fusion Hammer","Calipers","TwistedFunnel","Omamori","Dream Catcher","Red Mask","Question Card"],"potions_floor_usage":[20,23],"damage_taken":[{"damage":1.0,"enemies":"Small Slimes","floor":1.0,"turns":4.0},{"damage":0.0,"enemies":"2 Louse","floor":2.0,"turns":4.0},{"damage":0.0,"enemies":"Jaw Worm","floor":4.0,"turns":2.0},{"damage":25.0,"enemies":"Gremlin Nob","floor":7.0,"turns":5.0},{"damage":0.0,"enemies":"Exordium Wildlife","floor":8.0,"turns":5.0},{"damage":7.0,"enemies":"Lagavulin","floor":10.0,"turns":7.0},{"damage":0.0,"enemies":"3 Sentries","floor":12.0,"turns":7.0},{"damage":0.0,"enemies":"2 Fungi Beasts","floor":14.0,"turns":3.0},{"damage":23.0,"enemies":"Hexaghost","floor":16.0,"turns":11.0},{"damage":0,"enemies":"3 Byrds","floor":18,"turns":2},{"damage":2,"enemies":"2 Thieves","floor":20,"turns":4},{"damage":19,"enemies":"Sentry and Sphere","floor":22,"turns":5},{"damage":1,"enemies":"Slavers","floor":23,"turns":4},{"damage":12,"enemies":"Centurion and Healer","floor":24,"turns":4},{"damage":39,"enemies":"Colosseum Slavers","floor":28,"turns":6},{"damage":0,"enemies":"Book of Stabbing","floor":30,"turns":5},{"damage":0,"enemies":"Cultist and Chosen","floor":31,"turns":5},{"damage":9,"enemies":"Collector","floor":33,"turns":8},{"damage":0,"enemies":"3 Shapes","floor":35,"turns":3},{"damage":0,"enemies":"3 Darklings","floor":36,"turns":3},{"damage":8,"enemies":"Transient","floor":37,"turns":5},{"damage":16,"enemies":"Jaw Worm Horde","floor":38,"turns":3},{"damage":0,"enemies":"Giant Head","floor":40,"turns":5},{"damage":0,"enemies":"Nemesis","floor":42,"turns":5},{"damage":3,"enemies":"Reptomancer","floor":48,"turns":5},{"damage":0,"enemies":"Time Eater","floor":50,"turns":6}],"seed_played":"-710645547175426305","potions_obtained":[{"floor":4.0,"key":"Dexterity Potion"},{"floor":7.0,"key":"Block Potion"},{"floor":8.0,"key":"Explosive Potion"},{"floor":12.0,"key":"Strength Potion"},{"floor":14.0,"key":"Weak Potion"}],"is_trial":false,"path_per_floor":["M","M","$","M","?","R","E","M","T","E","R","E","?","M","R","B",null,"M","?","M","?","M","E","M","R","T","$","?","R","E","M","R","B",null,"M","M","M","M","?","E","$","E","T","?","?","R","?","E","R","B",null],"character_chosen":"THE_SILENT","items_purchased":["Deadly Poison","Oddly Smooth Stone","After Image","TwistedFunnel"],"campfire_rested":4,"item_purchase_floors":[3,27,27,41],"current_hp_per_floor":[69,69,69,69,66,66,41,41,41,34,55,55,60,60,60,37,75,75,59,57,57,38,37,25,47,47,47,8,30,30,30,30,21,75,75,75,67,51,51,51,51,51,51,51,51,51,51,48,70,70],"gold":34,"neow_bonus":"RANDOM_COMMON_RELIC","is_prod":false,"is_daily":false,"chose_seed":false,"campfire_upgraded":2,"win_rate":1,"timestamp":1567126151,"path_taken":["M","M","$","M","?","R","E","M","T","E","R","E","?","M","R","BOSS","M","?","M","?","M","E","M","R","T","$","?","R","E","M","R","BOSS","M","M","M","M","?","E","$","E","T","?","?","R","?","E","R","BOSS"],"build_version":"2019-07-17","purchased_purges":1,"victory":true,"max_hp_per_floor":[70,70,70,70,70,70,70,70,70,70,70,70,75,75,75,75,75,75,75,75,75,75,75,75,75,75,75,75,75,75,75,75,75,75,75,75,75,75,75,75,75,75,75,75,75,75,75,75,75,75],"card_choices":[{"not_picked":["Quick Slash","Dodge and Roll"],"picked":"Acrobatics","floor":1.0},{"not_picked":["Backstab","PiercingWail"],"picked":"Poisoned Stab","floor":2.0},{"not_picked":["Unload","Dagger Throw"],"picked":"Leg Sweep","floor":4.0},{"not_picked":["Prepared","Flying Knee"],"picked":"Predator","floor":7.0},{"not_picked":["Deflect","Sucker Punch"],"picked":"Bane","floor":8.0},{"not_picked":["PiercingWail","Dagger Spray"],"picked":"Backflip","floor":10.0},{"not_picked":["Infinite Blades","Backflip"],"picked":"Escape Plan","floor":12.0},{"not_picked":["Acrobatics","Outmaneuver"],"picked":"Dodge and Roll","floor":14.0},{"not_picked":["Bouncing Flask","Acrobatics"],"picked":"A Thousand Cuts","floor":14.0},{"not_picked":["Burst","After Image"],"picked":"Corpse Explosion","floor":16.0},{"not_picked":["Blur","Deflect"],"picked":"Calculated Gamble","floor":18},{"not_picked":["Sucker Punch+1","Blade Dance","Finisher"],"picked":"SKIP","floor":18},{"not_picked":["Flying Knee","Dash"],"picked":"Skewer+1","floor":20},{"not_picked":["Endless Agony","Dagger Spray"],"picked":"Noxious Fumes","floor":20},{"not_picked":["Sucker Punch","Riddle With Holes"],"picked":"Dodge and Roll+1","floor":22},{"not_picked":["Sucker Punch","Backstab"],"picked":"Catalyst","floor":22},{"not_picked":["Backflip+1","Doppelganger"],"picked":"Malaise","floor":23},{"not_picked":["Poisoned Stab","Sucker Punch","All Out Attack"],"picked":"SKIP","floor":24},{"not_picked":["Dagger Throw","Terror","Dodge and Roll"],"picked":"SKIP","floor":24},{"not_picked":["Choke","Quick Slash","Poisoned Stab"],"picked":"SKIP","floor":30},{"not_picked":["Sucker Punch+1","PiercingWail"],"picked":"Footwork","floor":31},{"not_picked":["Malaise","Deflect"],"picked":"Backflip+1","floor":31},{"not_picked":["A Thousand Cuts","Die Die Die"],"picked":"Adrenaline","floor":33},{"not_picked":["Bane","Slice"],"picked":"Deadly Poison+1","floor":35},{"not_picked":["PiercingWail+1","Backflip"],"picked":"Well Laid Plans+1","floor":35},{"not_picked":["Dodge and Roll","Quick Slash+1"],"picked":"Bouncing Flask+1","floor":36},{"not_picked":["Predator","Bane"],"picked":"Dodge and Roll+1","floor":36},{"not_picked":["Backflip","Reflex","Calculated Gamble"],"picked":"SKIP","floor":37},{"not_picked":["Heel Hook","Dagger Throw+1","Flying Knee+1"],"picked":"SKIP","floor":37},{"not_picked":["Finisher+1","Leg Sweep+1"],"picked":"Blur+1","floor":38},{"not_picked":["Choke+1","Dagger Spray+1"],"picked":"Escape Plan","floor":38},{"not_picked":["Distraction","Terror+1","Deadly Poison+1"],"picked":"SKIP","floor":40},{"not_picked":["Quick Slash+1","Dagger Spray+1","Dagger Throw+1"],"picked":"SKIP","floor":42},{"not_picked":["Enlightenment","Impatience"],"picked":"Sadistic Nature","floor":45},{"not_picked":["Wraith Form v2","Well Laid Plans"],"picked":"Prepared+1","floor":48},{"not_picked":["Bane","Backflip","Blade Dance+1"],"picked":"Escape Plan+1","floor":49}],"player_experience":154841,"relics_obtained":[{"floor":7.0,"key":"Bottled Lightning"},{"floor":9.0,"key":"Dodecahedron"},{"floor":10.0,"key":"Prayer Wheel"},{"floor":12.0,"key":"PreservedInsect"},{"floor":19,"key":"Nilry\u0027s Codex"},{"floor":23,"key":"Happy Flower"},{"floor":26,"key":"Snake Skull"},{"floor":30,"key":"Gambling Chip"},{"floor":40,"key":"Calipers"},{"floor":42,"key":"Omamori"},{"floor":43,"key":"Dream Catcher"},{"floor":48,"key":"Question Card"}],"event_choices":[{"damage_healed":0.0,"max_hp_gain":0.0,"max_hp_loss":0.0,"gold_gain":0.0,"event_name":"Scrap Ooze","player_choice":"Success","floor":5.0,"gold_loss":0.0,"damage_taken":3.0,"relics_obtained":["Peace Pipe"]},{"damage_healed":0.0,"max_hp_gain":5.0,"max_hp_loss":0.0,"gold_gain":0.0,"event_name":"Big Fish","player_choice":"Donut","floor":13.0,"gold_loss":0.0,"damage_taken":0.0},{"damage_healed":0,"gold_gain":0,"player_choice":"Obtained Book","damage_taken":16,"max_hp_gain":0,"max_hp_loss":0,"event_name":"Cursed Tome","floor":19,"gold_loss":0},{"damage_healed":0,"gold_gain":0,"player_choice":"Ignored","damage_taken":0,"max_hp_gain":0,"max_hp_loss":0,"event_name":"Ghosts","floor":21,"gold_loss":0},{"damage_healed":0,"gold_gain":0,"player_choice":"Fight","damage_taken":0,"max_hp_gain":0,"max_hp_loss":0,"event_name":"Colosseum","floor":28,"gold_loss":0},{"damage_healed":0,"gold_gain":0,"player_choice":"Fled From Nobs","damage_taken":0,"max_hp_gain":0,"max_hp_loss":0,"event_name":"Colosseum","floor":28,"gold_loss":0},{"cards_removed":["Strike_G"],"damage_healed":0,"gold_gain":0,"player_choice":"Removed Attack","damage_taken":0,"max_hp_gain":0,"max_hp_loss":0,"event_name":"Falling","floor":39,"gold_loss":0},{"damage_healed":0,"gold_gain":0,"player_choice":"Paid","damage_taken":0,"relics_obtained":["Red Mask"],"max_hp_gain":0,"max_hp_loss":0,"event_name":"Tomb of Lord Red Mask","floor":44,"gold_loss":109},{"damage_healed":0,"gold_gain":0,"player_choice":"Memory 1","damage_taken":0,"max_hp_gain":0,"max_hp_loss":0,"event_name":"SensoryStone","floor":45,"gold_loss":0},{"damage_healed":0,"gold_gain":0,"player_choice":"Ignored","damage_taken":0,"max_hp_gain":0,"max_hp_loss":0,"event_name":"SecretPortal","floor":47,"gold_loss":0}],"is_beta":false,"boss_relics":[{"not_picked":["White Beast Statue","Busted Crown"],"picked":"Sozu"},{"not_picked":["Astrolabe","Snecko Eye"],"picked":"Fusion Hammer"}],"items_purged_floors":[3],"is_endless":false,"potions_floor_spawned":[4,7,8,12,14,20,23,28,31,33,36,37,42,48],"ascension_level":2}