{"gold_per_floor":[118,132,132,152,170,170,186,218,272,272,306,12,24,58,58,159,159,159,114,114,88,88,88,88,88,88,88,88,88,88,88,88,88],"floor_reached":33,"playtime":2609,"items_purged":["Strike_R"],"score":397,"play_id":"4655ccee-a6db-4452-a824-676fc957b19b","local_time":"20190713150510","is_ascension_mode":true,"campfire_choices":[{"data":"Uppercut","floor":6,"key":"SMITH"},{"data":"Flex","floor":10,"key":"SMITH"},{"data":"Dual Wield","floor":15,"key":"SMITH"},{"data":"Havoc","floor":23,"key":"SMITH"},{"data":"Pommel Strike","floor":25,"key":"SMITH"},{"data":"Pommel Strike","floor":27,"key":"SMITH"},{"data":"Demon Form","floor":29,"key":"SMITH"},{"data":"Rage","floor":32,"key":"SMITH"}],"neow_cost":"NONE","seed_source_timestamp":249305250618203,"circlet_count":0,"master_deck":["Strike_R","Strike_R","Strike_R","Strike_R","Defend_R","Defend_R+1","Defend_R+1","Defend_R","Bash","Anger","Anger","Bandage Up","Bash","Flex+1","Uppercut+1","Sword Boomerang","Inflame","Twin Strike","Violence","Carnage","Dual Wield+1","Havoc+1","Demon Form+1","Iron Wave+1","True Grit+1","Pummel+1","Thunderclap","Pommel Strike+1","Pommel Strike+1","Berserk+1","Limit Break","Rage+1"],"relics":["Burning Blood","Boot","Bag of Preparation","Matryoshka","War Paint","Ectoplasm","Frozen Egg 2","The Courier","Kunai","Darkstone Periapt","Turnip","Ornamental Fan"],"potions_floor_usage":[8,11,13,16,30,31,33,33],"damage_taken":[{"damage":9,"enemies":"Jaw Worm","floor":1,"turns":4},{"damage":1,"enemies":"Cultist","floor":2,"turns":3},{"damage":0,"enemies":"2 Louse","floor":4,"turns":3},{"damage":12,"enemies":"Exordium Wildlife","floor":5,"turns":3},{"damage":8,"enemies":"Looter","floor":7,"turns":3},{"damage":38,"enemies":"3 Sentries","floor":8,"turns":8},{"damage":12,"enemies":"Gremlin Nob","floor":11,"turns":3},{"damage":14,"enemies":"Lots of Slimes","floor":13,"turns":2},{"damage":20,"enemies":"3 Sentries","floor":14,"turns":5},{"damage":40,"enemies":"The Guardian","floor":16,"turns":8},{"damage":0,"enemies":"Chosen","floor":18,"turns":2},{"damage":10,"enemies":"2 Thieves","floor":19,"turns":3},{"damage":22,"enemies":"Sentry and Sphere","floor":20,"turns":4},{"damage":0,"enemies":"Snecko","floor":22,"turns":3},{"damage":35,"enemies":"Gremlin Leader","floor":24,"turns":7},{"damage":22,"enemies":"Book of Stabbing","floor":30,"turns":3},{"damage":24,"enemies":"Colosseum Slavers","floor":31,"turns":3},{"damage":10,"enemies":"Colosseum Nobs","floor":31,"turns":2},{"damage":64,"enemies":"Collector","floor":33,"turns":8}],"seed_played":"-7386332301512166512","potions_obtained":[{"floor":1,"key":"SteroidPotion"},{"floor":2,"key":"BloodPotion"},{"floor":8,"key":"GamblersBrew"},{"floor":11,"key":"Swift Potion"},{"floor":14,"key":"FearPotion"},{"floor":19,"key":"Regen Potion"},{"floor":24,"key":"FearPotion"},{"floor":30,"key":"BloodPotion"}],"is_trial":false,"path_per_floor":["M","M","?","M","M","R","M","E","T","R","E","$","M","E","R","B",null,"M","M","M","$","M","R","E","R","T","R","?","R","E","?","R","B"],"character_chosen":"IRONCLAD","items_purchased":["Violence","Carnage","Thunderclap"],"campfire_rested":0,"item_purchase_floors":[12,12,21],"current_hp_per_floor":[77,82,82,88,82,82,80,52,52,52,46,46,42,32,32,24,72,82,82,70,70,80,80,55,55,55,55,55,55,48,52,52,0],"gold":88,"neow_bonus":"TEN_PERCENT_HP_BONUS","is_prod":false,"is_daily":false,"chose_seed":false,"campfire_upgraded":8,"win_rate":0,"timestamp":1563044710,"path_taken":["M","M","?","?","M","R","M","E","T","R","E","$","M","E","R","BOSS","M","M","M","$","M","R","E","R","T","R","?","R","E","?","R","BOSS"],"build_version":"2019-07-05","purchased_purges":1,"victory":false,"max_hp_per_floor":[88,88,88,88,88,88,88,88,88,88,88,88,88,88,88,88,88,88,88,88,88,88,88,88,88,88,88,88,88,88,88,88,88],"card_choices":[{"not_picked":["Shrug It Off","Headbutt"],"picked":"Anger","floor":1},{"not_picked":["Twin Strike","Warcry"],"picked":"Anger","floor":2},{"not_picked":["Feel No Pain","Perfected Strike"],"picked":"Flex","floor":4},{"not_picked":["Clash","Disarm"],"picked":"Uppercut","floor":5},{"not_picked":["Sever Soul","Blood for Blood"],"picked":"Sword Boomerang","floor":7},{"not_picked":["Impervious","Disarm"],"picked":"Inflame","floor":8},{"not_picked":["Clothesline","Ghostly Armor"],"picked":"Twin Strike","floor":11},{"not_picked":["Infernal Blade","Whirlwind"],"picked":"Dual Wield","floor":13},{"not_picked":["Perfected Strike","Fire Breathing"],"picked":"Havoc","floor":14},{"not_picked":["Fiend Fire","Juggernaut"],"picked":"Demon Form","floor":16},{"not_picked":["Flame Barrier+1","Evolve"],"picked":"Iron Wave+1","floor":18},{"not_picked":["Clothesline","Headbutt"],"picked":"True Grit+1","floor":19},{"not_picked":["Twin Strike","Feel No Pain"],"picked":"Pummel+1","floor":20},{"not_picked":["Shockwave","Uppercut"],"picked":"Pommel Strike","floor":22},{"not_picked":["Wild Strike","Shrug It Off"],"picked":"Pommel Strike","floor":24},{"not_picked":["Twin Strike","Pommel Strike"],"picked":"Limit Break","floor":30},{"not_picked":["Reckless Charge+1","Uppercut+1"],"picked":"Rage","floor":31}],"player_experience":224279,"relics_obtained":[{"floor":8,"key":"Boot"},{"floor":9,"key":"Bag of Preparation"},{"floor":11,"key":"Matryoshka"},{"floor":14,"key":"War Paint"},{"floor":24,"key":"Frozen Egg 2"},{"floor":26,"key":"The Courier"},{"floor":26,"key":"Kunai"},{"floor":30,"key":"Darkstone Periapt"},{"floor":31,"key":"Turnip"},{"floor":31,"key":"Ornamental Fan"}],"event_choices":[{"damage_healed":0,"gold_gain":0,"player_choice":"2 cards matched","damage_taken":0,"max_hp_gain":0,"max_hp_loss":0,"event_name":"Match and Keep!","floor":3,"gold_loss":0,"cards_obtained":["Bandage Up","Bash"]},{"damage_healed":0,"gold_gain":0,"player_choice":"Read","damage_taken":0,"max_hp_gain":0,"max_hp_loss":0,"event_name":"The Library","floor":28,"gold_loss":0,"cards_obtained":["Berserk"]},{"damage_healed":0,"gold_gain":0,"player_choice":"Fight","damage_taken":0,"max_hp_gain":0,"max_hp_loss":0,"event_name":"Colosseum","floor":31,"gold_loss":0},{"damage_healed":0,"gold_gain":0,"player_choice":"Fought Nobs","damage_taken":0,"max_hp_gain":0,"max_hp_loss":0,"event_name":"Colosseum","floor":31,"gold_loss":0}],"is_beta":false,"boss_relics":[{"not_picked":["Velvet Choker","Busted Crown"],"picked":"Ectoplasm"}],"items_purged_floors":[12],"is_endless":false,"potions_floor_spawned":[1,2,8,11,14,19,24,30],"killed_by":"Collector","ascension_level":6}