{"path_per_floor":["M","M","?","?","$","E","M","R","T","M","E","M","$","M","R","B",null,"M","?","?","M","$","E","R","M","T","R","M","R","M","T","R","B",null,"M","$","?","?","?","E","R","M","T","M","M","?","?","M","R","B"],"character_chosen":"DEFECT","items_purchased":["Girya","Redo+1","Tempest+1","Redo+1","White Noise+1","Doom and Gloom+1","Omamori"],"gold_per_floor":[215,226,301,301,8,43,59,59,59,73,105,124,72,83,83,185,185,200,200,200,217,40,74,74,88,111,111,126,126,143,143,143,247,247,262,0,53,53,53,86,86,100,100,114,127,127,127,137,137,137],"floor_reached":51,"campfire_rested":3,"playtime":2866,"item_purchase_floors":[5,13,22,22,36,36,36],"current_hp_per_floor":[75,70,59,59,59,37,37,37,37,46,34,34,34,29,51,21,75,61,61,47,47,47,5,29,37,37,76,76,76,74,74,74,72,80,80,80,67,62,62,69,69,69,69,69,69,80,90,90,90,45],"items_purged":["Writhe"],"gold":137,"score":807,"play_id":"726a9224-3920-48da-b8d8-b77d9385bfff","local_time":"20180601193202","is_prod":false,"is_daily":false,"chose_seed":false,"is_ascension_mode":false,"campfire_upgraded":0,"win_rate":0.0,"timestamp":1527874322,"campfire_choices":[{"data":"1","floor":8,"key":"LIFT"},{"floor":15,"key":"REST"},{"floor":24,"key":"REST"},{"floor":27,"key":"REST"},{"data":"2","floor":29,"key":"LIFT"},{"data":"3","floor":32,"key":"LIFT"},{"floor":41,"key":"DIG"},{"floor":49,"key":"DIG"}],"path_taken":["M","M","?","?","$","E","M","R","T","?","E","M","?","M","R","BOSS","M","?","?","?","?","E","R","M","T","R","M","R","?","?","R","BOSS","M","$","?","?","?","E","R","?","T","M","M","?","?","M","R","BOSS"],"build_version":"2018-05-31","seed_source_timestamp":85069636798706,"purchased_purges":1,"victory":true,"master_deck":["Strike_B","Strike_B","Strike_B","Strike_B","Defend_B","Defend_B","Defend_B","Defend_B","Zap","Dualcast","Cold Snap","Go for the Eyes","Auto Shields+1","BootSequence+1","Reprogram+1","Leap+1","White Noise+1","Redo+1","Streamline","Electrodynamics","Conserve Battery+1","Genetic Algorithm+1","Tempest+1","Redo+1","Sweeping Beam+1","Ball Lightning+1","Beam Cell+1","Redo+1","White Noise+1","Hologram+1","Hologram+1","Gash+1","Fusion+1","White Noise+1","Doom and Gloom+1","Streamline+1","Madness+1","Deep Breath+1","Panacea+1","Double Energy+1","Defragment+1","Ball Lightning+1","Gash+1","Capacitor+1","Darkness+1","Aggregate+1","Melter+1"],"max_hp_per_floor":[75,75,75,75,75,75,75,75,75,75,75,75,75,75,75,75,75,75,75,80,80,80,80,80,80,80,80,80,80,80,80,80,80,80,80,80,80,80,80,80,80,80,80,80,80,80,90,90,90,90],"relics":["Cracked Core","Girya","Toxic Egg 2","Matryoshka","Shovel","Nuclear Battery","Molten Egg 2","Prayer Wheel","Oddly Smooth Stone","Regal Pillow","Unceasing Top","Vajra","Sozu","Omamori","Thread and Needle","Centennial Puzzle","Potion Belt","The Courier","Dream Catcher"],"card_choices":[{"not_picked":["Coolheaded","Leap"],"picked":"Cold Snap","floor":1},{"not_picked":["Beam Cell","Aggregate"],"picked":"Go for the Eyes","floor":2},{"not_picked":["Beam Cell","Cold Snap"],"picked":"Auto Shields","floor":6},{"not_picked":["Leap+1","Compile Driver"],"picked":"BootSequence+1","floor":7},{"not_picked":["Double Energy+1","Beam Cell"],"picked":"Reprogram+1","floor":10},{"not_picked":["Barrage","Steam+1"],"picked":"Leap+1","floor":11},{"not_picked":["Lockon","Steam Power+1"],"picked":"White Noise+1","floor":12},{"not_picked":["Steam+1","Barrage"],"picked":"Streamline","floor":14},{"not_picked":["Reboot+1","Thunder Strike"],"picked":"Electrodynamics","floor":16},{"not_picked":["Stack+1","Cold Snap"],"picked":"Conserve Battery+1","floor":18},{"not_picked":["Aggregate+1","Self Repair"],"picked":"Genetic Algorithm+1","floor":21},{"not_picked":["Capacitor+1","Barrage+1"],"picked":"Sweeping Beam+1","floor":23},{"not_picked":["Double Energy+1","Reprogram+1"],"picked":"Ball Lightning+1","floor":25},{"not_picked":["Melter+1","Skim+1"],"picked":"Beam Cell+1","floor":25},{"not_picked":["Go for the Eyes+1","Stack+1"],"picked":"Redo+1","floor":28},{"not_picked":["Biased Cognition","Streamline+1"],"picked":"White Noise+1","floor":28},{"not_picked":["Compile Driver+1","Reinforced Body+1"],"picked":"Hologram+1","floor":30},{"not_picked":["Barrage+1","Genetic Algorithm+1"],"picked":"Hologram+1","floor":30},{"not_picked":["Buffer","Biased Cognition"],"picked":"Rainbow+1","floor":33},{"not_picked":["Barrage+1","Force Field+1"],"picked":"Gash+1","floor":35},{"not_picked":["Leap+1","Skim+1"],"picked":"Fusion+1","floor":35},{"not_picked":["Auto Shields+1","Leap+1"],"picked":"Streamline+1","floor":37},{"not_picked":["Finesse+1","Dramatic Entrance+1"],"picked":"Madness+1","floor":38},{"not_picked":["Good Instincts+1","Dark Shackles+1"],"picked":"Deep Breath+1","floor":38},{"not_picked":["Biased Cognition","Ball Lightning+1"],"picked":"Defragment+1","floor":40},{"not_picked":["Doom and Gloom+1","Steam+1"],"picked":"Ball Lightning+1","floor":42},{"not_picked":["Coolheaded+1","Leap+1","Cold Snap+1"],"picked":"SKIP","floor":42},{"not_picked":["Blizzard+1","Leap+1"],"picked":"Gash+1","floor":44},{"not_picked":["Hello World","Conserve Battery+1","Fusion+1"],"picked":"SKIP","floor":44},{"not_picked":["Leap+1","Conserve Battery+1"],"picked":"Capacitor+1","floor":45},{"not_picked":["Steam+1","Cold Snap+1"],"picked":"Darkness+1","floor":45},{"not_picked":["Gash+1","Hello World"],"picked":"Aggregate+1","floor":48},{"not_picked":["Scrape+1","Self Repair"],"picked":"Melter+1","floor":48}],"player_experience":141031,"potions_floor_usage":[6,6,10,10,16,16,25,33],"damage_taken":[{"damage":0,"enemies":"Small Slimes","floor":1,"turns":3},{"damage":5,"enemies":"2 Louse","floor":2,"turns":2},{"damage":22,"enemies":"3 Sentries","floor":6,"turns":8},{"damage":0,"enemies":"Cultist","floor":7,"turns":3},{"damage":3,"enemies":"Looter","floor":10,"turns":4},{"damage":12,"enemies":"Lagavulin","floor":11,"turns":7},{"damage":0,"enemies":"Red Slaver","floor":12,"turns":3},{"damage":5,"enemies":"3 Louse","floor":14,"turns":5},{"damage":37,"enemies":"Hexaghost","floor":16,"turns":8},{"damage":14,"enemies":"Chosen","floor":18,"turns":5},{"damage":0,"enemies":"3 Byrds","floor":21,"turns":3},{"damage":42,"enemies":"Slavers","floor":23,"turns":6},{"damage":6,"enemies":"Snecko","floor":25,"turns":5},{"damage":0,"enemies":"3 Cultists","floor":28,"turns":3},{"damage":2,"enemies":"Centurion and Healer","floor":30,"turns":5},{"damage":2,"enemies":"Automaton","floor":33,"turns":6},{"damage":0,"enemies":"Orb Walker","floor":35,"turns":2},{"damage":13,"enemies":"Mysterious Sphere","floor":37,"turns":3},{"damage":0,"enemies":"Nemesis","floor":40,"turns":3},{"damage":0,"enemies":"3 Shapes","floor":42,"turns":1},{"damage":0,"enemies":"Sphere and 2 Shapes","floor":44,"turns":3},{"damage":0,"enemies":"3 Darklings","floor":45,"turns":2},{"damage":0,"enemies":"Maw","floor":48,"turns":5},{"damage":45,"enemies":"Donu and Deca","floor":50,"turns":5}],"relics_obtained":[{"floor":6,"key":"Toxic Egg 2"},{"floor":9,"key":"Matryoshka"},{"floor":11,"key":"Shovel"},{"floor":23,"key":"Prayer Wheel"},{"floor":26,"key":"Oddly Smooth Stone"},{"floor":26,"key":"Regal Pillow"},{"floor":31,"key":"Unceasing Top"},{"floor":31,"key":"Vajra"},{"floor":37,"key":"Thread and Needle"},{"floor":40,"key":"Centennial Puzzle"},{"floor":41,"key":"Potion Belt"},{"floor":43,"key":"The Courier"},{"floor":49,"key":"Dream Catcher"}],"event_choices":[{"event_name":"World of Goop","player_choice":"Gather Gold","floor":3,"damage_taken":0},{"event_name":"The Lab","player_choice":"Got Potions","floor":4,"damage_taken":0},{"event_name":"The Mausoleum","player_choice":"Yes","floor":19,"damage_taken":0},{"event_name":"Forgotten Altar","player_choice":"Shed Blood","floor":20,"damage_taken":0},{"event_name":"Mysterious Sphere","player_choice":"Fight","floor":37,"damage_taken":0},{"event_name":"SensoryStone","player_choice":"Memory 2","floor":38,"damage_taken":0},{"event_name":"Match and Keep!","player_choice":"2 cards matched","floor":39,"damage_taken":0},{"event_name":"Winding Halls","player_choice":"Writhe","floor":46,"damage_taken":0},{"event_name":"Bonfire Elementals","player_choice":"RARE","floor":47,"damage_taken":0}],"boss_relics":[{"not_picked":["Runic Dome","Pandora\u0027s Box"],"picked":"Nuclear Battery"},{"not_picked":["Lizard Tail","Tiny House"],"picked":"Sozu"}],"items_purged_floors":[22],"potions_floor_spawned":[2,6,10,14,16,21,23,45,48],"seed_played":"-7319882733962450116","ascension_level":0,"potions_obtained":[{"floor":2,"key":"Dexterity Potion"},{"floor":4,"key":"Swift Potion"},{"floor":4,"key":"Regen Potion"},{"floor":6,"key":"GamblersBrew"},{"floor":10,"key":"LiquidBronze"},{"floor":14,"key":"Strength Potion"},{"floor":16,"key":"SpeedPotion"},{"floor":21,"key":"Ancient Potion"},{"floor":23,"key":"Regen Potion"}],"is_trial":false}