{"gold_per_floor":[110,128,128,76,76,76,41,54,79,79,95,118,131,204,204,204],"floor_reached":16,"playtime":532,"items_purged":[],"score":106,"play_id":"f592c3cf-a93b-4144-a8af-ed48f164ae1f","local_time":"20180819130914","is_ascension_mode":true,"campfire_choices":[{"data":"Zap","floor":6,"key":"SMITH"},{"floor":15,"key":"REST"}],"neow_cost":"NONE","seed_source_timestamp":212264795828865,"circlet_count":0,"master_deck":["Strike_B","Strike_B","Strike_B","Strike_B","Defend_B","Defend_B","Defend_B","Defend_B","Zap+1","Dualcast","Auto Shields","Ball Lightning","Ball Lightning","Static Discharge","Consume","Injury","Core Surge","Redo","Lockon","Loop"],"relics":["Cracked Core","GremlinMask","Vajra","Ancient Tea Set","Golden Idol","Bag of Marbles"],"potions_floor_usage":[1,8,11,14,14,16],"damage_taken":[{"damage":0,"enemies":"Small Slimes","floor":1,"turns":2},{"damage":0,"enemies":"Cultist","floor":2,"turns":4},{"damage":8,"enemies":"2 Louse","floor":8,"turns":2},{"damage":8,"enemies":"Blue Slaver","floor":11,"turns":3},{"damage":12,"enemies":"Large Slime","floor":12,"turns":4},{"damage":16,"enemies":"2 Fungi Beasts","floor":13,"turns":3},{"damage":16,"enemies":"Lagavulin Event","floor":14,"turns":3},{"damage":28,"enemies":"Hexaghost","floor":16,"turns":4}],"seed_played":"-6324722851470992266","potions_obtained":[{"floor":0,"key":"AttackPotion"},{"floor":0,"key":"LiquidBronze"},{"floor":0,"key":"Swift Potion"},{"floor":2,"key":"PowerPotion"},{"floor":8,"key":"Fire Potion"},{"floor":13,"key":"SpeedPotion"},{"floor":14,"key":"Dexterity Potion"}],"is_trial":false,"path_per_floor":["M","M","?","$","?","R","$","M","T","?","M","M","M","?","R"],"character_chosen":"DEFECT","items_purchased":["Ball Lightning","Static Discharge"],"campfire_rested":1,"item_purchase_floors":[4,7],"current_hp_per_floor":[75,75,75,75,63,63,63,55,55,55,47,35,19,3,25,0],"gold":204,"neow_bonus":"THREE_SMALL_POTIONS","is_prod":false,"is_daily":false,"chose_seed":false,"campfire_upgraded":1,"win_rate":0,"timestamp":1534676954,"path_taken":["M","M","?","?","?","R","$","M","T","?","M","M","?","?","R","BOSS"],"build_version":"2018-08-16","purchased_purges":0,"victory":false,"max_hp_per_floor":[75,75,75,75,75,75,75,75,75,75,75,75,75,75,75,75],"card_choices":[{"not_picked":["Hello World","Stack"],"picked":"Auto Shields","floor":1},{"not_picked":["Streamline","Barrage"],"picked":"Ball Lightning","floor":2},{"not_picked":["Coolheaded","Compile Driver"],"picked":"Consume","floor":8},{"not_picked":["Stack","Sweeping Beam"],"picked":"Core Surge","floor":11},{"not_picked":["Reinforced Body","Compile Driver"],"picked":"Redo","floor":12},{"not_picked":["Steam","Skim"],"picked":"Lockon","floor":13},{"not_picked":["Static Discharge","FTL"],"picked":"Loop","floor":14}],"player_experience":219663,"relics_obtained":[{"floor":9,"key":"Ancient Tea Set"},{"floor":14,"key":"Bag of Marbles"}],"event_choices":[{"event_name":"FaceTrader","player_choice":"Trade","floor":3,"damage_taken":0},{"event_name":"Scrap Ooze","player_choice":"success","floor":5,"damage_taken":12},{"event_name":"Golden Idol","player_choice":"Take Wound","floor":10,"damage_taken":0},{"event_name":"Dead Adventurer","player_choice":"Searched \u00272\u0027 times","floor":14,"damage_taken":0}],"is_beta":false,"boss_relics":[],"items_purged_floors":[],"is_endless":false,"potions_floor_spawned":[2,8,13,14],"killed_by":"Hexaghost","ascension_level":3}