{"gold_per_floor":[114,114,75,75,89,123,123,151,151,151,169,169,198,212,212,284,284,301,301,70,101,101,135,151,183,209,238,256,256,256,270,270,344,344,357,357,194,214,224,224,255,255,325,345,364,364,376,598,598,598,598,598,598,79,105,105],"floor_reached":56,"playtime":5262,"items_purged":["Parasite"],"score":1981,"play_id":"8ce80ab8-7a43-4a88-9d4f-5757b963dda3","local_time":"20190817220239","is_ascension_mode":true,"campfire_choices":[{"floor":7.0,"key":"REST"},{"floor":10.0,"key":"REST"},{"data":"Beam Cell","floor":15.0,"key":"SMITH"},{"floor":30.0,"key":"REST"},{"floor":32.0,"key":"REST"},{"data":"Seek","floor":40.0,"key":"SMITH"},{"data":"Loop","floor":42.0,"key":"SMITH"},{"floor":49.0,"key":"RECALL"},{"floor":53.0,"key":"REST"}],"neow_cost":"NONE","seed_source_timestamp":2402806990700,"circlet_count":0,"master_deck":["AscendersBane","Strike_B+1","Strike_B+1","Strike_B+1","Strike_B+1","Defend_B+1","Defend_B+1","Defend_B+1","Defend_B+1","Zap","Dualcast","Compile Driver","Doom and Gloom+1","Streamline+1","Leap","Tempest","Self Repair","Reinforced Body+1","Beam Cell+1","Seek+1","Defragment+1","Undo","Loop+1","Steam+1","Hologram","Reinforced Body+1","Turbo+1","Stack","Stack+1","Echo Form","Beam Cell+1","Compile Driver+1","Rebound+1","Echo Form","Force Field+1"],"special_seed":0,"relics":["Velvet Choker","Pantograph","Mercury Hourglass","Cables","Matryoshka","Pear","Black Star","Nilry\u0027s Codex","PreservedInsect","Red Mask","Unceasing Top","Bag of Marbles","Potion Belt","Vajra","Bag of Preparation","Dream Catcher","DataDisk","War Paint","Sozu","Anchor","Strawberry","Regal Pillow","Whetstone","Bottled Tornado","Bronze Scales","Shuriken","Centennial Puzzle","Boot"],"potions_floor_usage":[],"damage_taken":[{"damage":7.0,"enemies":"Jaw Worm","floor":1.0,"turns":3.0},{"damage":1.0,"enemies":"Cultist","floor":5.0,"turns":3.0},{"damage":30.0,"enemies":"Lagavulin","floor":6.0,"turns":7.0},{"damage":6.0,"enemies":"3 Sentries","floor":8.0,"turns":5.0},{"damage":0.0,"enemies":"2 Louse","floor":11.0,"turns":2.0},{"damage":16.0,"enemies":"Lagavulin","floor":13.0,"turns":5.0},{"damage":9.0,"enemies":"2 Fungi Beasts","floor":14.0,"turns":3.0},{"damage":23.0,"enemies":"Hexaghost","floor":16.0,"turns":8.0},{"damage":7.0,"enemies":"Spheric Guardian","floor":18.0,"turns":4.0},{"damage":7.0,"enemies":"Masked Bandits","floor":21.0,"turns":3.0},{"damage":1.0,"enemies":"Slavers","floor":23.0,"turns":4.0},{"damage":3.0,"enemies":"3 Byrds","floor":24.0,"turns":4.0},{"damage":20.0,"enemies":"Gremlin Leader","floor":25.0,"turns":3.0},{"damage":17.0,"enemies":"Slavers","floor":27.0,"turns":4.0},{"damage":6.0,"enemies":"Cultist and Chosen","floor":28.0,"turns":4.0},{"damage":0.0,"enemies":"Centurion and Healer","floor":31.0,"turns":3.0},{"damage":3.0,"enemies":"Champ","floor":33.0,"turns":9.0},{"damage":19.0,"enemies":"3 Darklings","floor":35.0,"turns":3.0},{"damage":1.0,"enemies":"Orb Walker","floor":38.0,"turns":4.0},{"damage":23.0,"enemies":"Spire Growth","floor":39.0,"turns":6.0},{"damage":4.0,"enemies":"Nemesis","floor":41.0,"turns":7.0},{"damage":12.0,"enemies":"Maw","floor":44.0,"turns":7.0},{"damage":6.0,"enemies":"Writhing Mass","floor":45.0,"turns":6.0},{"damage":3.0,"enemies":"3 Darklings","floor":47.0,"turns":3.0},{"damage":21.0,"enemies":"Donu and Deca","floor":50.0,"turns":8.0},{"damage":49.0,"enemies":"Awakened One","floor":51.0,"turns":12.0},{"damage":56.0,"enemies":"Shield and Spear","floor":55.0,"turns":6.0},{"damage":68,"enemies":"The Heart","floor":56,"turns":3}],"seed_played":"-7098638532420234148","potions_obtained":[{"floor":5.0,"key":"Fire Potion"},{"floor":8.0,"key":"Fire Potion"},{"floor":24.0,"key":"Energy Potion"},{"floor":25.0,"key":"Weak Potion"},{"floor":27.0,"key":"FearPotion"},{"floor":28.0,"key":"Swift Potion"}],"is_trial":false,"path_per_floor":["M","?","$","T","M","E","R","E","T","R","M","$","E","M","R","B",null,"M","?","$","?","?","E","M","E","T","E","M","?","R","M","R","B",null,"M","?","$","M","M","R","E","R","T","M","M","T","M","?","R","B","B",null,"R","$","E","B"],"character_chosen":"DEFECT","items_purchased":["Doom and Gloom","PreservedInsect","Undo","Anchor","Bronze Scales","Shuriken"],"campfire_rested":5,"item_purchase_floors":[3,20,20,37,54,54],"current_hp_per_floor":[57,47,47,47,46,16,37,31,31,52,52,52,53,51,51,53,74,74,53,53,53,53,59,56,36,36,19,20,20,44,44,68,81,81,62,62,62,75,66,66,76,76,76,71,72,72,83,83,83,74,53,79,88,85,43,0],"gold":105,"neow_bonus":"BOSS_RELIC","is_prod":false,"is_daily":false,"chose_seed":false,"campfire_upgraded":3,"win_rate":0,"timestamp":1566093759,"path_taken":["M","?","?","?","M","E","R","E","T","R","M","$","E","M","R","BOSS","M","?","$","?","?","E","M","E","T","E","?","?","R","M","R","BOSS","M","?","$","M","M","R","E","R","T","M","M","?","M","?","R","BOSS","BOSS","R","$","E","BOSS"],"build_version":"2019-07-17","purchased_purges":1,"victory":false,"max_hp_per_floor":[71,71,71,71,71,71,71,71,71,71,71,71,81,81,81,81,81,81,81,81,81,81,81,81,81,81,81,81,81,81,81,81,81,81,81,81,81,81,81,81,88,88,88,88,88,88,88,88,88,88,88,88,88,85,85,85],"card_choices":[{"not_picked":["Redo","Leap"],"picked":"Compile Driver","floor":1.0},{"not_picked":["Hello World","Coolheaded"],"picked":"Streamline","floor":5.0},{"not_picked":["Gash","Turbo"],"picked":"Leap","floor":6.0},{"not_picked":["Hello World","Steam"],"picked":"Tempest","floor":8.0},{"not_picked":["Steam","Redo"],"picked":"Self Repair","floor":11.0},{"not_picked":["Lockon","Darkness"],"picked":"Reinforced Body","floor":13.0},{"not_picked":["Steam","Rebound"],"picked":"Beam Cell","floor":14.0},{"not_picked":["Reboot","Rainbow"],"picked":"Seek","floor":16.0},{"not_picked":["Ball Lightning+1","Reinforced Body"],"picked":"Defragment+1","floor":18.0},{"not_picked":["Lockon","Double Energy"],"picked":"Steam","floor":21.0},{"not_picked":["Compile Driver","Heatsinks"],"picked":"Loop","floor":23.0},{"not_picked":["Melter","Rebound"],"picked":"Steam+1","floor":24.0},{"not_picked":["Blizzard","Reprogram+1"],"picked":"Hologram","floor":25.0},{"not_picked":["Scrape","Gash"],"picked":"Reinforced Body","floor":27.0},{"not_picked":["Compile Driver","Steam","Heatsinks"],"picked":"SKIP","floor":28.0},{"not_picked":["Self Repair","Gash"],"picked":"Turbo+1","floor":30.0},{"not_picked":["Rebound","Rip and Tear"],"picked":"Stack","floor":31.0},{"not_picked":["Ball Lightning","Gash"],"picked":"Stack+1","floor":32.0},{"not_picked":["Creative AI","Rainbow"],"picked":"Echo Form","floor":33.0},{"not_picked":["Sunder","Rebound"],"picked":"Beam Cell+1","floor":35.0},{"not_picked":["Beam Cell","Streamline"],"picked":"Compile Driver+1","floor":38.0},{"not_picked":["Conserve Battery","Go for the Eyes","Aggregate"],"picked":"SKIP","floor":39.0},{"not_picked":["Force Field","Doom and Gloom","Go for the Eyes"],"picked":"SKIP","floor":41.0},{"not_picked":["Capacitor","Streamline"],"picked":"Rebound+1","floor":44.0},{"not_picked":["Beam Cell","Loop","Rebound+1"],"picked":"SKIP","floor":45.0},{"not_picked":["Coolheaded","Steam"],"picked":"Echo Form","floor":47.0},{"not_picked":["Steam Power+1","Double Energy"],"picked":"Force Field+1","floor":53.0},{"not_picked":["Go for the Eyes","Beam Cell","Coolheaded"],"picked":"SKIP","floor":55.0}],"player_experience":411349,"relics_obtained":[{"floor":4.0,"key":"Pantograph"},{"floor":6.0,"key":"Mercury Hourglass"},{"floor":8.0,"key":"Cables"},{"floor":9.0,"key":"Matryoshka"},{"floor":13.0,"key":"Pear"},{"floor":19.0,"key":"Nilry\u0027s Codex"},{"floor":21.0,"key":"Red Mask"},{"floor":23.0,"key":"Unceasing Top"},{"floor":23.0,"key":"Bag of Marbles"},{"floor":25.0,"key":"Potion Belt"},{"floor":25.0,"key":"Vajra"},{"floor":26.0,"key":"Bag of Preparation"},{"floor":26.0,"key":"Dream Catcher"},{"floor":27.0,"key":"DataDisk"},{"floor":27.0,"key":"War Paint"},{"floor":41.0,"key":"Strawberry"},{"floor":41.0,"key":"Regal Pillow"},{"floor":43.0,"key":"Whetstone"},{"floor":46.0,"key":"Bottled Tornado"},{"floor":55.0,"key":"Centennial Puzzle"},{"floor":55.0,"key":"Boot"}],"event_choices":[{"damage_healed":0.0,"max_hp_gain":0.0,"max_hp_loss":0.0,"gold_gain":0.0,"event_name":"Wheel of Change","player_choice":"Damaged","floor":2.0,"gold_loss":0.0,"damage_taken":10.0},{"damage_healed":0.0,"max_hp_gain":0.0,"max_hp_loss":0.0,"gold_gain":0.0,"event_name":"Cursed Tome","player_choice":"Obtained Book","floor":19.0,"gold_loss":0.0,"damage_taken":21.0},{"damage_healed":0.0,"max_hp_gain":0.0,"max_hp_loss":0.0,"gold_gain":0.0,"event_name":"Masked Bandits","player_choice":"Fought Bandits","floor":21.0,"gold_loss":0.0,"damage_taken":0.0},{"damage_healed":0.0,"max_hp_gain":0.0,"max_hp_loss":0.0,"gold_gain":0.0,"event_name":"Back to Basics","player_choice":"Simplicity","floor":22.0,"gold_loss":0.0,"damage_taken":0.0,"cards_upgraded":["Strike_B","Strike_B","Strike_B","Strike_B","Defend_B","Defend_B","Defend_B","Defend_B"]},{"damage_healed":0.0,"max_hp_gain":0.0,"max_hp_loss":0.0,"gold_gain":0.0,"event_name":"Beggar","player_choice":"Ignored","floor":29.0,"gold_loss":0.0,"damage_taken":0.0},{"cards_removed":["Steam"],"damage_healed":0.0,"max_hp_gain":0.0,"max_hp_loss":0.0,"gold_gain":0.0,"event_name":"Falling","player_choice":"Removed Skill","floor":36.0,"gold_loss":0.0,"damage_taken":0.0},{"damage_healed":0.0,"max_hp_gain":0.0,"max_hp_loss":0.0,"gold_gain":222.0,"event_name":"Tomb of Lord Red Mask","player_choice":"Wore Mask","floor":48.0,"gold_loss":0.0,"damage_taken":0.0}],"is_beta":false,"boss_relics":[{"not_picked":["Snecko Eye","Runic Dome"],"picked":"Black Star"},{"not_picked":["Lizard Tail","Philosopher\u0027s Stone"],"picked":"Sozu"}],"items_purged_floors":[54],"is_endless":false,"potions_floor_spawned":[5,8,13,14,24,25,27,28,39,44,47],"killed_by":"The Heart","ascension_level":20}