{"gold_per_floor":[109,109,28,41,59,59,75,75,125,125,151,163,193,237,249,361,373,405,817,829,854,866,896,908,935,947,975,987,77,107,107,107,203,203,218,318,332,377,377,409,409,438,462,492,503,503,43,43,43,43,43,43,43,69,69],"floor_reached":56,"playtime":9111,"items_purged":["Strike_B","Strike_B"],"score":1410,"play_id":"6ba9dc6f-27fa-4baf-a9be-6177868fe968","local_time":"20190617003346","is_ascension_mode":true,"campfire_choices":[{"data":"Genetic Algorithm","floor":6,"key":"SMITH"},{"data":"Genetic Algorithm","floor":8,"key":"SMITH"},{"data":"Tempest","floor":10,"key":"SMITH"},{"data":"Buffer","floor":15,"key":"SMITH"},{"floor":24,"key":"RECALL"},{"floor":28,"key":"DIG"},{"floor":32,"key":"REST"},{"data":"Defend_B","floor":41,"key":"PURGE"},{"floor":46,"key":"DIG"},{"floor":49,"key":"DIG"},{"data":"Defend_B","floor":52,"key":"PURGE"}],"neow_cost":"NONE","seed_source_timestamp":2229705393105,"circlet_count":0,"master_deck":["Strike_B","Defend_B","Zap","Dualcast","Genetic Algorithm+1","Static Discharge","Double Energy","Hello World","Tempest+1","Genetic Algorithm+1","Hologram","Rebound","Buffer+1","All For One","Tempest","Gash","Streamline+1","FTL","Chill","Redo+1","Go for the Eyes","Reboot","Transmutation","FTL","All For One","Go for the Eyes+1","Stack","Chaos+1","Hologram+1","Gash","Turbo+1","Reboot","FTL+1","Hello World+1","Compile Driver+1"],"relics":["Cracked Core","Bronze Scales","MawBank","Mango","Fusion Hammer","Old Coin","Meat on the Bone","Shovel","Kunai","Pen Nib","TheAbacus","Regal Pillow","Mummified Hand","Nuclear Battery","Peace Pipe","Pocketwatch","Prayer Wheel","Anchor","Dream Catcher","Potion Belt","Happy Flower","Toy Ornithopter","Lantern","Centennial Puzzle","Sundial"],"potions_floor_usage":[16,16,50,55,55],"damage_taken":[{"damage":0,"enemies":"Cultist","floor":1,"turns":4},{"damage":4,"enemies":"Small Slimes","floor":4,"turns":3},{"damage":8,"enemies":"Jaw Worm","floor":5,"turns":3},{"damage":9,"enemies":"Blue Slaver","floor":7,"turns":4},{"damage":20,"enemies":"Lagavulin","floor":11,"turns":5},{"damage":0,"enemies":"Large Slime","floor":13,"turns":5},{"damage":10,"enemies":"Gremlin Nob","floor":14,"turns":4},{"damage":43,"enemies":"The Guardian","floor":16,"turns":10},{"damage":3,"enemies":"3 Byrds","floor":18,"turns":2},{"damage":35,"enemies":"Colosseum Slavers","floor":19,"turns":4},{"damage":22,"enemies":"Colosseum Nobs","floor":19,"turns":4},{"damage":0,"enemies":"Spheric Guardian","floor":21,"turns":4},{"damage":18,"enemies":"Chosen and Byrds","floor":23,"turns":5},{"damage":1,"enemies":"Snecko","floor":25,"turns":5},{"damage":0,"enemies":"Centurion and Healer","floor":27,"turns":5},{"damage":15,"enemies":"Gremlin Leader","floor":30,"turns":7},{"damage":20,"enemies":"Champ","floor":33,"turns":11},{"damage":7,"enemies":"3 Shapes","floor":35,"turns":3},{"damage":0,"enemies":"Mind Bloom Boss Battle","floor":36,"turns":3},{"damage":6,"enemies":"Orb Walker","floor":37,"turns":3},{"damage":20,"enemies":"2 Orb Walkers","floor":38,"turns":5},{"damage":0,"enemies":"Nemesis","floor":40,"turns":5},{"damage":8,"enemies":"Reptomancer","floor":42,"turns":5},{"damage":0,"enemies":"Nemesis","floor":44,"turns":3},{"damage":7,"enemies":"4 Shapes","floor":45,"turns":5},{"damage":38,"enemies":"Donu and Deca","floor":50,"turns":8},{"damage":28,"enemies":"Shield and Spear","floor":54,"turns":5},{"damage":75,"enemies":"The Heart","floor":55,"turns":9}],"seed_played":"-5118208365201889709","potions_obtained":[{"floor":1,"key":"Dexterity Potion"},{"floor":7,"key":"PowerPotion"},{"floor":11,"key":"Strength Potion"},{"floor":13,"key":"Swift Potion"},{"floor":16,"key":"GamblersBrew"},{"floor":18,"key":"EssenceOfSteel"},{"floor":21,"key":"PowerPotion"},{"floor":27,"key":"Poison Potion"}],"is_trial":false,"path_per_floor":["M","?","$","M","M","R","M","R","T","R","E","?","M","E","R","B",null,"M","?","?","M","?","M","R","M","T","M","R","$","E","?","R","B",null,"M","?","M","?","?","E","R","E","T","E","M","R","$","T","R","B",null,"R","$","E","B",null],"character_chosen":"DEFECT","items_purchased":["Double Energy","Reboot","Transmutation","Pen Nib","TheAbacus","Regal Pillow","Happy Flower","Toy Ornithopter"],"campfire_rested":1,"item_purchase_floors":[3,29,29,29,29,29,47,47],"current_hp_per_floor":[82,82,82,78,70,70,61,61,61,61,41,41,41,45,45,2,96,93,36,36,48,48,42,42,53,53,53,53,53,50,31,76,56,101,94,94,88,68,101,101,101,93,93,93,86,86,86,86,86,53,101,101,101,73,20],"gold":69,"neow_bonus":"TEN_PERCENT_HP_BONUS","is_prod":false,"is_daily":false,"chose_seed":false,"campfire_upgraded":4,"win_rate":0,"timestamp":1560746026,"path_taken":["M","?","$","?","M","R","M","R","T","R","E","?","?","E","R","BOSS","M","?","?","M","?","M","R","M","T","?","R","$","E","?","R","BOSS","M","?","M","?","?","E","R","E","T","E","?","R","$","?","R","BOSS","R","$","E","BOSS"],"build_version":"2019-01-23","purchased_purges":2,"victory":true,"max_hp_per_floor":[82,82,82,82,82,82,82,82,82,82,82,82,82,96,96,96,96,96,96,96,96,96,96,96,96,96,96,96,96,96,101,101,101,101,101,101,101,101,101,101,101,101,101,101,101,101,101,101,101,101,101,101,101,101,101],"card_choices":[{"not_picked":["Aggregate","Hologram"],"picked":"Genetic Algorithm","floor":1},{"not_picked":["Cold Snap","Darkness"],"picked":"Hello World","floor":4},{"not_picked":["Leap","Steam"],"picked":"Tempest","floor":5},{"not_picked":["Blizzard","Hello World"],"picked":"Genetic Algorithm","floor":7},{"not_picked":["Heatsinks","Stack"],"picked":"Hologram","floor":11},{"not_picked":["Coolheaded","Leap"],"picked":"Rebound","floor":13},{"not_picked":["Streamline","Barrage"],"picked":"Buffer","floor":14},{"not_picked":["Meteor Strike","Machine Learning"],"picked":"All For One","floor":16},{"not_picked":["Lockon","Consume"],"picked":"Tempest","floor":18},{"not_picked":["Force Field","Cold Snap"],"picked":"Gash","floor":19},{"not_picked":["Redo","Gash"],"picked":"Streamline+1","floor":21},{"not_picked":["White Noise","Gash"],"picked":"Chill","floor":23},{"not_picked":["Sweeping Beam+1","Steam"],"picked":"Redo+1","floor":25},{"not_picked":["Static Discharge+1","Glacier"],"picked":"Go for the Eyes","floor":27},{"not_picked":["Capacitor","Blizzard"],"picked":"FTL","floor":30},{"not_picked":["Echo Form","Reboot"],"picked":"All For One","floor":33},{"not_picked":["Conserve Battery","Tempest"],"picked":"Go for the Eyes+1","floor":35},{"not_picked":["Cold Snap+1","Darkness+1"],"picked":"Stack","floor":36},{"not_picked":["Tempest+1","Undo"],"picked":"Chaos+1","floor":37},{"not_picked":["Stack+1","Sweeping Beam"],"picked":"Hologram+1","floor":38},{"not_picked":["Melter","Barrage+1"],"picked":"Gash","floor":40},{"not_picked":["Reprogram+1","Gash+1"],"picked":"Turbo+1","floor":42},{"not_picked":["Rebound","Chaos"],"picked":"Reboot","floor":44},{"not_picked":["Coolheaded+1","Cold Snap"],"picked":"FTL+1","floor":45},{"not_picked":["Go for the Eyes","Redo"],"picked":"Hello World+1","floor":45},{"not_picked":["Melter","White Noise"],"picked":"Compile Driver+1","floor":54}],"player_experience":46568,"relics_obtained":[{"floor":9,"key":"Bronze Scales"},{"floor":11,"key":"MawBank"},{"floor":14,"key":"Mango"},{"floor":19,"key":"Old Coin"},{"floor":19,"key":"Meat on the Bone"},{"floor":26,"key":"Shovel"},{"floor":28,"key":"Kunai"},{"floor":30,"key":"Mummified Hand"},{"floor":36,"key":"Peace Pipe"},{"floor":38,"key":"Pocketwatch"},{"floor":40,"key":"Prayer Wheel"},{"floor":42,"key":"Anchor"},{"floor":44,"key":"Dream Catcher"},{"floor":46,"key":"Potion Belt"},{"floor":48,"key":"Lantern"},{"floor":49,"key":"Centennial Puzzle"},{"floor":54,"key":"Sundial"}],"event_choices":[{"damage_healed":0,"gold_gain":0,"cards_transformed":["Defend_B"],"player_choice":"Transformed","damage_taken":0,"max_hp_gain":0,"max_hp_loss":0,"event_name":"Transmorgrifier","floor":2,"gold_loss":0,"cards_obtained":["Static Discharge"]},{"cards_removed":["Strike_B"],"damage_healed":0,"gold_gain":0,"player_choice":"Offered Basic","damage_taken":0,"max_hp_gain":0,"max_hp_loss":0,"event_name":"Bonfire Elementals","floor":12,"gold_loss":0},{"damage_healed":0,"gold_gain":0,"player_choice":"Fight","damage_taken":0,"max_hp_gain":0,"max_hp_loss":0,"event_name":"Colosseum","floor":19,"gold_loss":0},{"damage_healed":0,"gold_gain":0,"player_choice":"Fought Nobs","damage_taken":0,"max_hp_gain":0,"max_hp_loss":0,"event_name":"Colosseum","floor":19,"gold_loss":0},{"damage_healed":0,"gold_gain":0,"player_choice":"Ignored","damage_taken":0,"max_hp_gain":0,"max_hp_loss":0,"event_name":"Ghosts","floor":20,"gold_loss":0},{"damage_healed":0,"gold_gain":0,"player_choice":"Read","damage_taken":0,"max_hp_gain":0,"max_hp_loss":0,"event_name":"The Library","floor":22,"gold_loss":0,"cards_obtained":["FTL"]},{"damage_healed":0,"gold_gain":0,"player_choice":"Shed Blood","damage_taken":24,"max_hp_gain":5,"max_hp_loss":0,"event_name":"Forgotten Altar","floor":31,"gold_loss":0},{"damage_healed":0,"gold_gain":0,"player_choice":"Fight","damage_taken":0,"max_hp_gain":0,"max_hp_loss":0,"event_name":"MindBloom","floor":36,"gold_loss":0},{"damage_healed":0,"gold_gain":0,"player_choice":"Fight","damage_taken":0,"max_hp_gain":0,"max_hp_loss":0,"event_name":"Mysterious Sphere","floor":38,"gold_loss":0},{"damage_healed":33,"gold_gain":0,"player_choice":"Full Heal","damage_taken":0,"max_hp_gain":0,"max_hp_loss":0,"event_name":"Wheel of Change","floor":39,"gold_loss":0}],"is_beta":false,"boss_relics":[{"not_picked":["Orrery","Runic Dome"],"picked":"Fusion Hammer"},{"not_picked":["Busted Crown","Tiny House"],"picked":"Nuclear Battery"}],"items_purged_floors":[29,47],"is_endless":false,"potions_floor_spawned":[1,7,11,13,16,18,19,21,27,33,36,38,44],"ascension_level":1}