{"gold_per_floor":[117,132,150,150,167,192,210,221,298,326,326,339,339,6,6,105,105,121,121,139,150,167,167],"floor_reached":23,"playtime":2222,"items_purged":[],"score":290,"play_id":"75c67aad-371d-46f4-8b58-aa0e697638f6","local_time":"20190710211339","is_ascension_mode":true,"campfire_choices":[{"floor":11,"key":"REST"},{"data":"Chaos","floor":13,"key":"SMITH"},{"data":"Hologram","floor":15,"key":"SMITH"}],"neow_cost":"NONE","seed_source_timestamp":12598259528124,"circlet_count":0,"master_deck":["Strike_B","Strike_B","Strike_B","Defend_B","Defend_B","Defend_B","Defend_B","Zap+1","Dualcast","Ball Lightning","Hologram+1","Scrape","Chill","Chaos+1","Multi-Cast","Tempest","BootSequence","Go for the Eyes","Biased Cognition","Violence","Fission","Redo","Stack+1","Defragment+1","Scrape"],"relics":["Philosopher\u0027s Stone","Lantern","Mercury Hourglass","Pen Nib","White Beast Statue"],"potions_floor_usage":[10,16,18,18,20,20,21,23],"damage_taken":[{"damage":11,"enemies":"Small Slimes","floor":1,"turns":3},{"damage":2,"enemies":"Cultist","floor":2,"turns":3},{"damage":2,"enemies":"2 Louse","floor":3,"turns":3},{"damage":11,"enemies":"2 Fungi Beasts","floor":5,"turns":3},{"damage":11,"enemies":"3 Sentries","floor":6,"turns":7},{"damage":9,"enemies":"Blue Slaver","floor":7,"turns":2},{"damage":0,"enemies":"Looter","floor":8,"turns":3},{"damage":14,"enemies":"Lagavulin","floor":10,"turns":5},{"damage":0,"enemies":"2 Fungi Beasts","floor":12,"turns":2},{"damage":2,"enemies":"The Guardian","floor":16,"turns":6},{"damage":0,"enemies":"Chosen","floor":18,"turns":4},{"damage":0,"enemies":"Shell Parasite","floor":20,"turns":2},{"damage":12,"enemies":"Centurion and Healer","floor":21,"turns":5},{"damage":33,"enemies":"Snake Plant","floor":22,"turns":5},{"damage":27,"enemies":"Slavers","floor":23,"turns":3}],"seed_played":"2264327703779541302","potions_obtained":[{"floor":5,"key":"SpeedPotion"},{"floor":6,"key":"LiquidBronze"},{"floor":7,"key":"EntropicBrew"},{"floor":10,"key":"SpeedPotion"},{"floor":20,"key":"FocusPotion"},{"floor":21,"key":"FearPotion"},{"floor":22,"key":"Energy Potion"}],"is_trial":false,"path_per_floor":["M","M","M","?","M","E","M","M","T","E","R","M","R","$","R","B",null,"M","?","M","M","M","E"],"character_chosen":"DEFECT","items_purchased":["Biased Cognition","Violence"],"campfire_rested":1,"item_purchase_floors":[14,14],"current_hp_per_floor":[57,55,53,53,42,31,22,22,22,8,30,30,30,30,30,28,63,63,63,63,51,18,0],"gold":167,"neow_bonus":"BOSS_RELIC","is_prod":false,"is_daily":false,"chose_seed":false,"campfire_upgraded":2,"win_rate":0,"timestamp":1562807619,"path_taken":["M","M","M","?","M","E","M","M","T","E","R","?","R","$","R","BOSS","M","?","M","?","M","E"],"build_version":"2019-07-05","purchased_purges":0,"victory":false,"max_hp_per_floor":[75,75,75,75,75,75,75,75,75,75,75,75,75,75,75,75,75,75,75,75,75,75,75],"card_choices":[{"not_picked":["Barrage","Steam"],"picked":"Ball Lightning","floor":1},{"not_picked":["Ball Lightning","Rebound"],"picked":"Hologram","floor":2},{"not_picked":["Leap","Conserve Battery"],"picked":"Scrape","floor":3},{"not_picked":["Beam Cell","Streamline"],"picked":"Chill","floor":5},{"not_picked":["Rebound","Barrage"],"picked":"Chaos","floor":6},{"not_picked":["Tempest","Streamline"],"picked":"Multi-Cast","floor":7},{"not_picked":["Steam","Sweeping Beam"],"picked":"Tempest","floor":8},{"not_picked":["Conserve Battery","Coolheaded"],"picked":"BootSequence","floor":10},{"not_picked":["Aggregate","Reprogram"],"picked":"Go for the Eyes","floor":12},{"not_picked":["Creative AI","Multi-Cast"],"picked":"Fission","floor":16},{"not_picked":["Beam Cell","Loop"],"picked":"Redo","floor":18},{"not_picked":["Doom and Gloom","Reprogram"],"picked":"Stack+1","floor":20},{"not_picked":["Steam","Heatsinks+1"],"picked":"Defragment+1","floor":21},{"not_picked":["Gash+1","Force Field"],"picked":"Scrape","floor":22}],"player_experience":196926,"relics_obtained":[{"floor":6,"key":"Lantern"},{"floor":9,"key":"Mercury Hourglass"},{"floor":10,"key":"Pen Nib"}],"event_choices":[{"damage_healed":0,"gold_gain":0,"player_choice":"Upgraded","damage_taken":0,"max_hp_gain":0,"max_hp_loss":0,"event_name":"Upgrade Shrine","floor":4,"gold_loss":0,"cards_upgraded":["Zap"]},{"cards_removed":["Strike_B"],"damage_healed":0,"gold_gain":0,"player_choice":"Offered Basic","damage_taken":0,"max_hp_gain":0,"max_hp_loss":0,"event_name":"Bonfire Elementals","floor":19,"gold_loss":0}],"is_beta":false,"boss_relics":[{"not_picked":["Runic Dome","Snecko Eye"],"picked":"White Beast Statue"}],"items_purged_floors":[],"is_endless":false,"potions_floor_spawned":[5,6,7,10,12,18,20,21,22],"killed_by":"Slavers","ascension_level":8}