{"gold_per_floor":[114,124,55,70,70,100,112,112,189,205,205,238,256,256,256,256],"floor_reached":16,"playtime":658,"items_purged":[],"score":129,"play_id":"6c0b7be4-efad-4922-b1a4-48f25c421ea4","local_time":"20181106222722","is_ascension_mode":true,"campfire_choices":[{"data":"Setup","floor":8,"key":"SMITH"},{"floor":11,"key":"REST"},{"floor":15,"key":"REST"}],"neow_cost":"NONE","seed_source_timestamp":270551230041497,"circlet_count":0,"master_deck":["Defend_G+1","Defend_G","Defend_G","Defend_G","Defend_G","Strike_G","Strike_G","Strike_G","Strike_G","Strike_G","Survivor+1","Neutralize","Flying Knee","Deflect","Skewer","Deflect","Backstab","Setup+1","Blade Dance","Blade Dance","Underhanded Strike"],"relics":["Ring of the Snake","NeowsBlessing","Ginger","Ornamental Fan","Omamori","Gambling Chip"],"potions_floor_usage":[6,12,12],"damage_taken":[{"damage":0,"enemies":"Cultist","floor":1,"turns":1},{"damage":0,"enemies":"2 Louse","floor":2,"turns":1},{"damage":0,"enemies":"Jaw Worm","floor":4,"turns":1},{"damage":19,"enemies":"Gremlin Nob","floor":6,"turns":5},{"damage":2,"enemies":"3 Louse","floor":7,"turns":2},{"damage":0,"enemies":"Looter","floor":10,"turns":2},{"damage":21,"enemies":"Lagavulin","floor":12,"turns":6},{"damage":4,"enemies":"Large Slime","floor":13,"turns":7},{"damage":63,"enemies":"Slime Boss","floor":16,"turns":9}],"seed_played":"8166770706969241299","potions_obtained":[{"floor":1,"key":"Energy Potion"},{"floor":6,"key":"Weak Potion"},{"floor":7,"key":"AttackPotion"}],"is_trial":false,"path_per_floor":["M","M","$","M","?","E","M","R","T","M","R","E","M","?","R","B"],"character_chosen":"THE_SILENT","items_purchased":["Skewer"],"campfire_rested":2,"item_purchase_floors":[3],"current_hp_per_floor":[70,70,70,70,56,37,35,35,35,35,56,35,31,31,52,0],"gold":256,"neow_bonus":"THREE_ENEMY_KILL","is_prod":false,"is_daily":false,"chose_seed":false,"campfire_upgraded":1,"win_rate":0,"timestamp":1541539642,"path_taken":["M","?","?","M","?","E","M","R","T","M","R","E","?","?","R","BOSS"],"build_version":"2018-11-01","purchased_purges":0,"victory":false,"max_hp_per_floor":[70,70,70,70,70,70,70,70,70,70,70,70,70,70,70,70],"card_choices":[{"not_picked":["Quick Slash","Bane"],"picked":"Flying Knee","floor":1},{"not_picked":["Bane","PiercingWail"],"picked":"Deflect","floor":2},{"not_picked":["Cloak And Dagger","Underhanded Strike"],"picked":"Deflect","floor":4},{"not_picked":["Deadly Poison","Escape Plan"],"picked":"Backstab","floor":6},{"not_picked":["Infinite Blades","Prepared"],"picked":"Setup","floor":7},{"not_picked":["Dagger Throw","Acrobatics"],"picked":"Blade Dance","floor":10},{"not_picked":["Dodge and Roll","Acrobatics"],"picked":"Blade Dance","floor":12},{"not_picked":["Choke","Backflip"],"picked":"Underhanded Strike","floor":13}],"player_experience":243568,"relics_obtained":[{"floor":6,"key":"Ginger"},{"floor":9,"key":"Ornamental Fan"},{"floor":12,"key":"Omamori"}],"event_choices":[{"damage_healed":0,"gold_gain":0,"player_choice":"Entered Light","damage_taken":14,"max_hp_gain":0,"max_hp_loss":0,"event_name":"Shining Light","floor":5,"gold_loss":0,"cards_upgraded":["Survivor","Defend_G"]},{"damage_healed":0,"gold_gain":0,"player_choice":"Searched \u00271\u0027 times","damage_taken":0,"relics_obtained":["Gambling Chip"],"max_hp_gain":0,"max_hp_loss":0,"event_name":"Dead Adventurer","floor":14,"gold_loss":0}],"is_beta":false,"boss_relics":[],"items_purged_floors":[],"is_endless":false,"potions_floor_spawned":[1,6,7],"killed_by":"Slime Boss","ascension_level":3}