{"gold_per_floor":[114,114,131,131,131,131,164,164,164,183,7,7,20,31,31,129,129,142,40,40,55,67,67,93,105,117,146,158,180,192,236,248,260],"floor_reached":33,"playtime":1972,"items_purged":["Doubt"],"score":314,"play_id":"142aac4d-ab43-4ca7-a81e-9fd269b448d6","local_time":"20180810154519","is_ascension_mode":true,"campfire_choices":[{"data":"Underhanded Strike","floor":6,"key":"SMITH"},{"floor":8,"key":"REST"},{"floor":12,"key":"REST"},{"data":"Apotheosis","floor":15,"key":"SMITH"},{"floor":23,"key":"REST"},{"floor":30,"key":"REST"},{"floor":32,"key":"REST"}],"neow_cost":"NONE","seed_source_timestamp":1207855155649729,"circlet_count":0,"master_deck":["Defend_G","Defend_G","Defend_G","Defend_G","Defend_G","Strike_G","Strike_G","Strike_G","Strike_G+1","Strike_G","Survivor","Neutralize+1","Underhanded Strike+1","Dagger Throw+1","PiercingWail","Noxious Fumes","Finisher","Apotheosis+1","Caltrops","Dagger Throw","Venomology","Pain","Writhe","Underhanded Strike","Prepared","Calculated Gamble","Footwork","Slice","Slice+1","Deflect"],"relics":["Ring of the Snake","Art of War","Gremlin Horn","Calling Bell","Mercury Hourglass","Snake Skull","Girya","Nilry\u0027s Codex","MawBank","Oddly Smooth Stone","Blood Vial","Meat on the Bone","Regal Pillow"],"potions_floor_usage":[16,18,18,21,22,22,24,29,29,31,33],"damage_taken":[{"damage":0,"enemies":"2 Louse","floor":1,"turns":2},{"damage":0,"enemies":"Jaw Worm","floor":3,"turns":3},{"damage":43,"enemies":"3 Sentries","floor":7,"turns":10},{"damage":0,"enemies":"Cultist","floor":10,"turns":3},{"damage":6,"enemies":"Blue Slaver","floor":13,"turns":4},{"damage":0,"enemies":"Exordium Wildlife","floor":14,"turns":1},{"damage":22,"enemies":"Hexaghost","floor":16,"turns":8},{"damage":2,"enemies":"Chosen","floor":18,"turns":6},{"damage":21,"enemies":"3 Byrds","floor":21,"turns":4},{"damage":14,"enemies":"Cultist and Chosen","floor":22,"turns":3},{"damage":26,"enemies":"Book of Stabbing","floor":24,"turns":5},{"damage":0,"enemies":"Snecko","floor":27,"turns":5},{"damage":4,"enemies":"3 Cultists","floor":29,"turns":4},{"damage":37,"enemies":"Slavers","floor":31,"turns":7},{"damage":66,"enemies":"Champ","floor":33,"turns":11}],"seed_played":"4347011397251973322","potions_obtained":[{"floor":10,"key":"Swift Potion"},{"floor":16,"key":"Swift Potion"},{"floor":21,"key":"GhostInAJar"},{"floor":27,"key":"Poison Potion"}],"is_trial":false,"path_per_floor":["M","?","M","?","?","R","E","R","T","M","$","R","M","M","R","B",null,"M","$","?","M","M","R","E","?","T","M","T","M","R","E","R"],"character_chosen":"THE_SILENT","items_purchased":["Apotheosis","Prepared"],"campfire_rested":5,"item_purchase_floors":[11,19],"current_hp_per_floor":[70,70,70,56,56,56,13,34,34,34,34,55,49,49,49,27,70,68,68,52,31,17,38,12,12,12,14,14,24,45,22,58,0],"gold":260,"neow_bonus":"THREE_CARDS","is_prod":false,"is_daily":false,"chose_seed":false,"campfire_upgraded":2,"win_rate":0,"timestamp":1533908719,"path_taken":["M","?","?","?","?","R","E","R","T","M","$","R","M","M","R","BOSS","M","$","?","M","M","R","E","?","T","M","?","M","R","E","R","BOSS"],"build_version":"2018-08-09","purchased_purges":1,"victory":false,"max_hp_per_floor":[70,70,70,70,70,70,70,70,70,70,70,70,70,70,70,70,70,70,70,70,70,70,70,70,70,70,70,70,70,70,70,70,70],"card_choices":[{"not_picked":["Tactician","Flying Knee"],"picked":"Underhanded Strike","floor":0},{"not_picked":["Sucker Punch","Bane"],"picked":"Dagger Throw","floor":1},{"not_picked":["Bouncing Flask","Acrobatics"],"picked":"PiercingWail","floor":3},{"not_picked":["Burst","Blade Dance"],"picked":"Noxious Fumes","floor":7},{"not_picked":["Poisoned Stab","Blade Dance"],"picked":"Finisher","floor":10},{"not_picked":["Expertise","Outmaneuver"],"picked":"Caltrops","floor":13},{"not_picked":["Dagger Spray","Masterful Stab"],"picked":"Dagger Throw","floor":14},{"not_picked":["Grand Finale","Tools of the Trade"],"picked":"Venomology","floor":16},{"not_picked":["Dagger Spray","Bane"],"picked":"Underhanded Strike","floor":18},{"not_picked":["Bullet Time","Heel Hook"],"picked":"Calculated Gamble","floor":21},{"not_picked":["PiercingWail","Acrobatics+1","Tactician"],"picked":"SKIP","floor":22},{"not_picked":["Endless Agony+1","Acrobatics+1"],"picked":"Footwork","floor":24},{"not_picked":["Accuracy+1","PiercingWail"],"picked":"Slice","floor":27},{"not_picked":["Backflip","Cloak And Dagger"],"picked":"Slice+1","floor":29},{"not_picked":["Reflex","Endless Agony"],"picked":"Deflect","floor":31}],"player_experience":198628,"relics_obtained":[{"floor":7,"key":"Art of War"},{"floor":9,"key":"Gremlin Horn"},{"floor":17,"key":"Mercury Hourglass"},{"floor":17,"key":"Snake Skull"},{"floor":17,"key":"Girya"},{"floor":20,"key":"Nilry\u0027s Codex"},{"floor":24,"key":"MawBank"},{"floor":26,"key":"Blood Vial"},{"floor":28,"key":"Meat on the Bone"},{"floor":31,"key":"Regal Pillow"}],"event_choices":[{"event_name":"The Cleric","player_choice":"Leave","floor":2,"damage_taken":0},{"event_name":"Shining Light","player_choice":"Entered Light","floor":4,"damage_taken":0},{"event_name":"Living Wall","player_choice":"Grow","floor":5,"damage_taken":0},{"event_name":"Cursed Tome","player_choice":"Obtained Book","floor":20,"damage_taken":0},{"event_name":"The Mausoleum","player_choice":"Yes","floor":25,"damage_taken":0}],"is_beta":false,"boss_relics":[{"not_picked":["Sozu","Snecko Eye"],"picked":"Calling Bell"}],"items_purged_floors":[19],"is_endless":false,"potions_floor_spawned":[10,16,21,27],"killed_by":"Champ","ascension_level":2}