{"gold_per_floor":[113,288,67,77,9,9,20,20,46,64,74,74,74,101,101,198,198,215,21,120,120,120,155,155,155,155,155,167,167,180,205,205,205],"floor_reached":33,"playtime":1336,"items_purged":["Doubt"],"score":337,"play_id":"60e67dd6-dc3e-40ab-8ad1-afcf3fa63438","local_time":"20181120002429","is_ascension_mode":true,"campfire_choices":[{"data":"Noxious Fumes","floor":6,"key":"SMITH"},{"floor":13,"key":"REST"},{"floor":15,"key":"REST"},{"data":"Footwork","floor":25,"key":"SMITH"},{"floor":27,"key":"REST"},{"floor":29,"key":"REST"},{"floor":32,"key":"REST"}],"neow_cost":"NONE","seed_source_timestamp":172820037752068,"circlet_count":0,"master_deck":["Survivor","Neutralize","Cloak And Dagger","Calculated Gamble","Noxious Fumes+1","Crippling Poison","Crippling Poison","Blade Dance","Prepared","Phantasmal Killer","Backflip","Deadly Poison","Dodge and Roll","Sucker Punch","Deadly Poison","Poisoned Stab","Slice","Flying Knee","Poisoned Stab","Bane","Shame","Footwork+1","Pain","Bane+1","Flying Knee+1","Heel Hook+1","All Out Attack+1","Slice+1","Catalyst"],"relics":["Ring of the Snake","Pen Nib","Oddly Smooth Stone","Dream Catcher","Lantern","Dodecahedron","Pandora\u0027s Box","Medical Kit","MutagenicStrength","Molten Egg 2","Shuriken","WarpedTongs","Happy Flower","Turnip"],"potions_floor_usage":[14,14,18,33],"damage_taken":[{"damage":2,"enemies":"Jaw Worm","floor":1,"turns":7},{"damage":1,"enemies":"Small Slimes","floor":4,"turns":4},{"damage":0,"enemies":"2 Louse","floor":7,"turns":3},{"damage":3,"enemies":"Blue Slaver","floor":10,"turns":4},{"damage":9,"enemies":"Large Slime","floor":11,"turns":6},{"damage":14,"enemies":"Gremlin Nob","floor":14,"turns":4},{"damage":25,"enemies":"Hexaghost","floor":16,"turns":9},{"damage":3,"enemies":"Shell Parasite","floor":18,"turns":3},{"damage":25,"enemies":"Gremlin Leader","floor":23,"turns":6},{"damage":19,"enemies":"2 Thieves","floor":28,"turns":3},{"damage":23,"enemies":"Chosen and Byrds","floor":30,"turns":4},{"damage":31,"enemies":"Book of Stabbing","floor":31,"turns":4},{"damage":36,"enemies":"Automaton","floor":33,"turns":4}],"seed_played":"6607803277666550392","potions_obtained":[{"floor":7,"key":"Strength Potion"},{"floor":10,"key":"Poison Potion"},{"floor":14,"key":"SmokeBomb"},{"floor":16,"key":"Block Potion"},{"floor":30,"key":"SteroidPotion"}],"is_trial":false,"path_per_floor":["M","?","$","M","$","R","M","?","T","M","M","?","R","E","R","B",null,"M","$","?","?","?","E","?","R","T","R","M","R","M","E","R","B"],"character_chosen":"THE_SILENT","items_purchased":["Oddly Smooth Stone","Noxious Fumes","Medical Kit"],"campfire_rested":5,"item_purchase_floors":[3,5,19],"current_hp_per_floor":[68,68,68,67,67,67,67,60,60,57,48,45,66,52,70,45,70,67,67,67,67,67,42,42,42,42,63,44,65,42,11,32,0],"gold":205,"neow_bonus":"RANDOM_COMMON_RELIC","is_prod":false,"is_daily":false,"chose_seed":false,"campfire_upgraded":2,"win_rate":0,"timestamp":1542669869,"path_taken":["M","?","$","M","$","R","M","?","T","M","M","?","R","E","R","BOSS","M","$","?","?","?","E","?","R","T","R","M","R","?","E","R","BOSS"],"build_version":"2018-11-15","purchased_purges":1,"victory":false,"max_hp_per_floor":[70,70,70,70,70,70,70,70,70,70,70,70,70,70,70,70,70,70,70,70,70,70,70,70,70,70,70,70,70,70,70,70,70],"card_choices":[{"not_picked":["Quick Slash","Crippling Poison"],"picked":"Cloak And Dagger","floor":1},{"not_picked":["Eviscerate","Distraction"],"picked":"Calculated Gamble","floor":4},{"not_picked":["All Out Attack","Quick Slash"],"picked":"Crippling Poison","floor":7},{"not_picked":["Outmaneuver","Quick Slash"],"picked":"Crippling Poison","floor":10},{"not_picked":["PiercingWail","Quick Slash"],"picked":"Blade Dance","floor":11},{"not_picked":["Sucker Punch","Crippling Poison"],"picked":"Prepared","floor":14},{"not_picked":["Grand Finale","Tools of the Trade"],"picked":"Phantasmal Killer","floor":16},{"not_picked":["Outmaneuver","Dagger Throw"],"picked":"Bane","floor":18},{"not_picked":["Expertise+1","Choke+1"],"picked":"Footwork","floor":23},{"not_picked":["Blade Dance","Dash+1"],"picked":"Bane+1","floor":27},{"not_picked":["Eviscerate+1","Riddle With Holes+1"],"picked":"Flying Knee+1","floor":28},{"not_picked":["Deflect","Finisher+1"],"picked":"Heel Hook+1","floor":29},{"not_picked":["Dagger Throw+1","Dodge and Roll"],"picked":"All Out Attack+1","floor":30},{"not_picked":["Deflect","Bane+1"],"picked":"Slice+1","floor":31},{"not_picked":["Prepared","Accuracy"],"picked":"Catalyst","floor":32}],"player_experience":288249,"relics_obtained":[{"floor":9,"key":"Dream Catcher"},{"floor":14,"key":"Dodecahedron"},{"floor":23,"key":"Shuriken"},{"floor":26,"key":"Happy Flower"},{"floor":31,"key":"Turnip"}],"event_choices":[{"damage_healed":0,"gold_gain":175,"player_choice":"AGREE","damage_taken":0,"max_hp_gain":0,"max_hp_loss":0,"event_name":"Liars Game","floor":2,"gold_loss":0,"cards_obtained":["Doubt"]},{"cards_removed":["Strike_G"],"damage_healed":0,"gold_gain":0,"player_choice":"Card Removal","damage_taken":7,"max_hp_gain":0,"max_hp_loss":0,"event_name":"Golden Wing","floor":8,"gold_loss":0},{"damage_healed":0,"gold_gain":0,"player_choice":"Success","damage_taken":3,"relics_obtained":["Lantern"],"max_hp_gain":0,"max_hp_loss":0,"event_name":"Scrap Ooze","floor":12,"gold_loss":0},{"damage_healed":0,"gold_gain":99,"player_choice":"Stole From Cult","damage_taken":0,"max_hp_gain":0,"max_hp_loss":0,"event_name":"Nest","floor":20,"gold_loss":0},{"damage_healed":0,"gold_gain":0,"player_choice":"Inject Mutagens","damage_taken":0,"relics_obtained":["MutagenicStrength"],"max_hp_gain":0,"max_hp_loss":0,"event_name":"Drug Dealer","floor":21,"gold_loss":0},{"damage_healed":0,"gold_gain":0,"player_choice":"Stole Relic","damage_taken":0,"relics_obtained":["Molten Egg 2"],"max_hp_gain":0,"max_hp_loss":0,"event_name":"Addict","floor":22,"gold_loss":0,"cards_obtained":["Shame"]},{"damage_healed":0,"gold_gain":0,"player_choice":"Rummage","damage_taken":0,"relics_obtained":["WarpedTongs"],"max_hp_gain":0,"max_hp_loss":0,"event_name":"Accursed Blacksmith","floor":24,"gold_loss":0,"cards_obtained":["Pain"]}],"is_beta":false,"boss_relics":[{"not_picked":["Runic Dome","Calling Bell"],"picked":"Pandora\u0027s Box"}],"items_purged_floors":[3],"is_endless":false,"potions_floor_spawned":[7,10,14,16,30],"killed_by":"Automaton","ascension_level":4}