{"gold_per_floor":[109,109,34,52,52,52,52,52,79,79,100,134,134,164,164,265,265,277,289,289,46,46,46,66,76,130,144,144,244,256,181,181,286,286,300,55,55,74,131,131,166,166],"floor_reached":42,"playtime":1951,"items_purged":["Regret"],"score":566,"play_id":"5129fa51-2a22-41d8-8772-9c412cf63fa0","local_time":"20181110162413","is_ascension_mode":true,"campfire_choices":[{"data":"Bash","floor":6,"key":"SMITH"},{"data":"Carnage","floor":8,"key":"SMITH"},{"floor":13,"key":"REST"},{"floor":15,"key":"REST"},{"data":"Inflame","floor":23,"key":"SMITH"},{"floor":28,"key":"REST"},{"floor":32,"key":"REST"},{"floor":40,"key":"DIG"}],"neow_cost":"NONE","seed_source_timestamp":593080981266977,"circlet_count":0,"master_deck":["Strike_R","Strike_R+1","Strike_R+1","Strike_R","Defend_R","Defend_R+1","Defend_R","Defend_R","Bash+1","Impervious","Pommel Strike","Carnage+1","Twin Strike+1","Intimidate","Inflame+1","Demon Form","Warcry","Clash+1","Finesse","Bash","Anger","Warcry+1","Clumsy","Warcry","Metallicize","Feed","Immolate","Flex","Madness","Madness","Pummel+1","Parasite","Reaper"],"relics":["Burning Blood","Bag of Preparation","Mango","Red Skull","Odd Mushroom","Juzu Bracelet","Du-Vu Doll","Cursed Key","Whetstone","Strawberry","Shovel","Sundial","Mark of Pain","Matryoshka","Tiny Chest","Oddly Smooth Stone","Pear","Toxic Egg 2"],"potions_floor_usage":[14,25,29,30,33,33,35,41],"damage_taken":[{"damage":12,"enemies":"Small Slimes","floor":1,"turns":3},{"damage":12,"enemies":"Jaw Worm","floor":4,"turns":2},{"damage":21,"enemies":"The Mushroom Lair","floor":11,"turns":6},{"damage":40,"enemies":"Lagavulin","floor":12,"turns":4},{"damage":12,"enemies":"3 Sentries","floor":14,"turns":3},{"damage":52,"enemies":"The Guardian","floor":16,"turns":7},{"damage":12,"enemies":"Chosen","floor":18,"turns":3},{"damage":3,"enemies":"Spheric Guardian","floor":19,"turns":3},{"damage":37,"enemies":"Shelled Parasite and Fungi","floor":24,"turns":3},{"damage":16,"enemies":"Snake Plant","floor":25,"turns":3},{"damage":18,"enemies":"Centurion and Healer","floor":27,"turns":4},{"damage":17,"enemies":"Colosseum Slavers","floor":29,"turns":3},{"damage":28,"enemies":"Colosseum Nobs","floor":29,"turns":5},{"damage":3,"enemies":"3 Cultists","floor":30,"turns":4},{"damage":39,"enemies":"Collector","floor":33,"turns":7},{"damage":21,"enemies":"3 Darklings","floor":35,"turns":4},{"damage":12,"enemies":"Orb Walker","floor":38,"turns":2},{"damage":88,"enemies":"Reptomancer","floor":41,"turns":6},{"damage":34,"enemies":"Sphere and 2 Shapes","floor":42,"turns":4}],"seed_played":"-5319183063245167117","potions_obtained":[{"floor":11,"key":"Strength Potion"},{"floor":12,"key":"Explosive Potion"},{"floor":14,"key":"EssenceOfSteel"},{"floor":19,"key":"Swift Potion"},{"floor":24,"key":"PowerPotion"},{"floor":29,"key":"Energy Potion"},{"floor":30,"key":"Energy Potion"},{"floor":33,"key":"AttackPotion"},{"floor":38,"key":"Regen Potion"}],"is_trial":false,"path_per_floor":["M","?","$","M","T","R","?","R","T","$","?","E","R","E","R","B",null,"M","M","?","$","?","R","M","M","T","M","R","?","M","?","R","B",null,"M","$","?","M","T","R","E","M"],"character_chosen":"IRONCLAD","items_purchased":["Whetstone","Finesse","Matryoshka"],"campfire_rested":4,"item_purchase_floors":[21,21,36],"current_hp_per_floor":[74,74,74,68,82,82,63,63,63,63,48,14,42,36,64,18,94,88,91,72,72,72,72,41,31,38,26,57,24,27,27,58,28,109,94,94,80,74,74,84,11,0],"gold":166,"neow_bonus":"ONE_RANDOM_RARE_CARD","is_prod":false,"is_daily":false,"chose_seed":false,"campfire_upgraded":3,"win_rate":0,"timestamp":1541863453,"path_taken":["M","?","$","M","?","R","?","R","T","?","?","E","R","E","R","BOSS","M","M","?","$","?","R","M","M","T","M","R","?","M","?","R","BOSS","M","$","?","M","?","R","E","M"],"build_version":"2018-11-08","purchased_purges":1,"victory":false,"max_hp_per_floor":[80,80,80,80,94,94,94,94,94,94,94,94,94,94,94,94,94,94,94,99,99,99,99,99,99,106,106,106,106,106,106,106,109,109,109,109,109,109,109,119,119,122],"card_choices":[{"not_picked":["Heavy Blade","Headbutt"],"picked":"Pommel Strike","floor":1},{"not_picked":["Combust","Shrug It Off"],"picked":"Carnage","floor":4},{"not_picked":["Fire Breathing","Cleave"],"picked":"Twin Strike","floor":11},{"not_picked":["Bloodletting","Sword Boomerang"],"picked":"Intimidate","floor":12},{"not_picked":["Anger","Offering"],"picked":"Inflame","floor":14},{"not_picked":["Bludgeon","Immolate"],"picked":"Demon Form","floor":16},{"not_picked":["Thunderclap","Sword Boomerang"],"picked":"Warcry","floor":18},{"not_picked":["Exhume","Corruption"],"picked":"Clash+1","floor":19},{"not_picked":["Uppercut","Armaments","Dual Wield+1"],"picked":"SKIP","floor":24},{"not_picked":["Feel No Pain+1","Sever Soul"],"picked":"Warcry+1","floor":25},{"not_picked":["Twin Strike","Sword Boomerang"],"picked":"Warcry","floor":27},{"not_picked":["Clothesline","Cleave"],"picked":"Metallicize","floor":29},{"not_picked":["Seeing Red","Twin Strike"],"picked":"Feed","floor":30},{"not_picked":["Bludgeon","Demon Form"],"picked":"Immolate","floor":33},{"not_picked":["Clash","Thunderclap"],"picked":"Flex","floor":35},{"not_picked":["Sentinel","Warcry"],"picked":"Pummel+1","floor":38},{"not_picked":["Rupture","Shockwave"],"picked":"Reaper","floor":41}],"player_experience":260151,"relics_obtained":[{"floor":5,"key":"Mango"},{"floor":9,"key":"Red Skull"},{"floor":11,"key":"Odd Mushroom"},{"floor":12,"key":"Juzu Bracelet"},{"floor":14,"key":"Du-Vu Doll"},{"floor":26,"key":"Strawberry"},{"floor":29,"key":"Shovel"},{"floor":29,"key":"Sundial"},{"floor":39,"key":"Tiny Chest"},{"floor":39,"key":"Oddly Smooth Stone"},{"floor":40,"key":"Pear"},{"floor":41,"key":"Toxic Egg 2"}],"event_choices":[{"damage_healed":0,"gold_gain":0,"player_choice":"Box","damage_taken":0,"relics_obtained":["Bag of Preparation"],"max_hp_gain":0,"max_hp_loss":0,"event_name":"Big Fish","floor":2,"gold_loss":0,"cards_obtained":["Regret"]},{"damage_healed":0,"gold_gain":0,"player_choice":"Entered Light","damage_taken":19,"max_hp_gain":0,"max_hp_loss":0,"event_name":"Shining Light","floor":7,"gold_loss":0,"cards_upgraded":["Strike_R","Defend_R"]},{"damage_healed":0,"gold_gain":0,"player_choice":"Fought Mushrooms","damage_taken":0,"max_hp_gain":0,"max_hp_loss":0,"event_name":"Mushrooms","floor":11,"gold_loss":0},{"damage_healed":0,"gold_gain":0,"player_choice":"Shed Blood","damage_taken":24,"max_hp_gain":5,"max_hp_loss":0,"event_name":"Forgotten Altar","floor":20,"gold_loss":0},{"damage_healed":0,"gold_gain":0,"player_choice":"2 cards matched","damage_taken":0,"max_hp_gain":0,"max_hp_loss":0,"event_name":"Match and Keep!","floor":22,"gold_loss":0,"cards_obtained":["Bash","Anger"]},{"damage_healed":0,"gold_gain":0,"player_choice":"Fight","damage_taken":0,"max_hp_gain":0,"max_hp_loss":0,"event_name":"Colosseum","floor":29,"gold_loss":0},{"damage_healed":0,"gold_gain":0,"player_choice":"Fought Nobs","damage_taken":0,"max_hp_gain":0,"max_hp_loss":0,"event_name":"Colosseum","floor":29,"gold_loss":0},{"cards_removed":["Strike_R"],"damage_healed":0,"gold_gain":0,"player_choice":"Gave Gold","damage_taken":0,"max_hp_gain":0,"max_hp_loss":0,"event_name":"Beggar","floor":31,"gold_loss":75},{"damage_healed":0,"gold_gain":0,"player_choice":"Embrace Madness","damage_taken":14,"max_hp_gain":0,"max_hp_loss":0,"event_name":"Winding Halls","floor":37,"gold_loss":0,"cards_obtained":["Madness","Madness"]}],"is_beta":false,"boss_relics":[{"not_picked":["Lizard Tail","Sozu"],"picked":"Cursed Key"},{"not_picked":["Orrery","Empty Cage"],"picked":"Mark of Pain"}],"items_purged_floors":[3],"is_endless":false,"potions_floor_spawned":[11,12,14,19,24,29,30,33,38],"killed_by":"Sphere and 2 Shapes","ascension_level":4}