{"gold_per_floor":[14,14,14,14,28,28,28,28,53,53,66,83,83,94,94,191,191,204,204,220,145,145,145,145,145,145,158,173,173,28,28,28,130,130,142,15,115,163,163,163],"floor_reached":40,"playtime":4856,"items_purged":["Defend_G+1"],"score":420,"play_id":"f9aa9876-af6d-4bd0-a6e1-7a9b6133b099","local_time":"20190831081407","is_ascension_mode":false,"campfire_choices":[{"data":"Infinite Blades","floor":6.0,"key":"SMITH"},{"floor":10.0,"key":"REST"},{"data":"All Out Attack","floor":13.0,"key":"SMITH"},{"data":"Dodge and Roll","floor":15.0,"key":"SMITH"},{"floor":23.0,"key":"REST"},{"floor":25.0,"key":"REST"},{"floor":32.0,"key":"REST"}],"neow_cost":"NO_GOLD","seed_source_timestamp":0,"circlet_count":0,"master_deck":["Survivor","Neutralize","Dodge and Roll+1","Infinite Blades+1","All Out Attack+1","Deflect","Slice","Corpse Explosion","Tactician+1","Bane","Ghostly","Ghostly","Ghostly","Ghostly","Ghostly","Blur","Crippling Poison+1","Bandage Up","Underhanded Strike","Bite","Bite","Bite","Bite","Bite","After Image","Prepared+1","Bane+1","Backstab"],"special_seed":0,"relics":["Ring of the Snake","Pen Nib","Ancient Tea Set","Fusion Hammer","Tough Bandages","Bag of Preparation","WristBlade","Prayer Wheel","Tingsha"],"potions_floor_usage":[37,40,40],"damage_taken":[{"damage":1.0,"enemies":"Small Slimes","floor":1.0,"turns":4.0},{"damage":2.0,"enemies":"2 Louse","floor":5.0,"turns":5.0},{"damage":0.0,"enemies":"Jaw Worm","floor":11.0,"turns":4.0},{"damage":2.0,"enemies":"Looter","floor":12.0,"turns":4.0},{"damage":2.0,"enemies":"Blue Slaver","floor":14.0,"turns":4.0},{"damage":8.0,"enemies":"Slime Boss","floor":16.0,"turns":12.0},{"damage":6.0,"enemies":"2 Thieves","floor":18.0,"turns":3.0},{"damage":7.0,"enemies":"Shell Parasite","floor":20.0,"turns":6.0},{"damage":2.0,"enemies":"Cultist and Chosen","floor":27.0,"turns":5.0},{"damage":0.0,"enemies":"Snecko","floor":28.0,"turns":7.0},{"damage":26.0,"enemies":"Automaton","floor":33.0,"turns":11.0},{"damage":0.0,"enemies":"Orb Walker","floor":35.0,"turns":5.0},{"damage":5,"enemies":"Mind Bloom Boss Battle","floor":37,"turns":9},{"damage":0,"enemies":"2 Orb Walkers","floor":38,"turns":6},{"damage":39,"enemies":"Nemesis","floor":40,"turns":10}],"seed_played":"-3439784280206730474","potions_obtained":[{"floor":1.0,"key":"Swift Potion"},{"floor":5.0,"key":"LiquidBronze"},{"floor":11.0,"key":"GamblersBrew"},{"floor":24.0,"key":"SkillPotion"},{"floor":24.0,"key":"LiquidBronze"},{"floor":24.0,"key":"EssenceOfSteel"},{"floor":27.0,"key":"GhostInAJar"},{"floor":28.0,"key":"Poison Potion"},{"floor":33.0,"key":"Weak Potion"},{"floor":38,"key":"Weak Potion"}],"is_trial":false,"path_per_floor":["M","?","?","$","M","R","?","$","T","R","M","M","R","M","R","B",null,"M","?","M","?","?","R","?","R","T","M","M","?","$","?","R","B",null,"M","$","?","?","?","E"],"character_chosen":"THE_SILENT","items_purchased":["Bandage Up","Underhanded Strike","Swift Potion"],"campfire_rested":4,"item_purchase_floors":[30,30,36],"current_hp_per_floor":[69,69,66,66,64,64,57,57,57,70,70,68,68,66,66,58,70,64,64,57,57,35,35,35,35,35,33,33,33,33,24,24,6,24,24,24,21,24,24,0],"gold":163,"neow_bonus":"REMOVE_TWO","is_prod":false,"is_daily":false,"chose_seed":false,"campfire_upgraded":3,"win_rate":0.0,"timestamp":1567210447,"path_taken":["M","?","?","$","M","R","?","?","T","R","M","M","R","M","R","BOSS","M","?","M","?","?","R","?","R","T","?","M","?","$","?","R","BOSS","M","$","?","?","?","E"],"build_version":"2019-07-17","purchased_purges":1,"victory":false,"max_hp_per_floor":[70,70,70,70,70,70,70,70,70,70,70,70,70,70,70,70,70,70,70,70,70,35,35,35,35,35,35,35,35,35,24,24,24,24,24,24,24,24,24,24],"card_choices":[{"not_picked":["Dagger Throw","Expertise"],"picked":"Dodge and Roll","floor":1.0},{"not_picked":["Underhanded Strike","Noxious Fumes"],"picked":"Infinite Blades","floor":5.0},{"not_picked":["Dodge and Roll","PiercingWail"],"picked":"All Out Attack","floor":11.0},{"not_picked":["Prepared","Calculated Gamble"],"picked":"Deflect","floor":12.0},{"not_picked":["Acrobatics","Dodge and Roll"],"picked":"Slice","floor":14.0},{"not_picked":["Unload","Die Die Die"],"picked":"Corpse Explosion","floor":16.0},{"not_picked":["Dagger Throw","Backflip"],"picked":"Tactician+1","floor":18.0},{"not_picked":["Outmaneuver","Calculated Gamble"],"picked":"Bane","floor":20.0},{"not_picked":["PiercingWail+1","Acrobatics+1"],"picked":"Blur","floor":27.0},{"not_picked":["Acrobatics","Flying Knee+1"],"picked":"Crippling Poison+1","floor":28.0},{"not_picked":["Phantasmal Killer","Bullet Time"],"picked":"After Image","floor":33.0},{"not_picked":["Acrobatics","Catalyst"],"picked":"Prepared+1","floor":35.0},{"not_picked":["Sucker Punch","Flechettes"],"picked":"Bane+1","floor":37},{"not_picked":["Die Die Die","Backflip"],"picked":"Backstab","floor":38}],"player_experience":123272,"relics_obtained":[{"floor":9.0,"key":"Ancient Tea Set"},{"floor":26.0,"key":"Tough Bandages"},{"floor":37,"key":"Prayer Wheel"},{"floor":38,"key":"Tingsha"}],"event_choices":[{"cards_removed":["Strike_G"],"damage_healed":0.0,"max_hp_gain":0.0,"max_hp_loss":0.0,"gold_gain":0.0,"event_name":"Living Wall","player_choice":"Forget","floor":2.0,"gold_loss":0.0,"damage_taken":0.0},{"damage_healed":0.0,"max_hp_gain":0.0,"max_hp_loss":0.0,"gold_gain":0.0,"event_name":"Scrap Ooze","player_choice":"Success","floor":3.0,"gold_loss":0.0,"damage_taken":3.0,"relics_obtained":["Pen Nib"]},{"cards_removed":["Defend_G"],"damage_healed":0.0,"max_hp_gain":0.0,"max_hp_loss":0.0,"gold_gain":0.0,"event_name":"Golden Wing","player_choice":"Card Removal","floor":7.0,"gold_loss":0.0,"damage_taken":7.0},{"damage_healed":0.0,"max_hp_gain":0.0,"max_hp_loss":0.0,"gold_gain":0.0,"event_name":"Back to Basics","player_choice":"Simplicity","floor":19.0,"gold_loss":0.0,"damage_taken":0.0,"cards_upgraded":["Strike_G","Strike_G","Strike_G","Defend_G","Defend_G","Defend_G"]},{"cards_removed":["Defend_G"],"damage_healed":0.0,"max_hp_gain":0.0,"max_hp_loss":0.0,"gold_gain":0.0,"event_name":"Beggar","player_choice":"Gave Gold","floor":21.0,"gold_loss":75.0,"damage_taken":0.0},{"damage_healed":0.0,"max_hp_gain":0.0,"max_hp_loss":35.0,"gold_gain":0.0,"event_name":"Ghosts","player_choice":"Became a Ghost","floor":22.0,"gold_loss":0.0,"damage_taken":0.0,"cards_obtained":["Ghostly","Ghostly","Ghostly","Ghostly","Ghostly"]},{"damage_healed":0.0,"max_hp_gain":0.0,"max_hp_loss":0.0,"gold_gain":0.0,"event_name":"Lab","player_choice":"Got Potions","floor":24.0,"gold_loss":0.0,"damage_taken":0.0},{"damage_healed":0.0,"max_hp_gain":0.0,"max_hp_loss":0.0,"gold_gain":0.0,"event_name":"The Mausoleum","player_choice":"Opened","floor":29.0,"gold_loss":0.0,"damage_taken":0.0,"relics_obtained":["Bag of Preparation"]},{"damage_healed":0.0,"max_hp_gain":0.0,"max_hp_loss":11.0,"gold_gain":0.0,"event_name":"Vampires","player_choice":"Became a vampire","floor":31.0,"gold_loss":0.0,"damage_taken":0.0,"cards_obtained":["Bite","Bite","Bite","Bite","Bite"]},{"damage_healed":0,"gold_gain":0,"player_choice":"Fight","damage_taken":0,"max_hp_gain":0,"max_hp_loss":0,"event_name":"MindBloom","floor":37,"gold_loss":0},{"damage_healed":0,"gold_gain":0,"player_choice":"Fight","damage_taken":0,"max_hp_gain":0,"max_hp_loss":0,"event_name":"Mysterious Sphere","floor":38,"gold_loss":0},{"cards_removed":["Defend_G"],"damage_healed":0,"gold_gain":0,"player_choice":"Purged","damage_taken":0,"max_hp_gain":0,"max_hp_loss":0,"event_name":"Purifier","floor":39,"gold_loss":0}],"is_beta":false,"boss_relics":[{"not_picked":["Runic Dome","Ectoplasm"],"picked":"Fusion Hammer"},{"not_picked":["Busted Crown","Eternal Feather"],"picked":"WristBlade"}],"items_purged_floors":[36],"is_endless":false,"potions_floor_spawned":[1,5,11,27,28,33,38],"killed_by":"Nemesis","ascension_level":0}