{"gold_per_floor":[114,129,54,54,54,54,84,99,99,114,114,114,129,144,144,244,244,259,259,274,289,234,234],"floor_reached":23,"playtime":3369,"items_purged":["Body Slam"],"score":268,"play_id":"9495782a-b516-46ae-a5f9-617686c61a02","local_time":"20190627133325","daily_mods":["Insanity","Red Cards","Terminal"],"is_ascension_mode":false,"campfire_choices":[{"data":"Self Repair","floor":6.0,"key":"SMITH"},{"data":"Self Repair","floor":11.0,"key":"SMITH"},{"data":"Battle Trance","floor":15.0,"key":"SMITH"}],"neow_cost":"","seed_source_timestamp":0,"circlet_count":0,"master_deck":["Stack","Sword Boomerang","Rebound","Stack","Blizzard","Steam","Gash","Entrench","Combust","Anger","Static Discharge","Heavy Blade","Carnage","Anger","BootSequence","Clothesline","Clash","Force Field","Conserve Battery","Flex","Compile Driver","Uppercut","Hologram","Leap","Hemokinesis","Bloodletting","Gash","Evolve","Havoc","Sunder","Barrage","Coolheaded","Wild Strike","Stack","Heavy Blade","Undo","Scrape","Carnage","Armaments","Twin Strike","Body Slam","Ball Lightning","Intimidate","Searing Blow","Chill","Twin Strike","Turbo","Clothesline","Self Repair+1","Self Repair+1","Regret","Self Repair","Battle Trance+1","Seek","Stack","Headbutt"],"special_seed":18074,"relics":["Cracked Core","Gremlin Horn","Letter Opener","Pocketwatch","Oddly Smooth Stone","Coffee Dripper","Tiny Chest"],"potions_floor_usage":[],"damage_taken":[{"damage":1.0,"enemies":"Cultist","floor":1.0,"turns":4.0},{"damage":0.0,"enemies":"Small Slimes","floor":2.0,"turns":2.0},{"damage":18.0,"enemies":"Lagavulin","floor":7.0,"turns":7.0},{"damage":0.0,"enemies":"2 Louse","floor":8.0,"turns":4.0},{"damage":0.0,"enemies":"Large Slime","floor":10.0,"turns":4.0},{"damage":0.0,"enemies":"Exordium Wildlife","floor":13.0,"turns":6.0},{"damage":20.0,"enemies":"Gremlin Gang","floor":14.0,"turns":3.0},{"damage":32.0,"enemies":"The Guardian","floor":16.0,"turns":10.0},{"damage":6,"enemies":"Chosen","floor":18,"turns":4},{"damage":11,"enemies":"2 Thieves","floor":20,"turns":5},{"damage":7,"enemies":"Snake Plant","floor":21,"turns":4},{"damage":53,"enemies":"Gremlin Leader","floor":23,"turns":4}],"seed_played":"-5778978344149328507","potions_obtained":[{"floor":7.0,"key":"Poison Potion"},{"floor":10.0,"key":"Regen Potion"},{"floor":14.0,"key":"Dexterity Potion"},{"floor":16.0,"key":"Swift Potion"}],"is_trial":false,"path_per_floor":["M","M","$","T","?","R","E","M","T","M","R","?","M","M","R","B",null,"M","?","M","M","?","E"],"character_chosen":"DEFECT","items_purchased":[],"campfire_rested":0,"item_purchase_floors":[],"current_hp_per_floor":[73,72,71,70,69,68,50,50,50,50,50,50,61,60,59,54,57,56,55,54,53,52,0],"gold":234,"neow_bonus":"","is_prod":false,"is_daily":true,"chose_seed":false,"campfire_upgraded":3,"win_rate":0.0,"timestamp":1561610005,"path_taken":["M","M","$","?","?","R","E","M","T","?","R","?","M","M","R","BOSS","M","?","M","M","?","E"],"build_version":"2019-01-23","purchased_purges":1,"victory":false,"max_hp_per_floor":[73,72,71,70,69,68,67,66,65,64,63,62,61,60,59,58,57,56,55,54,53,52,52],"card_choices":[{"not_picked":["Leap","Redo"],"picked":"Self Repair","floor":1.0},{"not_picked":["Clash","Havoc","BootSequence"],"picked":"SKIP","floor":2.0},{"not_picked":["Streamline","Twin Strike"],"picked":"Self Repair","floor":7.0},{"not_picked":["BootSequence","Body Slam","Rip and Tear"],"picked":"SKIP","floor":8.0},{"not_picked":["Armaments","Steam","Entrench"],"picked":"SKIP","floor":10.0},{"not_picked":["Reckless Charge","Ball Lightning"],"picked":"Self Repair","floor":13.0},{"not_picked":["Bloodletting","Hemokinesis"],"picked":"Battle Trance","floor":14.0},{"not_picked":["Amplify","Offering"],"picked":"Seek","floor":16.0},{"not_picked":["Burning Pact","BootSequence"],"picked":"Stack","floor":18},{"not_picked":["Sweeping Beam","Storm","Barrage+1"],"picked":"SKIP","floor":20},{"not_picked":["Sword Boomerang","Stack+1"],"picked":"Headbutt","floor":21}],"player_experience":53647,"relics_obtained":[{"floor":4.0,"key":"Gremlin Horn"},{"floor":7.0,"key":"Letter Opener"},{"floor":9.0,"key":"Pocketwatch"}],"event_choices":[{"cards_removed":["Power Through"],"damage_healed":0.0,"max_hp_gain":0.0,"max_hp_loss":0.0,"gold_gain":0.0,"event_name":"Bonfire Elementals","player_choice":"Offered Uncommon","floor":5.0,"gold_loss":0.0,"damage_taken":0.0},{"damage_healed":0.0,"max_hp_gain":0.0,"max_hp_loss":0.0,"gold_gain":0.0,"event_name":"Big Fish","player_choice":"Box","floor":12.0,"gold_loss":0.0,"damage_taken":0.0,"relics_obtained":["Oddly Smooth Stone"],"cards_obtained":["Regret"]},{"damage_healed":0,"gold_gain":0,"player_choice":"Ignored","damage_taken":0,"max_hp_gain":0,"max_hp_loss":0,"event_name":"Cursed Tome","floor":19,"gold_loss":0},{"damage_healed":0,"gold_gain":0,"player_choice":"Obtained Relic","damage_taken":0,"relics_obtained":["Tiny Chest"],"max_hp_gain":0,"max_hp_loss":0,"event_name":"Addict","floor":22,"gold_loss":85}],"is_beta":false,"boss_relics":[{"not_picked":["Busted Crown","Velvet Choker"],"picked":"Coffee Dripper"}],"items_purged_floors":[3],"is_endless":false,"potions_floor_spawned":[7,10,14,16],"killed_by":"Gremlin Leader","ascension_level":0}