{"gold_per_floor":[110,110,110,121,140,165,165,175,175,187,202,202,227,242,242,242],"floor_reached":16,"playtime":634,"items_purged":[],"score":171,"play_id":"b30f2791-a8ff-4de0-a373-28663acc097f","local_time":"20190830203058","is_ascension_mode":true,"campfire_choices":[{"floor":7,"key":"REST"},{"floor":12,"key":"REST"},{"floor":15,"key":"REST"}],"neow_cost":"NONE","seed_source_timestamp":1334193766969000,"circlet_count":0,"master_deck":["AscendersBane","Strike_B","Strike_B","Strike_B","Defend_B","Defend_B","Defend_B","Defend_B","Zap","Dualcast","Amplify","Streamline","Conserve Battery","Reinforced Body","Genetic Algorithm","Rebound","Chill","Coolheaded","Coolheaded","Defragment"],"relics":["Cracked Core","Mango","Molten Egg 2","Darkstone Periapt"],"potions_floor_usage":[13,13],"damage_taken":[{"damage":8,"enemies":"2 Louse","floor":1,"turns":3},{"damage":0,"enemies":"Small Slimes","floor":4,"turns":2},{"damage":7,"enemies":"Jaw Worm","floor":5,"turns":3},{"damage":39,"enemies":"Lagavulin","floor":6,"turns":8},{"damage":3,"enemies":"2 Fungi Beasts","floor":8,"turns":4},{"damage":9,"enemies":"Large Slime","floor":10,"turns":6},{"damage":11,"enemies":"Exordium Thugs","floor":11,"turns":7},{"damage":34,"enemies":"Gremlin Nob","floor":13,"turns":4},{"damage":5,"enemies":"Blue Slaver","floor":14,"turns":4},{"damage":22,"enemies":"The Guardian","floor":16,"turns":3}],"seed_played":"8078761958654669587","potions_obtained":[{"floor":4,"key":"Fire Potion"},{"floor":8,"key":"FearPotion"},{"floor":10,"key":"FearPotion"}],"is_trial":false,"path_per_floor":["M","?","?","M","M","E","R","M","T","M","M","R","E","M","R","B"],"character_chosen":"DEFECT","items_purchased":[],"campfire_rested":3,"item_purchase_floors":[],"current_hp_per_floor":[60,60,60,60,53,28,54,51,51,42,31,57,23,18,44,22],"gold":242,"neow_bonus":"ONE_RANDOM_RARE_CARD","is_prod":false,"is_daily":false,"chose_seed":false,"campfire_upgraded":0,"win_rate":0,"timestamp":1567164658,"path_taken":["M","?","?","M","M","E","R","M","T","M","M","R","E","M","R","BOSS"],"build_version":"2019-07-17","purchased_purges":0,"victory":false,"max_hp_per_floor":[75,75,75,75,75,89,89,89,89,89,89,89,89,89,89,89],"card_choices":[{"not_picked":["Leap","Heatsinks"],"picked":"Streamline","floor":1},{"not_picked":["Consume","Go for the Eyes"],"picked":"Conserve Battery","floor":4},{"not_picked":["Stack","Force Field"],"picked":"Reinforced Body","floor":5},{"not_picked":["Conserve Battery","Fusion"],"picked":"Genetic Algorithm","floor":6},{"not_picked":["Multi-Cast","Gash"],"picked":"Rebound","floor":8},{"not_picked":["Loop","Static Discharge"],"picked":"Chill","floor":10},{"not_picked":["Undo","Conserve Battery"],"picked":"Coolheaded","floor":11},{"not_picked":["Steam","Hologram"],"picked":"Coolheaded","floor":13},{"not_picked":["Chill","Fusion"],"picked":"Defragment","floor":14}],"player_experience":241760,"relics_obtained":[{"floor":6,"key":"Mango"},{"floor":9,"key":"Molten Egg 2"},{"floor":13,"key":"Darkstone Periapt"}],"event_choices":[{"cards_removed":["Strike_B"],"damage_healed":0,"gold_gain":0,"player_choice":"Forget","damage_taken":0,"max_hp_gain":0,"max_hp_loss":0,"event_name":"Living Wall","floor":2,"gold_loss":0},{"damage_healed":0,"gold_gain":0,"player_choice":"Ignored","damage_taken":0,"max_hp_gain":0,"max_hp_loss":0,"event_name":"Liars Game","floor":3,"gold_loss":0}],"is_beta":false,"boss_relics":[],"items_purged_floors":[],"is_endless":false,"potions_floor_spawned":[4,8,10],"killed_by":"The Guardian","ascension_level":10}