{"gold_per_floor":[109,109,119,119,19,19,43,58,84,84,94,94,114,149,149,246,246,263,263,263,263,163,163,182,197,242,242,257,197,212,226,226,322,322,333,333,333,344,356,356,375,375,375,395,164,178,103,122,122,122],"floor_reached":51,"playtime":2862,"items_purged":["Defend_R","Writhe"],"score":839,"play_id":"e875d130-8bcb-4185-9f28-f21a34062fc7","local_time":"20190103205641","is_ascension_mode":true,"campfire_choices":[{"data":"Clothesline","floor":6,"key":"SMITH"},{"floor":10,"key":"REST"},{"data":"Cleave","floor":12,"key":"SMITH"},{"floor":15,"key":"REST"},{"data":"True Grit","floor":23,"key":"SMITH"},{"data":"Pommel Strike","floor":27,"key":"SMITH"},{"floor":32,"key":"REST"},{"data":"Demon Form","floor":40,"key":"SMITH"},{"data":"Bash","floor":42,"key":"SMITH"},{"floor":49,"key":"REST"}],"neow_cost":"NONE","seed_source_timestamp":384352295881374,"circlet_count":0,"master_deck":["Strike_R","Strike_R","Defend_R","Defend_R","Bash+1","Pommel Strike+1","Impervious","Clothesline+1","Shrug It Off","True Grit+1","Cleave+1","Inflame","Pommel Strike","Thunderclap","Demon Form+1","Evolve","Shrug It Off+1","Shrug It Off","Inflame","Flame Barrier+1","Clothesline+1","Body Slam","Offering","Whirlwind","Disarm"],"relics":["Burning Blood","Odd Mushroom","Happy Flower","Self Forming Clay","Busted Crown","Du-Vu Doll","Oddly Smooth Stone","Sozu","Mercury Hourglass"],"potions_floor_usage":[33,35],"damage_taken":[{"damage":14,"enemies":"Jaw Worm","floor":1,"turns":3},{"damage":6,"enemies":"Cultist","floor":3,"turns":3},{"damage":30,"enemies":"The Mushroom Lair","floor":7,"turns":6},{"damage":12,"enemies":"Small Slimes","floor":8,"turns":3},{"damage":1,"enemies":"Looter","floor":11,"turns":3},{"damage":10,"enemies":"Large Slime","floor":13,"turns":5},{"damage":15,"enemies":"Lagavulin","floor":14,"turns":6},{"damage":0,"enemies":"Slime Boss","floor":16,"turns":7},{"damage":4,"enemies":"Shell Parasite","floor":18,"turns":5},{"damage":12,"enemies":"3 Byrds","floor":24,"turns":4},{"damage":20,"enemies":"Snake Plant","floor":25,"turns":5},{"damage":3,"enemies":"3 Cultists","floor":28,"turns":5},{"damage":10,"enemies":"Snecko","floor":30,"turns":5},{"damage":12,"enemies":"Chosen and Byrds","floor":31,"turns":5},{"damage":31,"enemies":"Champ","floor":33,"turns":10},{"damage":2,"enemies":"Orb Walker","floor":35,"turns":4},{"damage":6,"enemies":"3 Shapes","floor":38,"turns":5},{"damage":14,"enemies":"Transient","floor":39,"turns":5},{"damage":8,"enemies":"4 Shapes","floor":41,"turns":6},{"damage":5,"enemies":"Spire Growth","floor":44,"turns":5},{"damage":11,"enemies":"Writhing Mass","floor":46,"turns":5},{"damage":23,"enemies":"Transient","floor":48,"turns":5},{"damage":54,"enemies":"Time Eater","floor":50,"turns":7}],"seed_played":"8858415083868534352","potions_obtained":[{"floor":7,"key":"SpeedPotion"},{"floor":11,"key":"Block Potion"},{"floor":14,"key":"SkillPotion"}],"is_trial":false,"path_per_floor":["M","?","M","$","$","R","?","M","T","R","M","R","M","E","R","B",null,"M","?","?","?","$","R","M","M","T","R","M","?","M","M","R","B",null,"M","?","$","M","M","R","M","R","T","M","$","M","$","M","R","B",null],"character_chosen":"IRONCLAD","items_purchased":["Shrug It Off","Offering","Whirlwind","Disarm"],"campfire_rested":4,"item_purchase_floors":[5,45,45,47],"current_hp_per_floor":[72,72,72,72,72,72,48,42,42,66,71,71,67,58,80,80,80,80,80,80,80,80,80,74,60,60,60,63,63,59,53,77,52,73,77,77,77,77,69,69,67,67,67,68,68,63,63,46,70,22],"gold":122,"neow_bonus":"REMOVE_CARD","is_prod":false,"is_daily":false,"chose_seed":false,"campfire_upgraded":6,"win_rate":0,"timestamp":1546516601,"path_taken":["M","?","?","?","$","R","?","M","T","R","M","R","M","E","R","BOSS","M","?","?","?","?","R","M","M","T","R","M","?","M","?","R","BOSS","M","?","$","M","?","R","M","R","T","M","?","M","$","M","R","BOSS"],"build_version":"2018-12-20","purchased_purges":2,"victory":true,"max_hp_per_floor":[80,80,80,80,80,80,80,80,80,80,80,80,80,80,80,80,80,80,80,80,80,80,80,80,80,80,80,80,80,80,80,80,80,80,80,80,80,80,80,80,80,80,80,80,80,80,80,80,80,80],"card_choices":[{"not_picked":["Flex","Seeing Red"],"picked":"Pommel Strike","floor":1},{"not_picked":["Armaments","Searing Blow"],"picked":"Clothesline","floor":3},{"not_picked":["Wild Strike","Thunderclap"],"picked":"True Grit","floor":7},{"not_picked":["True Grit","Havoc"],"picked":"Cleave","floor":8},{"not_picked":["Sever Soul","Hemokinesis"],"picked":"Inflame","floor":11},{"not_picked":["Infernal Blade","Clash"],"picked":"Pommel Strike","floor":13},{"not_picked":["Warcry","Rupture"],"picked":"Thunderclap","floor":14},{"not_picked":["Bludgeon","Feed"],"picked":"Demon Form","floor":16},{"not_picked":["Sword Boomerang"],"picked":"SKIP","floor":18},{"not_picked":["Wild Strike"],"picked":"SKIP","floor":24},{"not_picked":[],"picked":"Shrug It Off+1","floor":25},{"not_picked":["Blood for Blood"],"picked":"SKIP","floor":28},{"not_picked":["True Grit"],"picked":"SKIP","floor":30},{"not_picked":[],"picked":"Flame Barrier+1","floor":31},{"not_picked":["Warcry+1"],"picked":"SKIP","floor":35},{"not_picked":[],"picked":"Clothesline+1","floor":38},{"not_picked":["Shrug It Off+1"],"picked":"SKIP","floor":39},{"not_picked":["Iron Wave+1"],"picked":"SKIP","floor":41},{"not_picked":[],"picked":"Body Slam","floor":44},{"not_picked":["Headbutt"],"picked":"SKIP","floor":46},{"not_picked":["Iron Wave+1"],"picked":"SKIP","floor":48}],"player_experience":132407,"relics_obtained":[{"floor":7,"key":"Odd Mushroom"},{"floor":9,"key":"Happy Flower"},{"floor":14,"key":"Self Forming Clay"},{"floor":26,"key":"Oddly Smooth Stone"},{"floor":43,"key":"Mercury Hourglass"}],"event_choices":[{"damage_healed":0,"gold_gain":0,"cards_transformed":["Strike_R"],"player_choice":"Transformed","damage_taken":0,"max_hp_gain":0,"max_hp_loss":0,"event_name":"Transmorgrifier","floor":2,"gold_loss":0,"cards_obtained":["Impervious"]},{"damage_healed":0,"gold_gain":0,"player_choice":"Fought Mushrooms","damage_taken":0,"max_hp_gain":0,"max_hp_loss":0,"event_name":"Mushrooms","floor":7,"gold_loss":0},{"damage_healed":0,"gold_gain":0,"player_choice":"Ignored","damage_taken":0,"max_hp_gain":0,"max_hp_loss":0,"event_name":"Vampires","floor":19,"gold_loss":0},{"damage_healed":0,"gold_gain":0,"player_choice":"Read","damage_taken":0,"max_hp_gain":0,"max_hp_loss":0,"event_name":"The Library","floor":20,"gold_loss":0,"cards_obtained":["Evolve"]},{"damage_healed":0,"gold_gain":0,"player_choice":"Opened","damage_taken":0,"relics_obtained":["Du-Vu Doll"],"max_hp_gain":0,"max_hp_loss":0,"event_name":"The Mausoleum","floor":21,"gold_loss":0,"cards_obtained":["Writhe"]},{"damage_healed":0,"gold_gain":0,"cards_transformed":["Strike_R","Defend_R"],"player_choice":"Transformed Cards","damage_taken":0,"max_hp_gain":0,"max_hp_loss":0,"event_name":"Designer","floor":29,"gold_loss":60,"cards_obtained":["Shrug It Off","Inflame"]},{"damage_healed":0,"gold_gain":0,"player_choice":"Ignored","damage_taken":0,"max_hp_gain":0,"max_hp_loss":0,"event_name":"SecretPortal","floor":36,"gold_loss":0}],"is_beta":false,"boss_relics":[{"not_picked":["Pandora\u0027s Box","Runic Cube"],"picked":"Busted Crown"},{"not_picked":["Astrolabe","Runic Pyramid"],"picked":"Sozu"}],"items_purged_floors":[5,22],"is_endless":false,"potions_floor_spawned":[7,11,14,28,38,39,41],"ascension_level":5}