{"gold_per_floor":[115,40,53,71,71,109,109,122,200,200],"floor_reached":10,"playtime":600,"items_purged":["Defend_B"],"score":68,"play_id":"45582bef-c610-4e2b-a5f0-bb7a9b5036bc","local_time":"20190713230527","is_ascension_mode":false,"campfire_choices":[],"neow_cost":"NONE","seed_source_timestamp":165536945587816,"circlet_count":0,"master_deck":["Strike_B","Strike_B","Strike_B","Strike_B","Defend_B","Defend_B","Defend_B","Zap","Dualcast","Cold Snap","Chaos","Chaos","Fusion"],"relics":["Busted Crown","Golden Idol","Shovel"],"potions_floor_usage":[6,10],"damage_taken":[{"damage":1,"enemies":"Cultist","floor":1,"turns":3},{"damage":5,"enemies":"2 Louse","floor":3,"turns":2},{"damage":1,"enemies":"Jaw Worm","floor":4,"turns":4},{"damage":31,"enemies":"Gremlin Nob","floor":6,"turns":5},{"damage":16,"enemies":"Lots of Slimes","floor":8,"turns":4},{"damage":3,"enemies":"Gremlin Nob","floor":10,"turns":2}],"seed_played":"-820098574800528425","potions_obtained":[{"floor":1,"key":"Swift Potion"},{"floor":6,"key":"Ancient Potion"},{"floor":8,"key":"PowerPotion"}],"is_trial":false,"path_per_floor":["M","$","M","M","?","E","?","M","T","?"],"character_chosen":"DEFECT","items_purchased":[],"campfire_rested":0,"item_purchase_floors":[],"current_hp_per_floor":[74,74,69,68,50,19,19,3,3,0],"gold":200,"neow_bonus":"BOSS_RELIC","is_prod":false,"is_daily":false,"chose_seed":false,"campfire_upgraded":0,"win_rate":0,"timestamp":1563026727,"path_taken":["M","$","?","M","?","E","?","?","T","?"],"build_version":"2019-07-05","purchased_purges":1,"victory":false,"max_hp_per_floor":[75,75,75,75,75,75,75,75,75,75],"card_choices":[{"not_picked":["Static Discharge"],"picked":"SKIP","floor":1},{"not_picked":["Leap"],"picked":"SKIP","floor":3},{"not_picked":[],"picked":"Cold Snap","floor":4},{"not_picked":[],"picked":"Chaos","floor":6},{"not_picked":[],"picked":"Fusion","floor":8}],"player_experience":221849,"relics_obtained":[{"floor":6,"key":"Shovel"}],"event_choices":[{"damage_healed":0,"gold_gain":0,"player_choice":"Take Damage","damage_taken":18,"relics_obtained":["Golden Idol"],"max_hp_gain":0,"max_hp_loss":0,"event_name":"Golden Idol","floor":5,"gold_loss":0},{"damage_healed":0,"gold_gain":0,"player_choice":"1 cards matched","damage_taken":0,"max_hp_gain":0,"max_hp_loss":0,"event_name":"Match and Keep!","floor":7,"gold_loss":0,"cards_obtained":["Chaos"]},{"damage_healed":0,"gold_gain":0,"player_choice":"Searched \u00272\u0027 times","damage_taken":0,"max_hp_gain":0,"max_hp_loss":0,"event_name":"Dead Adventurer","floor":10,"gold_loss":0}],"is_beta":false,"boss_relics":[],"items_purged_floors":[2],"is_endless":false,"potions_floor_spawned":[1,6,8],"killed_by":"Gremlin Nob","ascension_level":0}