{"gold_per_floor":[115,133,133,153,169,208,208,246,246,258,306,318,353,385,397,499,511,537,564,592,49,68,68,101,101,101,124,147,166,186,186,186,285,285,298,317,317,317,650,650,170,170,170,203,216,234,28,28,28,28],"floor_reached":51,"playtime":8540,"items_purged":["Strike_R"],"score":1174,"play_id":"0ea6ac36-9714-4d58-9739-d5f34975b6ff","local_time":"20190828155130","is_ascension_mode":true,"campfire_choices":[{"floor":7.0,"key":"REST"},{"floor":10.0,"key":"REST"},{"data":"Demon Form","floor":15.0,"key":"SMITH"},{"floor":23.0,"key":"REST"},{"floor":32.0,"key":"DIG"},{"floor":40,"key":"DIG"},{"floor":42,"key":"DIG"},{"floor":49,"key":"REST"}],"neow_cost":"TEN_PERCENT_HP_LOSS","seed_source_timestamp":748420271169700,"circlet_count":0,"master_deck":["AscendersBane","Strike_R","Strike_R","Defend_R","Defend_R","Defend_R","Defend_R","Bash","Cleave","True Grit","Headbutt","Warcry","Flame Barrier","Demon Form+1","Impervious","Anger","Sword Boomerang","Headbutt","Rage","Reaper","Battle Trance","Blood for Blood","Sword Boomerang","Reaper","Shrug It Off","Apotheosis+1","Battle Trance","Barricade","Shrug It Off","Demon Form","Double Tap","Metamorphosis","Shrug It Off","Coolheaded","Deflect"],"special_seed":0,"relics":["Burning Blood","Mummified Hand","Matryoshka","MawBank","Pantograph","Odd Mushroom","PreservedInsect","Gremlin Horn","Eternal Feather","DollysMirror","Dream Catcher","Shovel","Mercury Hourglass","Strawberry","Busted Crown","Bottled Lightning","Pen Nib","PrismaticShard","Red Skull","Question Card","Regal Pillow","Sling","Frozen Egg 2"],"potions_floor_usage":[44,46],"damage_taken":[{"damage":3.0,"enemies":"2 Louse","floor":1.0,"turns":3.0},{"damage":0.0,"enemies":"Jaw Worm","floor":2.0,"turns":6.0},{"damage":0.0,"enemies":"Small Slimes","floor":4.0,"turns":3.0},{"damage":2.0,"enemies":"Red Slaver","floor":5.0,"turns":5.0},{"damage":40.0,"enemies":"Gremlin Nob","floor":6.0,"turns":5.0},{"damage":38.0,"enemies":"3 Sentries","floor":8.0,"turns":8.0},{"damage":13.0,"enemies":"The Mushroom Lair","floor":11.0,"turns":5.0},{"damage":4.0,"enemies":"Gremlin Gang","floor":13.0,"turns":5.0},{"damage":17.0,"enemies":"Large Slime","floor":14.0,"turns":5.0},{"damage":38.0,"enemies":"Hexaghost","floor":16.0,"turns":8.0},{"damage":21.0,"enemies":"Shell Parasite","floor":18.0,"turns":5.0},{"damage":13.0,"enemies":"3 Byrds","floor":19.0,"turns":5.0},{"damage":34.0,"enemies":"Sentry and Sphere","floor":20.0,"turns":6.0},{"damage":30.0,"enemies":"Snecko","floor":22.0,"turns":6.0},{"damage":43.0,"enemies":"Book of Stabbing","floor":24.0,"turns":5.0},{"damage":9.0,"enemies":"Chosen and Byrds","floor":27.0,"turns":4.0},{"damage":28.0,"enemies":"Shelled Parasite and Fungi","floor":28.0,"turns":5.0},{"damage":0.0,"enemies":"Snecko","floor":29.0,"turns":7.0},{"damage":7.0,"enemies":"3 Cultists","floor":30.0,"turns":5.0},{"damage":44.0,"enemies":"Automaton","floor":33.0,"turns":8.0},{"damage":70,"enemies":"3 Darklings","floor":35,"turns":5},{"damage":51,"enemies":"Orb Walker","floor":36,"turns":7},{"damage":2,"enemies":"Reptomancer","floor":44,"turns":4},{"damage":71,"enemies":"3 Darklings","floor":45,"turns":4},{"damage":17,"enemies":"Spire Growth","floor":46,"turns":4},{"damage":44,"enemies":"Time Eater","floor":50,"turns":10}],"seed_played":"5380364941225807870","potions_obtained":[{"floor":2.0,"key":"Ancient Potion"},{"floor":5.0,"key":"AttackPotion"},{"floor":8.0,"key":"EssenceOfSteel"},{"floor":16.0,"key":"Regen Potion"},{"floor":19.0,"key":"Strength Potion"},{"floor":20.0,"key":"BloodPotion"},{"floor":24.0,"key":"PowerPotion"},{"floor":27.0,"key":"AttackPotion"},{"floor":33.0,"key":"LiquidBronze"},{"floor":35,"key":"Block Potion"},{"floor":46,"key":"Explosive Potion"}],"is_trial":false,"path_per_floor":["M","M","?","M","M","E","R","E","T","R","?","T","M","M","R","B",null,"M","M","M","$","M","R","E","?","T","M","M","M","M","?","R","B",null,"M","M","?","?","?","R","$","R","T","E","M","M","$","T","R","B",null],"character_chosen":"IRONCLAD","items_purchased":["DollysMirror","Shrug It Off","Apotheosis","Dream Catcher","Pen Nib","PrismaticShard","Shrug It Off","Sling"],"campfire_rested":4,"item_purchase_floors":[21,21,21,21,41,41,41,47],"current_hp_per_floor":[68,68,51,57,61,27,47,15,15,35,28,28,30,19,19,12,54,39,56,28,28,15,50,13,13,13,43,21,31,57,57,75,75,75,75,39,39,39,39,57,57,75,75,75,18,7,7,7,62,69],"gold":28,"neow_bonus":"TRANSFORM_TWO_CARDS","is_prod":false,"is_daily":false,"chose_seed":false,"campfire_upgraded":1,"win_rate":0,"timestamp":1567032690,"path_taken":["M","M","?","M","M","E","R","E","T","R","?","?","M","?","R","BOSS","M","M","M","$","M","R","E","?","T","M","M","?","?","?","R","BOSS","M","M","?","?","?","R","$","R","T","E","?","M","?","?","R","BOSS"],"build_version":"2019-07-17","purchased_purges":1,"victory":true,"max_hp_per_floor":[68,68,68,68,68,68,68,68,68,68,68,68,68,68,68,68,68,68,68,68,68,68,68,68,68,68,68,68,68,68,68,75,75,75,75,75,75,75,75,75,75,75,75,75,75,75,75,75,75,75],"card_choices":[{"not_picked":["Heavy Blade","Body Slam"],"picked":"Headbutt","floor":1.0},{"not_picked":["Clash","Cleave"],"picked":"Warcry","floor":2.0},{"not_picked":["Anger","Twin Strike"],"picked":"Flame Barrier","floor":4.0},{"not_picked":["Shrug It Off","Pommel Strike"],"picked":"Demon Form","floor":5.0},{"not_picked":["Blood for Blood","True Grit"],"picked":"Impervious","floor":6.0},{"not_picked":["Rampage","Inflame"],"picked":"Anger","floor":8.0},{"not_picked":["Cleave","Body Slam"],"picked":"Sword Boomerang","floor":11.0},{"not_picked":["Twin Strike","Cleave"],"picked":"Headbutt","floor":13.0},{"not_picked":["Second Wind","Metallicize"],"picked":"Rage","floor":14.0},{"not_picked":["Offering","Double Tap"],"picked":"Reaper","floor":16.0},{"not_picked":["Perfected Strike","Burning Pact"],"picked":"Battle Trance","floor":18.0},{"not_picked":["Feel No Pain","Iron Wave"],"picked":"Blood for Blood","floor":19.0},{"not_picked":["Shockwave","Rupture"],"picked":"Sword Boomerang","floor":20.0},{"not_picked":["Heavy Blade","Feel No Pain"],"picked":"Battle Trance","floor":22.0},{"not_picked":["Thunderclap+1","Shockwave"],"picked":"Barricade","floor":24.0},{"not_picked":["Carnage+1","Entrench","Flex"],"picked":"SKIP","floor":27.0},{"not_picked":["Flex","Heavy Blade"],"picked":"Shrug It Off","floor":28.0},{"not_picked":["Thunderclap","Clothesline","Infernal Blade"],"picked":"SKIP","floor":29.0},{"not_picked":["Flex","Pommel Strike"],"picked":"Demon Form","floor":30.0},{"not_picked":["Dark Embrace","Fiend Fire"],"picked":"Double Tap","floor":33.0},{"not_picked":["True Grit"],"picked":"SKIP","floor":35},{"not_picked":["Headbutt"],"picked":"SKIP","floor":36},{"not_picked":[],"picked":"Metamorphosis","floor":37},{"not_picked":["Consume","Trip"],"picked":"SKIP","floor":44},{"not_picked":["Sword Boomerang","Skewer"],"picked":"SKIP","floor":45},{"not_picked":["Swift Strike+1"],"picked":"Coolheaded","floor":46},{"not_picked":["Barrage"],"picked":"Deflect","floor":49}],"player_experience":261000,"relics_obtained":[{"floor":6.0,"key":"Mummified Hand"},{"floor":8.0,"key":"Matryoshka"},{"floor":9.0,"key":"MawBank"},{"floor":9.0,"key":"Pantograph"},{"floor":11.0,"key":"Odd Mushroom"},{"floor":12.0,"key":"PreservedInsect"},{"floor":12.0,"key":"Gremlin Horn"},{"floor":24.0,"key":"Shovel"},{"floor":26.0,"key":"Mercury Hourglass"},{"floor":32.0,"key":"Strawberry"},{"floor":40,"key":"Bottled Lightning"},{"floor":42,"key":"Red Skull"},{"floor":43,"key":"Question Card"},{"floor":44,"key":"Regal Pillow"},{"floor":48,"key":"Frozen Egg 2"}],"event_choices":[{"damage_healed":0.0,"max_hp_gain":0.0,"max_hp_loss":0.0,"gold_gain":0.0,"event_name":"Golden Idol","player_choice":"Take Damage","floor":3.0,"gold_loss":0.0,"damage_taken":17.0,"relics_obtained":["Golden Idol"]},{"damage_healed":0.0,"max_hp_gain":0.0,"max_hp_loss":0.0,"gold_gain":0.0,"event_name":"Mushrooms","player_choice":"Fought Mushrooms","floor":11.0,"gold_loss":0.0,"damage_taken":0.0},{"damage_healed":0.0,"max_hp_gain":0.0,"max_hp_loss":0.0,"gold_gain":0.0,"event_name":"Accursed Blacksmith","player_choice":"Forge","floor":25.0,"gold_loss":0.0,"damage_taken":0.0,"cards_upgraded":["Apotheosis"]},{"damage_healed":0.0,"max_hp_gain":0.0,"max_hp_loss":0.0,"gold_gain":0.0,"event_name":"Vampires","player_choice":"Ignored","floor":31.0,"gold_loss":0.0,"damage_taken":0.0},{"damage_healed":0,"gold_gain":0,"player_choice":"Memory 1","damage_taken":0,"max_hp_gain":0,"max_hp_loss":0,"event_name":"SensoryStone","floor":37,"gold_loss":0},{"damage_healed":0,"gold_gain":0,"player_choice":"Ignored","damage_taken":0,"max_hp_gain":0,"max_hp_loss":0,"event_name":"Mysterious Sphere","floor":38,"gold_loss":0},{"damage_healed":0,"gold_gain":333,"player_choice":"Gave Idol","damage_taken":0,"max_hp_gain":0,"max_hp_loss":0,"event_name":"The Moai Head","floor":39,"relics_lost":["Golden Idol"],"gold_loss":0}],"is_beta":false,"boss_relics":[{"not_picked":["White Beast Statue","Tiny House"],"picked":"Eternal Feather"},{"not_picked":["Cursed Key","Philosopher\u0027s Stone"],"picked":"Busted Crown"}],"items_purged_floors":[41],"is_endless":false,"potions_floor_spawned":[2,5,6,8,16,19,20,24,27,33,35,46],"ascension_level":14}