{"gold_per_floor":[15,30,30,30,30,47,58,75,99,127,127,146,179,198,198,299,299,310,310,24,36,36,36,36,47,47,47,74,90,90,103,103,205,205,224,194,204,204,220,220,230,230],"floor_reached":42,"playtime":2722,"items_purged":[],"score":477,"play_id":"59188883-087e-489f-b44d-fb2000f201c6","local_time":"20180703185928","is_ascension_mode":true,"campfire_choices":[{"floor":11,"key":"REST"},{"floor":15,"key":"REST"},{"floor":23,"key":"REST"},{"floor":27,"key":"REST"},{"floor":32,"key":"REST"},{"floor":40,"key":"REST"}],"neow_cost":"NO_GOLD","seed_source_timestamp":201763489469024,"circlet_count":0,"master_deck":["Strike_B","Strike_B","Strike_B","Strike_B","Defend_B","Defend_B","Defend_B","Defend_B+1","Zap","Dualcast","Conserve Battery","Redo+1","Capacitor","Streamline","Hello World","Echo Form","Rebound","Gash","Hologram","Multi-Cast","Hologram","Cold Snap+1","Loop","Leap","Melter","Sweeping Beam+1","Chill","Echo Form","Gash+1","Sweeping Beam+1","Flash of Steel","Amplify","Sunder+1"],"relics":["Cracked Core","Gambling Chip","War Paint","Bag of Marbles","Regal Pillow","Vajra","Letter Opener","Fusion Hammer","Mango","Shuriken","Matryoshka","Inserter"],"potions_floor_usage":[8,12,13,13,16,30,33,33,35,37,37],"damage_taken":[{"damage":10,"enemies":"Small Slimes","floor":1,"turns":4},{"damage":0,"enemies":"2 Louse","floor":2,"turns":3},{"damage":3,"enemies":"Cultist","floor":6,"turns":3},{"damage":7,"enemies":"Looter","floor":7,"turns":3},{"damage":9,"enemies":"3 Louse","floor":8,"turns":2},{"damage":21,"enemies":"Gremlin Nob","floor":10,"turns":4},{"damage":8,"enemies":"Gremlin Gang","floor":12,"turns":3},{"damage":11,"enemies":"Lagavulin","floor":13,"turns":5},{"damage":28,"enemies":"Exordium Thugs","floor":14,"turns":3},{"damage":8,"enemies":"Hexaghost","floor":16,"turns":8},{"damage":26,"enemies":"Shell Parasite","floor":18,"turns":5},{"damage":20,"enemies":"2 Thieves","floor":21,"turns":3},{"damage":34,"enemies":"Centurion and Healer","floor":25,"turns":6},{"damage":38,"enemies":"Book of Stabbing","floor":28,"turns":6},{"damage":26,"enemies":"3 Cultists","floor":29,"turns":5},{"damage":0,"enemies":"Slaver and Parasite","floor":30,"turns":1},{"damage":0,"enemies":"Sentry and Sphere","floor":31,"turns":2},{"damage":51,"enemies":"Collector","floor":33,"turns":10},{"damage":59,"enemies":"3 Darklings","floor":35,"turns":4},{"damage":5,"enemies":"3 Shapes","floor":37,"turns":5},{"damage":5,"enemies":"Sphere and 2 Shapes","floor":39,"turns":4},{"damage":0,"enemies":"Maw","floor":41,"turns":7},{"damage":90,"enemies":"Giant Head","floor":42,"turns":9}],"seed_played":"-8149812044557447571","potions_obtained":[{"floor":2,"key":"Block Potion"},{"floor":7,"key":"Energy Potion"},{"floor":8,"key":"SteroidPotion"},{"floor":10,"key":"GamblersBrew"},{"floor":14,"key":"Weak Potion"},{"floor":25,"key":"Ancient Potion"},{"floor":29,"key":"SmokeBomb"},{"floor":31,"key":"Dexterity Potion"},{"floor":33,"key":"Regen Potion"},{"floor":35,"key":"Ancient Potion"},{"floor":36,"key":"SpeedPotion"},{"floor":36,"key":"SneckoOil"}],"is_trial":false,"path_per_floor":["M","M","?","?","$","M","M","M","T","E","R","M","E","M","R","B",null,"M","?","$","M","?","R","?","M","T","R","E","M","M","M","R","B",null,"M","?","M","?","M","R","M"],"character_chosen":"DEFECT","items_purchased":["Mango"],"campfire_rested":6,"item_purchase_floors":[20],"current_hp_per_floor":[65,65,58,58,58,55,48,39,39,18,55,47,36,8,45,37,75,49,49,63,43,43,84,84,50,50,89,51,25,25,25,66,15,89,39,39,34,34,29,70,70,0],"gold":230,"neow_bonus":"ONE_RARE_RELIC","is_prod":false,"is_daily":false,"chose_seed":false,"campfire_upgraded":0,"win_rate":0,"timestamp":1530637168,"path_taken":["M","M","?","?","$","?","M","M","T","E","R","M","E","M","R","BOSS","M","?","$","M","?","R","?","M","T","R","E","M","?","?","R","BOSS","M","?","M","?","M","R","?","E"],"build_version":"2018-06-28","purchased_purges":0,"victory":false,"max_hp_per_floor":[75,75,75,75,75,75,75,75,75,75,75,75,75,75,75,75,75,75,75,89,89,89,89,89,89,89,89,89,89,89,89,89,89,89,89,89,89,89,89,89,89,89],"card_choices":[{"not_picked":["Coolheaded","Genetic Algorithm"],"picked":"Conserve Battery","floor":1},{"not_picked":["Cold Snap","Go for the Eyes"],"picked":"Redo","floor":2},{"not_picked":["Hologram","Go for the Eyes"],"picked":"Capacitor","floor":6},{"not_picked":["Beam Cell","Fusion"],"picked":"Streamline","floor":7},{"not_picked":["Chill","Capacitor"],"picked":"Hello World","floor":8},{"not_picked":["Coolheaded","Stack"],"picked":"Echo Form","floor":10},{"not_picked":["Compile Driver","Go for the Eyes"],"picked":"Rebound","floor":12},{"not_picked":["Doom and Gloom","Steam"],"picked":"Gash","floor":13},{"not_picked":["Lockon","Barrage"],"picked":"Hologram","floor":14},{"not_picked":["Echo Form","Seek"],"picked":"Multi-Cast","floor":16},{"not_picked":["Turbo","Cold Snap"],"picked":"Hologram","floor":18},{"not_picked":["Redo","Beam Cell"],"picked":"Cold Snap+1","floor":21},{"not_picked":["Go for the Eyes","Cold Snap"],"picked":"Leap","floor":25},{"not_picked":["Coolheaded+1","Hello World"],"picked":"Melter","floor":28},{"not_picked":["Steam","Redo"],"picked":"Sweeping Beam+1","floor":29},{"not_picked":["All For One","Self Repair"],"picked":"Chill","floor":31},{"not_picked":["Multi-Cast","Seek"],"picked":"Echo Form","floor":33},{"not_picked":["Aggregate+1","Leap"],"picked":"Gash+1","floor":35},{"not_picked":["Conserve Battery+1","Beam Cell+1"],"picked":"Sweeping Beam+1","floor":37},{"not_picked":["Dark Shackles","Panacea"],"picked":"Flash of Steel","floor":38},{"not_picked":["Barrage","Sweeping Beam+1"],"picked":"Amplify","floor":39},{"not_picked":["Go for the Eyes+1","Ball Lightning"],"picked":"Sunder+1","floor":41}],"player_experience":166761,"relics_obtained":[{"floor":9,"key":"Regal Pillow"},{"floor":10,"key":"Vajra"},{"floor":13,"key":"Letter Opener"},{"floor":26,"key":"Shuriken"},{"floor":28,"key":"Matryoshka"}],"event_choices":[{"event_name":"Scrap Ooze","player_choice":"success","floor":3,"damage_taken":7},{"event_name":"Big Fish","player_choice":"Box","floor":4,"damage_taken":0},{"event_name":"Back to Basics","player_choice":"Elegance","floor":19,"damage_taken":0},{"event_name":"Beggar","player_choice":"Ignored","floor":22,"damage_taken":0},{"event_name":"The Library","player_choice":"Read","floor":24,"damage_taken":0},{"event_name":"The Woman in Blue","player_choice":"Bought 2 Potions","floor":36,"damage_taken":0},{"event_name":"SensoryStone","player_choice":"Memory 1","floor":38,"damage_taken":0}],"boss_relics":[{"not_picked":["Cursed Key","Nuclear Battery"],"picked":"Fusion Hammer"},{"not_picked":["Busted Crown","Calling Bell"],"picked":"Inserter"}],"items_purged_floors":[],"is_endless":false,"potions_floor_spawned":[2,7,8,10,14,25,29,31,33,35],"killed_by":"Giant Head","ascension_level":2}