{"gold_per_floor":[112,112,112,122,134,134,153,233,256,279,279,279,318,339,339,464,464,477,477,477,44,60,60,76,99,99,123,123,142,155,155,155,279,279,299,299,424,424,40,40,40,83,83,8,8,21,37,58,58,58],"floor_reached":51,"playtime":9528,"items_purged":["Strike_R"],"score":752,"play_id":"4f646afa-12b2-45e2-aebb-95a941129c85","local_time":"20190829071539","is_ascension_mode":false,"campfire_choices":[{"data":"Armaments","floor":6.0,"key":"SMITH"},{"data":"Corruption","floor":15.0,"key":"SMITH"},{"data":"Chrysalis","floor":23.0,"key":"SMITH"},{"data":"Reaper","floor":32.0,"key":"SMITH"},{"floor":40.0,"key":"REST"},{"floor":41.0,"key":"REST"},{"data":"Dark Embrace","floor":49,"key":"SMITH"}],"neow_cost":"NONE","seed_source_timestamp":0,"circlet_count":0,"master_deck":["Defend_R","Defend_R","Defend_R","Defend_R","Bash","Iron Wave","Armaments+1","Shrug It Off","Iron Wave","Body Slam","Corruption+1","Reaper+1","Feel No Pain","Fire Breathing","Havoc","Pommel Strike","Chrysalis+1","Blood for Blood+1","Forethought","Apotheosis","Body Slam+1","Dark Embrace+1"],"special_seed":0,"relics":["Burning Blood","Potion Belt","Singing Bowl","Red Skull","Odd Mushroom","Golden Idol","Runic Cube","Shuriken","Dead Branch","Nloth\u0027s Gift","Black Star","WingedGreaves","Nunchaku","MealTicket","Happy Flower","Vajra","Bottled Flame"],"potions_floor_usage":[47],"damage_taken":[{"damage":6.0,"enemies":"Cultist","floor":1.0,"turns":5.0},{"damage":3.0,"enemies":"Small Slimes","floor":4.0,"turns":4.0},{"damage":3.0,"enemies":"Jaw Worm","floor":5.0,"turns":3.0},{"damage":0.0,"enemies":"Exordium Thugs","floor":7.0,"turns":8.0},{"damage":11.0,"enemies":"The Mushroom Lair","floor":10.0,"turns":5.0},{"damage":26.0,"enemies":"Gremlin Nob","floor":13.0,"turns":6.0},{"damage":0.0,"enemies":"2 Fungi Beasts","floor":14.0,"turns":3.0},{"damage":70.0,"enemies":"Slime Boss","floor":16.0,"turns":14.0},{"damage":16.0,"enemies":"Shell Parasite","floor":18.0,"turns":8.0},{"damage":11.0,"enemies":"Chosen","floor":22.0,"turns":10.0},{"damage":7.0,"enemies":"Shelled Parasite and Fungi","floor":24.0,"turns":6.0},{"damage":15.0,"enemies":"Cultist and Chosen","floor":25.0,"turns":11.0},{"damage":14.0,"enemies":"3 Cultists","floor":27.0,"turns":5.0},{"damage":10.0,"enemies":"Chosen and Byrds","floor":29.0,"turns":7.0},{"damage":13.0,"enemies":"Snake Plant","floor":30.0,"turns":5.0},{"damage":22.0,"enemies":"Automaton","floor":33.0,"turns":6.0},{"damage":36.0,"enemies":"Orb Walker","floor":35.0,"turns":6.0},{"damage":33.0,"enemies":"Mind Bloom Boss Battle","floor":37.0,"turns":5.0},{"damage":65.0,"enemies":"Reptomancer","floor":42.0,"turns":5.0},{"damage":31.0,"enemies":"3 Darklings","floor":46.0,"turns":4.0},{"damage":32,"enemies":"Jaw Worm Horde","floor":47,"turns":4},{"damage":6,"enemies":"Transient","floor":48,"turns":5},{"damage":21,"enemies":"Donu and Deca","floor":50,"turns":2}],"seed_played":"-4260365943505102158","potions_obtained":[{"floor":1.0,"key":"Strength Potion"},{"floor":7.0,"key":"Energy Potion"},{"floor":16.0,"key":"Ancient Potion"},{"floor":24.0,"key":"SpeedPotion"},{"floor":25.0,"key":"Dexterity Potion"},{"floor":29.0,"key":"Energy Potion"},{"floor":33.0,"key":"EntropicBrew"},{"floor":37.0,"key":"SpeedPotion"},{"floor":42.0,"key":"PowerPotion"}],"is_trial":false,"path_per_floor":["M","?","?","M","M","R","M","T","T","?","?","?","E","M","R","B",null,"M","?","?","$","M","R","M","M","T","M","?","M","M","?","R","B",null,"M","?","?","T","$","R","R","E","T","$","?","M","M","M","R","B",null],"character_chosen":"IRONCLAD","items_purchased":["Shuriken","Chrysalis","MealTicket","Apotheosis"],"campfire_rested":2,"item_purchase_floors":[21,21,39,39],"current_hp_per_floor":[88,76,76,79,82,82,88,88,88,83,83,83,65,71,71,7,90,80,80,80,80,78,78,83,84,84,88,88,94,89,89,89,89,102,77,77,57,57,57,88,106,49,49,64,64,57,33,91,91,76],"gold":58,"neow_bonus":"TEN_PERCENT_HP_BONUS","is_prod":false,"is_daily":false,"chose_seed":false,"campfire_upgraded":5,"win_rate":0.0,"timestamp":1567034139,"path_taken":["M","?","?","M","?","R","M","?","T","?","?","?","E","M","R","BOSS","M","?","?","$","M","R","M","?","T","M","?","M","?","?","R","BOSS","M","?","?","?","?","R","R","E","T","?","?","M","M","?","R","BOSS"],"build_version":"2019-07-17","purchased_purges":1,"victory":true,"max_hp_per_floor":[88,88,88,88,88,88,88,88,88,88,88,88,90,90,90,90,90,90,90,90,90,90,90,92,94,94,96,96,98,100,100,100,102,102,104,104,106,106,106,106,106,108,108,108,108,108,110,110,110,110],"card_choices":[{"not_picked":["Seeing Red","Thunderclap"],"picked":"Iron Wave","floor":1.0},{"not_picked":["Headbutt","Shockwave"],"picked":"Armaments","floor":4.0},{"not_picked":["Headbutt","Twin Strike"],"picked":"Shrug It Off","floor":5.0},{"not_picked":["Bludgeon","Shrug It Off"],"picked":"Iron Wave","floor":7.0},{"not_picked":["Armaments","Searing Blow"],"picked":"Body Slam","floor":10.0},{"not_picked":["Burning Pact","Offering","Sever Soul"],"picked":"Singing Bowl","floor":13.0},{"not_picked":["Inflame","Whirlwind"],"picked":"Corruption","floor":14.0},{"not_picked":["Impervious","Juggernaut"],"picked":"Reaper","floor":16.0},{"not_picked":["Havoc","True Grit"],"picked":"Feel No Pain","floor":18.0},{"not_picked":["Clothesline","Burning Pact"],"picked":"Blood for Blood+1","floor":22.0},{"not_picked":["Clash","Warcry+1","Uppercut"],"picked":"Singing Bowl","floor":24.0},{"not_picked":["True Grit","Uppercut","Clash"],"picked":"Singing Bowl","floor":25.0},{"not_picked":["Intimidate+1","Twin Strike","Brutality"],"picked":"Singing Bowl","floor":27.0},{"not_picked":["Ghostly Armor+1","Brutality","Power Through"],"picked":"Singing Bowl","floor":29.0},{"not_picked":["Body Slam","Headbutt","Shrug It Off"],"picked":"Singing Bowl","floor":30.0},{"not_picked":["Bludgeon","Dark Embrace","Offering"],"picked":"Singing Bowl","floor":33.0},{"not_picked":["Metallicize","Perfected Strike","True Grit"],"picked":"Singing Bowl","floor":35.0},{"not_picked":["Good Instincts","Dramatic Entrance"],"picked":"Forethought","floor":36.0},{"not_picked":["Twin Strike","Thunderclap","Anger+1"],"picked":"Singing Bowl","floor":37.0},{"not_picked":["Demon Form","True Grit","Infernal Blade"],"picked":"Singing Bowl","floor":42.0},{"not_picked":["Ghostly Armor+1","Cleave"],"picked":"Body Slam+1","floor":46.0},{"not_picked":["Headbutt","Sever Soul","Intimidate+1"],"picked":"Singing Bowl","floor":47},{"not_picked":["Anger+1","Twin Strike"],"picked":"Dark Embrace","floor":48}],"player_experience":105297,"relics_obtained":[{"floor":8.0,"key":"Singing Bowl"},{"floor":9.0,"key":"Red Skull"},{"floor":10.0,"key":"Odd Mushroom"},{"floor":13.0,"key":"Orichalcum"},{"floor":26.0,"key":"Dead Branch"},{"floor":37.0,"key":"WingedGreaves"},{"floor":38.0,"key":"Nunchaku"},{"floor":42.0,"key":"Happy Flower"},{"floor":42.0,"key":"Vajra"},{"floor":43.0,"key":"Bottled Flame"}],"event_choices":[{"damage_healed":0.0,"max_hp_gain":0.0,"max_hp_loss":0.0,"gold_gain":0.0,"event_name":"Scrap Ooze","player_choice":"Success","floor":2.0,"gold_loss":0.0,"damage_taken":12.0,"relics_obtained":["Potion Belt"]},{"damage_healed":0.0,"max_hp_gain":0.0,"max_hp_loss":0.0,"gold_gain":0.0,"event_name":"Liars Game","player_choice":"Ignored","floor":3.0,"gold_loss":0.0,"damage_taken":0.0},{"damage_healed":0.0,"max_hp_gain":0.0,"max_hp_loss":0.0,"gold_gain":0.0,"event_name":"Mushrooms","player_choice":"Fought Mushrooms","floor":10.0,"gold_loss":0.0,"damage_taken":0.0},{"damage_healed":0.0,"max_hp_gain":0.0,"max_hp_loss":0.0,"gold_gain":0.0,"event_name":"Golden Idol","player_choice":"Take Wound","floor":11.0,"gold_loss":0.0,"damage_taken":0.0,"relics_obtained":["Golden Idol"],"cards_obtained":["Injury"]},{"cards_removed":["Injury"],"damage_healed":0.0,"max_hp_gain":0.0,"max_hp_loss":0.0,"gold_gain":0.0,"event_name":"Living Wall","player_choice":"Forget","floor":12.0,"gold_loss":0.0,"damage_taken":0.0},{"damage_healed":0.0,"max_hp_gain":0.0,"max_hp_loss":0.0,"gold_gain":0.0,"cards_transformed":["Strike_R","Strike_R"],"event_name":"Drug Dealer","player_choice":"Became Test Subject","floor":19.0,"gold_loss":0.0,"damage_taken":0.0,"cards_obtained":["Fire Breathing","Havoc"]},{"damage_healed":0.0,"max_hp_gain":0.0,"max_hp_loss":0.0,"gold_gain":0.0,"cards_transformed":["Strike_R"],"event_name":"Transmorgrifier","player_choice":"Transformed","floor":20.0,"gold_loss":0.0,"damage_taken":0.0,"cards_obtained":["Pommel Strike"]},{"damage_healed":0.0,"max_hp_gain":0.0,"max_hp_loss":0.0,"gold_gain":0.0,"event_name":"N\u0027loth","player_choice":"Traded Relic","floor":28.0,"relics_lost":["Orichalcum"],"gold_loss":0.0,"damage_taken":0.0,"relics_obtained":["Nloth\u0027s Gift"]},{"cards_removed":["Strike_R"],"damage_healed":0.0,"max_hp_gain":0.0,"max_hp_loss":0.0,"gold_gain":0.0,"event_name":"Back to Basics","player_choice":"Elegance","floor":31.0,"gold_loss":0.0,"damage_taken":0.0},{"damage_healed":0.0,"max_hp_gain":0.0,"max_hp_loss":0.0,"gold_gain":0.0,"event_name":"SensoryStone","player_choice":"Memory 1","floor":36.0,"gold_loss":0.0,"damage_taken":0.0},{"damage_healed":0.0,"max_hp_gain":0.0,"max_hp_loss":0.0,"gold_gain":0.0,"event_name":"MindBloom","player_choice":"Fight","floor":37.0,"gold_loss":0.0,"damage_taken":0.0},{"damage_healed":0.0,"max_hp_gain":0.0,"max_hp_loss":0.0,"gold_gain":0.0,"event_name":"Mysterious Sphere","player_choice":"Ignored","floor":45.0,"gold_loss":0.0,"damage_taken":0.0}],"is_beta":false,"boss_relics":[{"not_picked":["Sozu","Astrolabe"],"picked":"Runic Cube"},{"not_picked":["Cursed Key","Snecko Eye"],"picked":"Black Star"}],"items_purged_floors":[44],"is_endless":false,"potions_floor_spawned":[1,7,16,24,25,29,33,37,42],"ascension_level":0}