{"gold_per_floor":[114,114,114,131,143,143,157,122,122,122,134,134,151,162,162,260,260,276,295,52,52,81,81,93,106,130,130,130,150,160,180,180,180],"floor_reached":33,"playtime":2241,"items_purged":[],"score":268,"play_id":"0be19cad-2b99-4aa6-a180-d469b598bcc3","local_time":"20190825204014","is_ascension_mode":false,"campfire_choices":[{"data":"Genetic Algorithm","floor":6,"key":"SMITH"},{"data":"Rainbow","floor":12,"key":"SMITH"},{"data":"Defragment","floor":15,"key":"SMITH"},{"floor":23,"key":"REST"},{"floor":27,"key":"REST"},{"floor":32,"key":"REST"}],"neow_cost":"NONE","seed_source_timestamp":914434454704800,"circlet_count":0,"master_deck":["Strike_B","Strike_B","Strike_B","Strike_B","Defend_B","Defend_B","Defend_B","Defend_B","Zap","Dualcast","Genetic Algorithm+1","Streamline","Defragment+1","Rainbow+1","Genetic Algorithm","Melter","Doom and Gloom","Echo Form","Beam Cell","Go for the Eyes+1","Defragment","RitualDagger","Conserve Battery","Ball Lightning","Force Field","Flash of Steel","Trip","Panacea","Static Discharge+1","Barrage","Cold Snap"],"relics":["Cracked Core","Boot","Nuclear Battery","Lee\u0027s Waffle","Red Mask","Regal Pillow"],"potions_floor_usage":[16,31,31,33],"damage_taken":[{"damage":4,"enemies":"Cultist","floor":1,"turns":4},{"damage":4,"enemies":"Small Slimes","floor":4,"turns":4},{"damage":7,"enemies":"2 Louse","floor":5,"turns":2},{"damage":26,"enemies":"Gremlin Gang","floor":7,"turns":5},{"damage":6,"enemies":"Exordium Thugs","floor":11,"turns":5},{"damage":0,"enemies":"Large Slime","floor":13,"turns":5},{"damage":9,"enemies":"2 Fungi Beasts","floor":14,"turns":3},{"damage":34,"enemies":"Hexaghost","floor":16,"turns":11},{"damage":10,"enemies":"Shell Parasite","floor":18,"turns":4},{"damage":0,"enemies":"3 Byrds","floor":19,"turns":4},{"damage":50,"enemies":"Masked Bandits","floor":22,"turns":5},{"damage":15,"enemies":"Centurion and Healer","floor":24,"turns":5},{"damage":22,"enemies":"Shelled Parasite and Fungi","floor":25,"turns":6},{"damage":2,"enemies":"Cultist and Chosen","floor":29,"turns":5},{"damage":11,"enemies":"Centurion and Healer","floor":30,"turns":5},{"damage":9,"enemies":"3 Cultists","floor":31,"turns":3},{"damage":59,"enemies":"Collector","floor":33,"turns":7}],"seed_played":"3123466104257096792","potions_obtained":[{"floor":1,"key":"Fire Potion"},{"floor":5,"key":"Weak Potion"},{"floor":7,"key":"Energy Potion"},{"floor":18,"key":"FocusPotion"},{"floor":19,"key":"Explosive Potion"},{"floor":31,"key":"SpeedPotion"}],"is_trial":false,"path_per_floor":["M","?","?","M","M","R","M","?","T","?","M","R","M","M","R","B",null,"M","M","$","?","?","R","M","M","T","R","?","M","M","M","R","B"],"character_chosen":"DEFECT","items_purchased":["Defragment","Lee\u0027s Waffle"],"campfire_rested":3,"item_purchase_floors":[20,20],"current_hp_per_floor":[78,83,83,79,72,72,46,67,67,67,61,61,61,52,52,18,87,77,77,94,88,38,66,51,29,29,72,36,34,23,14,57,0],"gold":180,"neow_bonus":"TEN_PERCENT_HP_BONUS","is_prod":false,"is_daily":false,"chose_seed":false,"campfire_upgraded":3,"win_rate":0.0,"timestamp":1566790814,"path_taken":["M","?","?","M","M","R","M","?","T","?","M","R","M","M","R","BOSS","M","?","$","?","?","R","M","M","T","R","?","M","M","?","R","BOSS"],"build_version":"2019-07-17","purchased_purges":0,"victory":false,"max_hp_per_floor":[82,87,87,87,87,87,87,87,87,87,87,87,87,87,87,87,87,87,87,94,94,94,94,94,94,94,94,94,94,94,94,94,94],"card_choices":[{"not_picked":["Self Repair","Hologram"],"picked":"Genetic Algorithm","floor":1},{"not_picked":["Hello World","Beam Cell"],"picked":"Streamline","floor":4},{"not_picked":["Hologram","Reinforced Body"],"picked":"Defragment","floor":5},{"not_picked":["Fusion","Reprogram"],"picked":"Rainbow","floor":7},{"not_picked":["Reprogram","Leap"],"picked":"Genetic Algorithm","floor":11},{"not_picked":["Cold Snap","Streamline"],"picked":"Melter","floor":13},{"not_picked":["Melter","Reboot"],"picked":"Doom and Gloom","floor":14},{"not_picked":["Biased Cognition","Machine Learning"],"picked":"Echo Form","floor":16},{"not_picked":["Cold Snap","Consume"],"picked":"Beam Cell","floor":18},{"not_picked":["Leap","Hologram"],"picked":"Go for the Eyes+1","floor":19},{"not_picked":["Hologram","Genetic Algorithm"],"picked":"Conserve Battery","floor":22},{"not_picked":["Coolheaded+1","Conserve Battery"],"picked":"Ball Lightning","floor":24},{"not_picked":["Biased Cognition","Streamline"],"picked":"Force Field","floor":25},{"not_picked":["Genetic Algorithm","Storm"],"picked":"Static Discharge+1","floor":29},{"not_picked":["Steam+1","Compile Driver"],"picked":"Barrage","floor":30},{"not_picked":["Fusion","Aggregate+1"],"picked":"Cold Snap","floor":31}],"player_experience":67948,"relics_obtained":[{"floor":9,"key":"Boot"},{"floor":22,"key":"Red Mask"},{"floor":26,"key":"Regal Pillow"}],"event_choices":[{"damage_healed":0,"gold_gain":0,"player_choice":"Donut","damage_taken":0,"max_hp_gain":5,"max_hp_loss":0,"event_name":"Big Fish","floor":2,"gold_loss":0},{"damage_healed":0,"gold_gain":0,"player_choice":"Ignored","damage_taken":0,"max_hp_gain":0,"max_hp_loss":0,"event_name":"Liars Game","floor":3,"gold_loss":0},{"damage_healed":21,"gold_gain":0,"player_choice":"Healed","damage_taken":0,"max_hp_gain":0,"max_hp_loss":0,"event_name":"The Cleric","floor":8,"gold_loss":35},{"damage_healed":0,"gold_gain":0,"player_choice":"Bought 0 Potions","damage_taken":0,"max_hp_gain":0,"max_hp_loss":0,"event_name":"The Woman in Blue","floor":10,"gold_loss":0},{"damage_healed":0,"gold_gain":0,"player_choice":"Joined the Cult","damage_taken":6,"max_hp_gain":0,"max_hp_loss":0,"event_name":"Nest","floor":21,"gold_loss":0,"cards_obtained":["RitualDagger"]},{"damage_healed":0,"gold_gain":0,"player_choice":"Fought Bandits","damage_taken":0,"max_hp_gain":0,"max_hp_loss":0,"event_name":"Masked Bandits","floor":22,"gold_loss":0},{"damage_healed":0,"gold_gain":0,"player_choice":"CARD CARD CARD ","damage_taken":36,"max_hp_gain":0,"max_hp_loss":0,"event_name":"Knowing Skull","floor":28,"potions_obtained":[],"gold_loss":0,"cards_obtained":["Flash of Steel","Trip","Panacea"]}],"is_beta":false,"boss_relics":[{"not_picked":["Runic Dome","Lizard Tail"],"picked":"Nuclear Battery"}],"items_purged_floors":[],"is_endless":false,"potions_floor_spawned":[1,5,7,14,18,19,25,30,31],"killed_by":"Collector","ascension_level":0}