{"gold_per_floor":[110,80,90,107,122,122,140,167,167,9,9,21,21,31,31,128,128,144,174,174,189,207,207],"floor_reached":23,"playtime":4247,"items_purged":["Defend_R"],"score":195,"play_id":"46f49fc0-3ac3-4c09-b0be-3b8d0449e1e5","local_time":"20190830154945","is_ascension_mode":false,"campfire_choices":[{"data":"Perfected Strike","floor":6.0,"key":"SMITH"},{"data":"Hemokinesis","floor":11.0,"key":"SMITH"},{"data":"Armaments","floor":15.0,"key":"SMITH"}],"neow_cost":"","seed_source_timestamp":0,"circlet_count":0,"master_deck":["Strike_R","Strike_R","Strike_R","Strike_R","Strike_R","Defend_R","Defend_R","Defend_R","Bash+1","Headbutt","Pommel Strike","Perfected Strike+1","Flex","Hemokinesis+1","Headbutt","Hemokinesis","Shrug It Off","True Grit","Armaments+1","Juggernaut","Anger+1","Warcry+1","Shrug It Off","Perfected Strike","Power Through+1"],"special_seed":0,"relics":["Burning Blood","Regal Pillow","Question Card","Philosopher\u0027s Stone","Red Mask"],"potions_floor_usage":[21],"damage_taken":[{"damage":1.0,"enemies":"2 Louse","floor":1.0,"turns":3.0},{"damage":6.0,"enemies":"Cultist","floor":3.0,"turns":3.0},{"damage":0.0,"enemies":"Small Slimes","floor":4.0,"turns":3.0},{"damage":0.0,"enemies":"Exordium Wildlife","floor":5.0,"turns":2.0},{"damage":0.0,"enemies":"2 Fungi Beasts","floor":7.0,"turns":2.0},{"damage":21.0,"enemies":"Lagavulin","floor":8.0,"turns":5.0},{"damage":14.0,"enemies":"Lots of Slimes","floor":12.0,"turns":5.0},{"damage":0.0,"enemies":"Looter","floor":14.0,"turns":2.0},{"damage":27.0,"enemies":"The Guardian","floor":16.0,"turns":10.0},{"damage":24.0,"enemies":"Shell Parasite","floor":18.0,"turns":5.0},{"damage":23.0,"enemies":"Masked Bandits","floor":19.0,"turns":5.0},{"damage":39,"enemies":"3 Byrds","floor":21,"turns":6},{"damage":10,"enemies":"Shelled Parasite and Fungi","floor":22,"turns":3},{"damage":18,"enemies":"Gremlin Leader","floor":23,"turns":6}],"seed_played":"-1209008961811371282","potions_obtained":[{"floor":1.0,"key":"Fire Potion"},{"floor":2.0,"key":"EssenceOfSteel"},{"floor":2.0,"key":"PowerPotion"},{"floor":4.0,"key":"Weak Potion"},{"floor":19.0,"key":"AttackPotion"}],"is_trial":false,"path_per_floor":["M","?","M","M","M","R","M","E","T","$","R","M","?","M","R","B",null,"M","?","?","M","M","E"],"character_chosen":"IRONCLAD","items_purchased":["Hemokinesis","Shrug It Off"],"campfire_rested":0,"item_purchase_floors":[10,10],"current_hp_per_floor":[80,80,80,80,80,80,80,65,65,65,65,57,57,63,63,42,80,62,45,45,12,8,0],"gold":207,"neow_bonus":"","is_prod":false,"is_daily":false,"chose_seed":false,"campfire_upgraded":3,"win_rate":0.0,"timestamp":1567160385,"path_taken":["M","?","M","M","M","R","M","E","T","?","R","M","?","M","R","BOSS","M","?","?","M","?","E"],"build_version":"2019-07-17","purchased_purges":1,"victory":false,"max_hp_per_floor":[80,80,80,80,80,80,80,80,80,80,80,80,80,80,80,80,80,80,80,80,80,80,80],"card_choices":[{"not_picked":["Entrench","Rampage"],"picked":"Headbutt","floor":1.0},{"not_picked":["Fire Breathing","Clothesline"],"picked":"Pommel Strike","floor":3.0},{"not_picked":["Power Through","Headbutt"],"picked":"Perfected Strike","floor":4.0},{"not_picked":["Dark Embrace","Combust"],"picked":"Flex","floor":5.0},{"not_picked":["Rupture","Body Slam"],"picked":"Hemokinesis","floor":7.0},{"not_picked":["Sever Soul","Barricade"],"picked":"Headbutt","floor":8.0},{"not_picked":["Warcry","Pommel Strike","Dual Wield"],"picked":"True Grit","floor":12.0},{"not_picked":["Rupture","Warcry","Carnage"],"picked":"Armaments","floor":14.0},{"not_picked":["Brutality","Barricade","Fiend Fire"],"picked":"Juggernaut","floor":16.0},{"not_picked":["Sword Boomerang","Pummel","Twin Strike"],"picked":"Anger+1","floor":18.0},{"not_picked":["Anger","Clothesline","Headbutt"],"picked":"Warcry+1","floor":19.0},{"not_picked":["Twin Strike","Clothesline","Berserk"],"picked":"Perfected Strike","floor":21},{"not_picked":["Clash","Shockwave+1","Burning Pact"],"picked":"Power Through+1","floor":22}],"player_experience":0,"relics_obtained":[{"floor":8.0,"key":"Regal Pillow"},{"floor":9.0,"key":"Question Card"},{"floor":19.0,"key":"Red Mask"}],"event_choices":[{"damage_healed":0.0,"max_hp_gain":0.0,"max_hp_loss":0.0,"gold_gain":0.0,"event_name":"The Woman in Blue","player_choice":"Bought 2 Potions","floor":2.0,"gold_loss":0.0,"damage_taken":0.0},{"damage_healed":0.0,"max_hp_gain":0.0,"max_hp_loss":0.0,"gold_gain":0.0,"event_name":"Living Wall","player_choice":"Grow","floor":13.0,"gold_loss":0.0,"damage_taken":0.0,"cards_upgraded":["Bash"]},{"damage_healed":0.0,"max_hp_gain":0.0,"max_hp_loss":0.0,"gold_gain":0.0,"event_name":"Masked Bandits","player_choice":"Fought Bandits","floor":19.0,"gold_loss":0.0,"damage_taken":0.0},{"damage_healed":0.0,"max_hp_gain":0.0,"max_hp_loss":0.0,"gold_gain":0.0,"event_name":"Duplicator","player_choice":"Copied","floor":20.0,"gold_loss":0.0,"damage_taken":0.0,"cards_obtained":["Shrug It Off"]}],"is_beta":false,"boss_relics":[{"not_picked":["Orrery","Busted Crown"],"picked":"Philosopher\u0027s Stone"}],"items_purged_floors":[10],"is_endless":false,"potions_floor_spawned":[1,3,4,19],"killed_by":"Gremlin Leader","ascension_level":0}