{"path_per_floor":["M","?","M","M","$","R","M","E","T","?","E","R","M","?","R","B",null,"M","$"],"character_chosen":"DEFECT","items_purchased":["Rainbow","Singing Bowl","Hello World"],"gold_per_floor":[118,118,141,164,26,26,50,88,88,160,204,204,217,217,217,338,338,353,125,125],"floor_reached":20,"campfire_rested":2,"playtime":834,"item_purchase_floors":[5,19,19],"current_hp_per_floor":[73,55,55,55,55,55,55,55,55,55,24,46,45,45,67,46,75,52,52,0],"items_purged":[],"gold":125,"score":228,"play_id":"2372b370-4489-42d1-9e91-a0396a461d53","local_time":"20180619202508","is_prod":false,"is_daily":false,"chose_seed":false,"is_ascension_mode":true,"campfire_upgraded":1,"win_rate":0,"timestamp":1529432708,"campfire_choices":[{"data":"Rainbow","floor":6,"key":"SMITH"},{"floor":12,"key":"REST"},{"floor":15,"key":"REST"}],"path_taken":["M","?","M","M","$","R","M","E","T","?","E","R","M","?","R","BOSS","M","$","?"],"build_version":"2018-06-14v2","seed_source_timestamp":680437784139488,"purchased_purges":0,"victory":false,"master_deck":["Zap","Dualcast","Steam","Sunder","Capacitor","Rainbow+1","Tempest","BootSequence","Machine Learning","Defragment+1","Reboot","Loop","Beam Cell","Gash","Consume","White Noise","Steam","Barrage","Rebound","Darkness","Hello World"],"max_hp_per_floor":[75,75,75,75,75,75,75,75,75,75,75,75,75,75,75,75,75,75,75,75],"relics":["Cracked Core","Golden Idol","Du-Vu Doll","Bird Faced Urn","Bottled Tornado","Pandora\u0027s Box","Singing Bowl"],"card_choices":[{"not_picked":["Redo","Coolheaded"],"picked":"Steam","floor":1},{"not_picked":["Rebound","Compile Driver"],"picked":"Sunder","floor":3},{"not_picked":["Barrage","Steam"],"picked":"Capacitor","floor":4},{"not_picked":["Stack","Hologram"],"picked":"Tempest","floor":7},{"not_picked":["Sunder","Redo"],"picked":"BootSequence","floor":8},{"not_picked":["Leap","Go for the Eyes"],"picked":"Machine Learning","floor":11},{"not_picked":["Stack","Doom and Gloom"],"picked":"Defragment","floor":13},{"not_picked":["Hyperbeam","All For One"],"picked":"Reboot","floor":16},{"not_picked":["Streamline","Skim"],"picked":"Darkness","floor":18}],"player_experience":161859,"potions_floor_usage":[1,7,8,8,16,16,20],"damage_taken":[{"damage":2,"enemies":"Jaw Worm","floor":1,"turns":2},{"damage":0,"enemies":"2 Louse","floor":3,"turns":2},{"damage":0,"enemies":"Cultist","floor":4,"turns":2},{"damage":0,"enemies":"2 Fungi Beasts","floor":7,"turns":2},{"damage":0,"enemies":"Lagavulin","floor":8,"turns":5},{"damage":31,"enemies":"Gremlin Nob","floor":11,"turns":5},{"damage":3,"enemies":"Looter","floor":13,"turns":3},{"damage":27,"enemies":"Hexaghost","floor":16,"turns":8},{"damage":27,"enemies":"Shell Parasite","floor":18,"turns":5},{"damage":79,"floor":20,"turns":3}],"relics_obtained":[{"floor":8,"key":"Du-Vu Doll"},{"floor":9,"key":"Bird Faced Urn"},{"floor":11,"key":"Bottled Tornado"}],"event_choices":[{"event_name":"Golden Idol","player_choice":"Take Damage","floor":2,"damage_taken":0},{"event_name":"Golden Wing","player_choice":"Gained Gold","floor":10,"damage_taken":0},{"event_name":"Living Wall","player_choice":"Grow","floor":14,"damage_taken":0},{"event_name":"Masked Bandits","player_choice":"Fought over 125 gold","floor":20,"damage_taken":0}],"boss_relics":[{"not_picked":["Philosopher\u0027s Stone","Lizard Tail"],"picked":"Pandora\u0027s Box"}],"items_purged_floors":[],"is_endless":false,"potions_floor_spawned":[7,8,11,13],"seed_played":"2655981057947795473","ascension_level":2,"potions_obtained":[{"floor":7,"key":"Block Potion"},{"floor":8,"key":"Ancient Potion"},{"floor":11,"key":"Swift Potion"},{"floor":13,"key":"Block Potion"}],"is_trial":false}