{"gold_per_floor":[114,77,93,111,131,131,142,157,157,157,170,170,184,196,196,299,299,313,323,323,338,353,353,367,387,413,413,413],"floor_reached":28,"playtime":1795,"items_purged":[],"score":220,"play_id":"19a85d06-00a8-435e-8e0e-8377487dfb67","local_time":"20190716055320","is_ascension_mode":false,"campfire_choices":[{"data":"Dualcast","floor":6,"key":"SMITH"},{"floor":12,"key":"REST"},{"data":"Zap","floor":15,"key":"SMITH"},{"floor":23,"key":"RECALL"}],"neow_cost":"NONE","seed_source_timestamp":361597107883186,"circlet_count":0,"master_deck":["Strike_B","Strike_B","Strike_B","Strike_B+1","Defend_B","Defend_B","Defend_B","Defend_B","Zap+1","Dualcast+1","Capacitor+1","Ball Lightning","Ball Lightning","Conserve Battery","All For One","Conserve Battery","Scrape+1","Turbo+1","Conserve Battery"],"relics":["Cracked Core","Letter Opener","Art of War"],"potions_floor_usage":[11,13,16,22,28],"damage_taken":[{"damage":1,"enemies":"Cultist","floor":1,"turns":3},{"damage":6,"enemies":"Jaw Worm","floor":3,"turns":3},{"damage":2,"enemies":"2 Louse","floor":4,"turns":2},{"damage":13,"enemies":"Gremlin Gang","floor":5,"turns":3},{"damage":5,"enemies":"Looter","floor":7,"turns":3},{"damage":22,"enemies":"Exordium Thugs","floor":8,"turns":5},{"damage":0,"enemies":"Blue Slaver","floor":11,"turns":1},{"damage":6,"enemies":"Exordium Wildlife","floor":13,"turns":2},{"damage":0,"enemies":"3 Louse","floor":14,"turns":2},{"damage":4,"enemies":"Slime Boss","floor":16,"turns":7},{"damage":5,"enemies":"Chosen","floor":18,"turns":3},{"damage":15,"enemies":"2 Thieves","floor":19,"turns":3},{"damage":25,"enemies":"Snake Plant","floor":21,"turns":3},{"damage":2,"enemies":"Centurion and Healer","floor":22,"turns":7},{"damage":10,"enemies":"Cultist and Chosen","floor":24,"turns":4},{"damage":9,"enemies":"Snake Plant","floor":25,"turns":3},{"damage":21,"enemies":"Gremlin Leader","floor":28,"turns":2}],"seed_played":"4244366707826925768","potions_obtained":[{"floor":1,"key":"Block Potion"},{"floor":4,"key":"SteroidPotion"},{"floor":8,"key":"Strength Potion"},{"floor":11,"key":"SteroidPotion"},{"floor":13,"key":"FocusPotion"},{"floor":21,"key":"Block Potion"},{"floor":22,"key":"FearPotion"},{"floor":25,"key":"SkillPotion"}],"is_trial":false,"path_per_floor":["M","$","M","M","M","R","M","M","T","?","M","R","M","M","R","B",null,"M","M","?","M","M","R","M","M","T","?","E"],"character_chosen":"DEFECT","items_purchased":["Capacitor"],"campfire_rested":1,"item_purchase_floors":[2],"current_hp_per_floor":[81,81,75,73,60,60,55,33,33,17,17,41,35,35,35,31,82,77,62,62,37,35,35,25,16,16,16,0],"gold":413,"neow_bonus":"TEN_PERCENT_HP_BONUS","is_prod":false,"is_daily":false,"chose_seed":false,"campfire_upgraded":2,"win_rate":0,"timestamp":1563224000,"path_taken":["M","$","M","M","M","R","?","M","T","?","M","R","M","M","R","BOSS","M","M","?","M","M","R","?","M","T","?","E"],"build_version":"2019-07-05","purchased_purges":0,"victory":false,"max_hp_per_floor":[82,82,82,82,82,82,82,82,82,82,82,82,82,82,82,82,82,82,82,82,82,82,82,82,82,82,82,82],"card_choices":[{"not_picked":["Aggregate","Stack","Turbo"],"picked":"SKIP","floor":1},{"not_picked":["Rebound","Auto Shields","Coolheaded"],"picked":"SKIP","floor":3},{"not_picked":["Hologram","Compile Driver","BootSequence"],"picked":"SKIP","floor":4},{"not_picked":["Sweeping Beam","Turbo","Gash"],"picked":"SKIP","floor":5},{"not_picked":["Go for the Eyes","Heatsinks","Steam"],"picked":"SKIP","floor":7},{"not_picked":["Rip and Tear","Meteor Strike"],"picked":"Ball Lightning","floor":8},{"not_picked":["Leap","Beam Cell"],"picked":"Ball Lightning","floor":11},{"not_picked":["Skim","Ball Lightning"],"picked":"Conserve Battery","floor":13},{"not_picked":["Go for the Eyes","Rebound","Hologram"],"picked":"SKIP","floor":14},{"not_picked":["Fission","Creative AI"],"picked":"All For One","floor":16},{"not_picked":["Barrage","Melter+1"],"picked":"Conserve Battery","floor":18},{"not_picked":["Rip and Tear","Steam","Core Surge"],"picked":"SKIP","floor":19},{"not_picked":["Beam Cell+1","Stack","BootSequence"],"picked":"SKIP","floor":21},{"not_picked":["Tempest","Leap"],"picked":"Scrape+1","floor":22},{"not_picked":["Barrage","Hologram"],"picked":"Turbo","floor":24},{"not_picked":["Turbo+1","Streamline+1"],"picked":"Conserve Battery","floor":25}],"player_experience":243427,"relics_obtained":[{"floor":26,"key":"Art of War"}],"event_choices":[{"damage_healed":0,"gold_gain":0,"player_choice":"Entered Light","damage_taken":16,"max_hp_gain":0,"max_hp_loss":0,"event_name":"Shining Light","floor":10,"gold_loss":0,"cards_upgraded":["Capacitor","Strike_B"]},{"damage_healed":0,"gold_gain":0,"player_choice":"Gave Potion","damage_taken":0,"relics_obtained":["Letter Opener"],"max_hp_gain":0,"max_hp_loss":0,"event_name":"WeMeetAgain","floor":20,"gold_loss":0},{"damage_healed":0,"gold_gain":0,"player_choice":"Forge","damage_taken":0,"max_hp_gain":0,"max_hp_loss":0,"event_name":"Accursed Blacksmith","floor":27,"gold_loss":0,"cards_upgraded":["Turbo"]}],"is_beta":false,"boss_relics":[{"not_picked":["Ectoplasm","Snecko Eye","Busted Crown"]}],"items_purged_floors":[],"is_endless":false,"potions_floor_spawned":[1,4,8,11,13,21,22,25],"killed_by":"Gremlin Leader","ascension_level":0}