{"gold_per_floor":[119,131,60,71,88,88,102,102,102,52,82,62,62,79,79,181,181,196,177,34,34,34],"floor_reached":22,"playtime":1263,"items_purged":["Defend_B"],"score":186,"play_id":"d45a1b48-de90-4fca-9d07-c07f8efd607a","local_time":"20190814163949","is_ascension_mode":false,"campfire_choices":[{"data":"Double Energy","floor":6,"key":"SMITH"},{"data":"Dualcast","floor":8,"key":"SMITH"},{"floor":15,"key":"REST"}],"neow_cost":"NONE","seed_source_timestamp":1943677318877966,"circlet_count":0,"master_deck":["Strike_B","Strike_B","Strike_B","Defend_B","Defend_B","Defend_B","Zap","Dualcast+1","Darkness","Double Energy+1","Darkness","Reinforced Body","Reinforced Body","Defragment"],"relics":["Cracked Core","Incense Burner","Nunchaku","Orrery"],"potions_floor_usage":[5,16,18,22],"damage_taken":[{"damage":0,"enemies":"Small Slimes","floor":1,"turns":2},{"damage":3,"enemies":"2 Louse","floor":2,"turns":2},{"damage":0,"enemies":"Cultist","floor":4,"turns":4},{"damage":14,"enemies":"Exordium Thugs","floor":5,"turns":6},{"damage":5,"enemies":"Looter","floor":7,"turns":3},{"damage":46,"enemies":"Gremlin Nob","floor":11,"turns":5},{"damage":0,"enemies":"Exordium Wildlife","floor":14,"turns":3},{"damage":37,"enemies":"Slime Boss","floor":16,"turns":8},{"damage":28,"enemies":"3 Byrds","floor":18,"turns":5},{"damage":13,"enemies":"2 Thieves","floor":19,"turns":5},{"damage":30,"enemies":"Sentry and Sphere","floor":22,"turns":8}],"seed_played":"-4987173488920113193","potions_obtained":[{"floor":2,"key":"Ancient Potion"},{"floor":4,"key":"Poison Potion"},{"floor":12,"key":"SpeedPotion"},{"floor":16,"key":"Explosive Potion"},{"floor":18,"key":"Block Potion"}],"is_trial":false,"path_per_floor":["M","M","$","M","M","R","M","R","T","?","E","?","$","M","R","B",null,"M","M","$","?","M"],"character_chosen":"DEFECT","items_purchased":["Double Energy","Defragment"],"campfire_rested":1,"item_purchase_floors":[3,20],"current_hp_per_floor":[82,79,79,79,65,65,60,60,60,60,14,14,14,14,38,1,82,54,41,41,25,0],"gold":34,"neow_bonus":"TEN_PERCENT_HP_BONUS","is_prod":false,"is_daily":false,"chose_seed":false,"campfire_upgraded":2,"win_rate":0,"timestamp":1565768389,"path_taken":["M","M","$","M","M","R","M","R","T","?","E","?","$","M","R","BOSS","M","M","$","?","M"],"build_version":"2019-07-05","purchased_purges":1,"victory":false,"max_hp_per_floor":[82,82,82,82,82,82,82,82,82,82,82,82,82,82,82,82,82,82,82,82,87,87],"card_choices":[{"not_picked":["Go for the Eyes","Stack","Recycle"],"picked":"SKIP","floor":1},{"not_picked":["Beam Cell","Ball Lightning"],"picked":"Darkness","floor":2},{"not_picked":["Rip and Tear","Hologram","Hello World"],"picked":"SKIP","floor":4},{"not_picked":["Hello World","Gash","Force Field"],"picked":"SKIP","floor":5},{"not_picked":["Barrage","Tempest","Rainbow"],"picked":"SKIP","floor":7},{"not_picked":["Compile Driver","Reprogram","Scrape"],"picked":"SKIP","floor":11},{"not_picked":["Sweeping Beam","Rebound","Leap"],"picked":"SKIP","floor":14},{"not_picked":["Sweeping Beam","Leap"],"picked":"Darkness","floor":17},{"not_picked":["Undo","Double Energy"],"picked":"Reinforced Body","floor":17},{"not_picked":["Hologram","Rebound"],"picked":"Reinforced Body","floor":17},{"not_picked":["Go for the Eyes","Ball Lightning","Sunder"],"picked":"SKIP","floor":18},{"not_picked":["Self Repair","Streamline","Stack+1"],"picked":"SKIP","floor":19}],"player_experience":486890,"relics_obtained":[{"floor":9,"key":"Incense Burner"},{"floor":11,"key":"Nunchaku"}],"event_choices":[{"cards_removed":["Strike_B"],"damage_healed":0,"gold_gain":0,"player_choice":"Card Removal","damage_taken":0,"max_hp_gain":0,"max_hp_loss":0,"event_name":"The Cleric","floor":10,"gold_loss":50},{"damage_healed":0,"gold_gain":0,"player_choice":"Bought 1 Potion","damage_taken":0,"max_hp_gain":0,"max_hp_loss":0,"event_name":"The Woman in Blue","floor":12,"gold_loss":0},{"damage_healed":0,"gold_gain":0,"player_choice":"Shed Blood","damage_taken":21,"max_hp_gain":5,"max_hp_loss":0,"event_name":"Forgotten Altar","floor":21,"gold_loss":0}],"is_beta":false,"boss_relics":[{"not_picked":["Velvet Choker","Calling Bell"],"picked":"Orrery"}],"items_purged_floors":[20],"is_endless":false,"potions_floor_spawned":[2,4,16,18],"killed_by":"Sentry and Sphere","ascension_level":0}