{"gold_per_floor":[114,129,140,157,9,9,36,46,124,89,89,89,112,5,5,104,104,115,20,36,36,36,36,51,63,116,116,26,26,46,61,61,160,160,173,173,173,0,19,19,33,33,86,86],"floor_reached":44,"playtime":2606,"items_purged":[],"score":408,"play_id":"2f6769ce-78f4-4652-b1c9-49f2ba3ca6cf","local_time":"20190830194659","is_ascension_mode":false,"campfire_choices":[{"data":"Inflame","floor":6,"key":"SMITH"},{"data":"Bludgeon","floor":11,"key":"SMITH"},{"data":"Flex","floor":15,"key":"SMITH"},{"floor":23,"key":"REST"},{"floor":27,"key":"REST"},{"floor":29,"key":"REST"},{"floor":32,"key":"REST"},{"data":"Whirlwind","floor":40,"key":"SMITH"},{"floor":42,"key":"REST"}],"neow_cost":"NONE","seed_source_timestamp":2581593494781108,"circlet_count":0,"master_deck":["Strike_R","Strike_R","Strike_R","Strike_R","Strike_R","Defend_R","Defend_R","Defend_R","Defend_R","Bash","Thunderclap","Anger","Iron Wave","Whirlwind+1","Inflame+1","Dual Wield+1","Bludgeon+1","Headbutt","Flex+1","Inflame","Entrench","Demon Form","Carnage+1","Searing Blow","Ghostly Armor","Cleave","Flex","Disarm","Spot Weakness","Pummel","Flame Barrier","Writhe","Flex+1","Twin Strike+1"],"relics":["Burning Blood","NeowsBlessing","Vajra","Meat on the Bone","Odd Mushroom","Lizard Tail","Thread and Needle","Centennial Puzzle","Runic Pyramid","Red Mask","Omamori"],"potions_floor_usage":[7,16,18,25,33,41],"damage_taken":[{"damage":0,"enemies":"Small Slimes","floor":1,"turns":1},{"damage":0,"enemies":"2 Louse","floor":2,"turns":1},{"damage":0,"enemies":"Jaw Worm","floor":3,"turns":1},{"damage":6,"enemies":"Blue Slaver","floor":4,"turns":5},{"damage":18,"enemies":"3 Sentries","floor":7,"turns":4},{"damage":5,"enemies":"Exordium Thugs","floor":8,"turns":2},{"damage":13,"enemies":"The Mushroom Lair","floor":13,"turns":3},{"damage":33,"enemies":"Slime Boss","floor":16,"turns":7},{"damage":10,"enemies":"Spheric Guardian","floor":18,"turns":3},{"damage":13,"enemies":"2 Thieves","floor":20,"turns":4},{"damage":61,"enemies":"Centurion and Healer","floor":24,"turns":5},{"damage":30,"enemies":"Snake Plant","floor":25,"turns":6},{"damage":25,"enemies":"Chosen and Byrds","floor":30,"turns":5},{"damage":9,"enemies":"Snecko","floor":31,"turns":4},{"damage":105,"enemies":"Collector","floor":33,"turns":8},{"damage":47,"enemies":"3 Darklings","floor":35,"turns":4},{"damage":15,"enemies":"Orb Walker","floor":39,"turns":4},{"damage":42,"enemies":"Transient","floor":41,"turns":5},{"damage":90,"enemies":"Maw","floor":44,"turns":8}],"seed_played":"-1792861783586334772","potions_obtained":[{"floor":3,"key":"Energy Potion"},{"floor":4,"key":"LiquidBronze"},{"floor":7,"key":"Fire Potion"},{"floor":24,"key":"Block Potion"},{"floor":31,"key":"EssenceOfSteel"},{"floor":33,"key":"SpeedPotion"},{"floor":35,"key":"Poison Potion"},{"floor":41,"key":"Poison Potion"}],"is_trial":false,"path_per_floor":["M","M","M","M","$","R","E","M","T","?","R","?","?","$","R","B",null,"M","?","M","?","?","R","M","M","T","R","$","R","M","M","R","B",null,"M","?","?","?","M","R","M","R","T","M"],"character_chosen":"IRONCLAD","items_purchased":["Inflame","Dual Wield","Inflame","Entrench","Flex","Disarm"],"campfire_rested":5,"item_purchase_floors":[5,5,14,14,28,28],"current_hp_per_floor":[80,80,80,80,80,80,68,69,69,80,80,80,73,73,73,58,80,76,76,69,53,53,77,34,22,22,46,46,70,51,48,72,35,80,51,51,71,71,62,62,38,62,62,0],"gold":86,"neow_bonus":"THREE_ENEMY_KILL","is_prod":false,"is_daily":false,"chose_seed":false,"campfire_upgraded":4,"win_rate":0.0,"timestamp":1567212419,"path_taken":["M","M","M","M","$","R","E","M","T","?","R","?","?","?","R","BOSS","M","?","?","?","?","R","M","M","T","R","$","R","M","M","R","BOSS","M","?","?","?","M","R","M","R","T","M"],"build_version":"2019-07-17","purchased_purges":0,"victory":false,"max_hp_per_floor":[80,80,80,80,80,80,80,80,80,80,80,80,80,80,80,80,80,80,80,80,80,80,80,80,80,80,80,80,80,80,80,80,80,80,80,80,80,80,80,80,80,80,80,80],"card_choices":[{"not_picked":["Seeing Red","Shockwave"],"picked":"Thunderclap","floor":1},{"not_picked":["Cleave","Body Slam"],"picked":"Anger","floor":2},{"not_picked":["Clash","Second Wind"],"picked":"Iron Wave","floor":3},{"not_picked":["Second Wind","Entrench"],"picked":"Whirlwind","floor":4},{"not_picked":["Heavy Blade","Rupture"],"picked":"Bludgeon","floor":7},{"not_picked":["Sword Boomerang","Whirlwind"],"picked":"Headbutt","floor":8},{"not_picked":["Rage","Flame Barrier"],"picked":"Flex","floor":13},{"not_picked":["Bludgeon","Barricade"],"picked":"Demon Form","floor":16},{"not_picked":["True Grit","Infernal Blade"],"picked":"Carnage+1","floor":18},{"not_picked":["Rupture","Rage"],"picked":"Searing Blow","floor":20},{"not_picked":["Rupture","Entrench+1"],"picked":"Ghostly Armor","floor":24},{"not_picked":["Dropkick","Combust"],"picked":"Cleave","floor":25},{"not_picked":["Sword Boomerang","Dual Wield+1"],"picked":"Spot Weakness","floor":30},{"not_picked":["Shockwave","Warcry"],"picked":"Pummel","floor":31},{"not_picked":["Berserk","Brutality"],"picked":"Fiend Fire","floor":33},{"not_picked":["Sword Boomerang","Dual Wield+1"],"picked":"Flame Barrier","floor":35},{"not_picked":["Seeing Red+1","Perfected Strike+1"],"picked":"Flex+1","floor":39},{"not_picked":["Warcry+1","Power Through+1"],"picked":"Twin Strike+1","floor":41}],"player_experience":22697,"relics_obtained":[{"floor":7,"key":"Vajra"},{"floor":9,"key":"Meat on the Bone"},{"floor":13,"key":"Odd Mushroom"},{"floor":26,"key":"Centennial Puzzle"},{"floor":43,"key":"Omamori"}],"event_choices":[{"damage_healed":20,"gold_gain":0,"player_choice":"Healed","damage_taken":0,"max_hp_gain":0,"max_hp_loss":0,"event_name":"The Cleric","floor":10,"gold_loss":35},{"damage_healed":0,"gold_gain":0,"player_choice":"Grow","damage_taken":0,"max_hp_gain":0,"max_hp_loss":0,"event_name":"Living Wall","floor":12,"gold_loss":0,"cards_upgraded":["Dual Wield"]},{"damage_healed":0,"gold_gain":0,"player_choice":"Fought Mushrooms","damage_taken":0,"max_hp_gain":0,"max_hp_loss":0,"event_name":"Mushrooms","floor":13,"gold_loss":0},{"damage_healed":0,"gold_gain":0,"player_choice":"Paid Gold","damage_taken":0,"relics_obtained":["Thread and Needle"],"max_hp_gain":0,"max_hp_loss":0,"event_name":"WeMeetAgain","floor":19,"gold_loss":95},{"damage_healed":0,"gold_gain":0,"player_choice":"Obtained Book","damage_taken":16,"max_hp_gain":0,"max_hp_loss":0,"event_name":"Cursed Tome","floor":21,"gold_loss":0},{"damage_healed":0,"gold_gain":0,"player_choice":"Ignored","damage_taken":0,"max_hp_gain":0,"max_hp_loss":0,"event_name":"Ghosts","floor":22,"gold_loss":0},{"cards_removed":["Fiend Fire"],"damage_healed":0,"gold_gain":0,"player_choice":"Removed Attack","damage_taken":0,"max_hp_gain":0,"max_hp_loss":0,"event_name":"Falling","floor":36,"gold_loss":0},{"damage_healed":20,"gold_gain":0,"player_choice":"Writhe","damage_taken":0,"max_hp_gain":0,"max_hp_loss":0,"event_name":"Winding Halls","floor":37,"gold_loss":0,"cards_obtained":["Writhe"]},{"damage_healed":0,"gold_gain":0,"player_choice":"Paid","damage_taken":0,"relics_obtained":["Red Mask"],"max_hp_gain":0,"max_hp_loss":0,"event_name":"Tomb of Lord Red Mask","floor":38,"gold_loss":173}],"is_beta":false,"boss_relics":[{"not_picked":["Ectoplasm","Snecko Eye"],"picked":"Lizard Tail"},{"not_picked":["Velvet Choker","White Beast Statue"],"picked":"Runic Pyramid"}],"items_purged_floors":[],"is_endless":false,"potions_floor_spawned":[3,4,7,24,31,33,35,41],"killed_by":"Maw","ascension_level":0}