{"gold_per_floor":[118,293,310,327,338,338,263,263,263,263,90,100,117,117,117,212,212,227,243,260,260,260,260,69,69,95,111,111,123,123,137,137,232,232,252,268,268,343,183,183,216,235,235,235],"floor_reached":44,"playtime":2153,"items_purged":["Regret","Doubt"],"score":559,"play_id":"f6bb985b-98b6-41c5-a3b8-d94e5ed4c570","local_time":"20190104143253","is_ascension_mode":true,"campfire_choices":[{"floor":6,"key":"REST"},{"data":"Clothesline","floor":15,"key":"SMITH"},{"floor":23,"key":"REST"},{"data":"Thunderclap","floor":25,"key":"SMITH"},{"floor":30,"key":"REST"},{"data":"Flame Barrier","floor":32,"key":"SMITH"},{"floor":40,"key":"REST"}],"neow_cost":"CURSE","seed_source_timestamp":449195875197418,"circlet_count":0,"master_deck":["Strike_R","Strike_R","Strike_R","Strike_R","Strike_R","Defend_R","Defend_R","Defend_R","Defend_R","Bash","Cleave","Anger","Battle Trance","Shrug It Off","Clothesline+1","Thunderclap+1","Metallicize","Immolate","Apotheosis","Headbutt","Flame Barrier+1","Juggernaut","Immolate","Shrug It Off"],"relics":["Burning Blood","StoneCalendar","Bronze Scales","Blue Candle","Snecko Eye","Nloth\u0027s Gift","Velvet Choker","Centennial Puzzle","Gremlin Horn"],"potions_floor_usage":[16,19,33,41,41,42],"damage_taken":[{"damage":14,"enemies":"2 Louse","floor":1,"turns":3},{"damage":25,"enemies":"Jaw Worm","floor":3,"turns":4},{"damage":2,"enemies":"Small Slimes","floor":4,"turns":2},{"damage":37,"enemies":"Gremlin Gang","floor":5,"turns":5},{"damage":14,"enemies":"Lots of Slimes","floor":12,"turns":3},{"damage":1,"enemies":"Looter","floor":13,"turns":3},{"damage":22,"enemies":"Slime Boss","floor":16,"turns":7},{"damage":19,"enemies":"Spheric Guardian","floor":18,"turns":4},{"damage":10,"enemies":"Chosen","floor":19,"turns":4},{"damage":21,"enemies":"Snake Plant","floor":20,"turns":4},{"damage":5,"enemies":"Colosseum Slavers","floor":22,"turns":2},{"damage":5,"enemies":"Snecko","floor":27,"turns":4},{"damage":41,"enemies":"Shelled Parasite and Fungi","floor":29,"turns":5},{"damage":2,"enemies":"Cultist and Chosen","floor":31,"turns":3},{"damage":31,"enemies":"Collector","floor":33,"turns":8},{"damage":37,"enemies":"3 Darklings","floor":35,"turns":4},{"damage":12,"enemies":"3 Shapes","floor":36,"turns":4},{"damage":44,"enemies":"Nemesis","floor":41,"turns":7},{"damage":3,"enemies":"3 Darklings","floor":42,"turns":3},{"damage":43,"enemies":"Transient","floor":44,"turns":4}],"seed_played":"-3109052707669766922","potions_obtained":[{"floor":1,"key":"Regen Potion"},{"floor":3,"key":"LiquidBronze"},{"floor":12,"key":"Strength Potion"},{"floor":20,"key":"Swift Potion"},{"floor":29,"key":"SpeedPotion"},{"floor":35,"key":"Fruit Juice"},{"floor":41,"key":"Block Potion"}],"is_trial":false,"path_per_floor":["M","?","M","M","M","R","$","?","T","?","$","M","M","$","R","B",null,"M","M","M","$","?","R","$","R","T","M","?","M","R","M","R","B",null,"M","M","?","?","$","R","E","M","T","M"],"character_chosen":"IRONCLAD","items_purchased":["Shrug It Off","Clothesline","Apotheosis","Immolate"],"campfire_rested":4,"item_purchase_floors":[11,11,24,39],"current_hp_per_floor":[64,64,45,49,18,42,42,68,68,68,68,60,65,65,65,49,72,59,67,52,52,53,77,77,77,77,78,78,43,67,71,71,46,72,41,35,35,28,28,50,17,20,20,0],"gold":235,"neow_bonus":"ONE_RARE_RELIC","is_prod":false,"is_daily":false,"chose_seed":false,"campfire_upgraded":3,"win_rate":0,"timestamp":1546579973,"path_taken":["M","?","M","M","M","R","$","?","T","?","$","?","?","$","R","BOSS","M","M","M","$","?","R","$","R","T","M","?","M","R","M","R","BOSS","M","?","?","?","$","R","E","?","T","M"],"build_version":"2019-01-03v3","purchased_purges":2,"victory":false,"max_hp_per_floor":[80,80,80,80,80,80,80,80,80,80,80,80,80,80,80,80,80,80,80,80,80,80,80,80,80,80,80,80,80,80,80,80,80,80,80,80,76,76,76,76,81,81,81,81],"card_choices":[{"not_picked":["Havoc","Battle Trance"],"picked":"Cleave","floor":1},{"not_picked":["Metallicize","Armaments"],"picked":"Anger","floor":3},{"not_picked":["Hemokinesis","Berserk","Havoc"],"picked":"SKIP","floor":4},{"not_picked":["Cleave","Twin Strike"],"picked":"Battle Trance","floor":5},{"not_picked":["Pummel","Heavy Blade"],"picked":"Thunderclap","floor":12},{"not_picked":["Flex","Ghostly Armor"],"picked":"Metallicize","floor":13},{"not_picked":["Juggernaut","Barricade"],"picked":"Immolate","floor":16},{"not_picked":["Perfected Strike","Flex","Bloodletting"],"picked":"SKIP","floor":18},{"not_picked":["Warcry+1","Fire Breathing+1","Iron Wave"],"picked":"SKIP","floor":19},{"not_picked":["Perfected Strike+1","Armaments","Heavy Blade"],"picked":"SKIP","floor":20},{"not_picked":["Thunderclap+1","True Grit","Entrench+1"],"picked":"SKIP","floor":27},{"not_picked":["Second Wind+1","Body Slam"],"picked":"Headbutt","floor":29},{"not_picked":["Immolate","Ghostly Armor"],"picked":"Flame Barrier","floor":31},{"not_picked":["Immolate","Dark Embrace"],"picked":"Juggernaut","floor":33},{"not_picked":["Iron Wave+1","Corruption","Havoc"],"picked":"SKIP","floor":35},{"not_picked":["Iron Wave","Pommel Strike","Thunderclap+1"],"picked":"SKIP","floor":36},{"not_picked":["Berserk","Body Slam+1","Brutality"],"picked":"SKIP","floor":41},{"not_picked":["Warcry+1","Body Slam"],"picked":"Shrug It Off","floor":42}],"player_experience":145124,"relics_obtained":[{"floor":9,"key":"Bronze Scales"},{"floor":26,"key":"Potion Belt"},{"floor":41,"key":"Centennial Puzzle"},{"floor":43,"key":"Gremlin Horn"}],"event_choices":[{"damage_healed":0,"gold_gain":175,"player_choice":"AGREE","damage_taken":0,"max_hp_gain":0,"max_hp_loss":0,"event_name":"Liars Game","floor":2,"gold_loss":0,"cards_obtained":["Doubt"]},{"damage_healed":26,"gold_gain":0,"player_choice":"Banana","damage_taken":0,"max_hp_gain":0,"max_hp_loss":0,"event_name":"Big Fish","floor":8,"gold_loss":0},{"damage_healed":0,"gold_gain":0,"player_choice":"Gave Potion","damage_taken":0,"relics_obtained":["Blue Candle"],"max_hp_gain":0,"max_hp_loss":0,"event_name":"WeMeetAgain","floor":10,"gold_loss":0},{"damage_healed":0,"gold_gain":0,"player_choice":"Fight","damage_taken":0,"max_hp_gain":0,"max_hp_loss":0,"event_name":"Colosseum","floor":22,"gold_loss":0},{"damage_healed":0,"gold_gain":0,"player_choice":"Fled From Nobs","damage_taken":0,"max_hp_gain":0,"max_hp_loss":0,"event_name":"Colosseum","floor":22,"gold_loss":0},{"damage_healed":0,"gold_gain":0,"player_choice":"Traded Relic","damage_taken":0,"relics_obtained":["Nloth\u0027s Gift"],"max_hp_gain":0,"max_hp_loss":0,"event_name":"N\u0027loth","floor":28,"relics_lost":["Potion Belt"],"gold_loss":0},{"damage_healed":0,"gold_gain":0,"player_choice":"Max HP","damage_taken":0,"max_hp_gain":0,"max_hp_loss":4,"event_name":"Winding Halls","floor":37,"gold_loss":0},{"damage_healed":0,"gold_gain":75,"player_choice":"Touch","damage_taken":7,"max_hp_gain":0,"max_hp_loss":0,"event_name":"FaceTrader","floor":38,"gold_loss":0}],"is_beta":false,"boss_relics":[{"not_picked":["Tiny House","Busted Crown"],"picked":"Snecko Eye"},{"not_picked":["Empty Cage","Eternal Feather"],"picked":"Velvet Choker"}],"items_purged_floors":[7,11],"is_endless":false,"potions_floor_spawned":[1,3,12,20,22,29,35,41],"killed_by":"Transient","ascension_level":6}