{"path_per_floor":["M","?","M","?","M","E","R","M","T","$","M","M","R","?","R","B",null,"M","M","M","?"],"character_chosen":"THE_SILENT","items_purchased":["Predator","Snake Skull","Frozen Egg"],"gold_per_floor":[113,288,298,298,309,343,343,363,363,28,43,53,53,77,77,179,179,194,206,219,219],"floor_reached":22,"campfire_rested":2,"playtime":1947,"current_hp_per_floor":[70,70,63,63,61,27,48,42,42,42,40,40,40,31,52,36,70,66,38,22,22],"items_purged":[],"gold":219,"play_id":"d96c6b02-6d7b-455d-a649-ab71235e72e2","is_prod":false,"is_daily":false,"is_ascension_mode":false,"campfire_upgraded":1,"path_taken":["M","?","M","?","?","E","R","M","T","$","M","M","R","?","R","BOSS","M","M","M","?","M"],"build_version":"2018-01-25-PROD3","purchased_purges":0,"victory":false,"master_deck":["Defend_G","Defend_G","Defend_G","Defend_G","Strike_G","Strike_G","Strike_G","Strike_G","Strike_G","Survivor","Neutralize+1","Masterful Stab","Prepared","Prepared","Well Laid Plans+1","Bouncing Flask+1","Bane","Dagger Spray","Dagger Throw","Tools of the Trade","Decay","Choke+1","Backflip+1","Backflip+1","Noxious Fumes","Crippling Poison+1"],"max_hp_per_floor":[70,70,70,70,70,70,70,70,70,70,70,70,70,70,70,70,70,70,70,70,70],"relics":["Tough Bandages","Snake Skull","Frozen Egg","Odd Mushroom","Astrolabe","Nloth\u0027s Gift"],"card_choices":[{"not_picked":["Blur","Blade Dance"],"picked":"Masterful Stab"},{"not_picked":["PiercingWail","Eviscerate"],"picked":"Prepared"},{"not_picked":["Dodge and Roll","Backflip"],"picked":"Prepared"},{"not_picked":["Night Terror","Terror"],"picked":"Well Laid Plans"},{"not_picked":["Backflip","Outmaneuver"],"picked":"Bouncing Flask"},{"not_picked":["Backstab","Deadly Poison"],"picked":"Bane"},{"not_picked":["Poisoned Stab","Blade Dance"],"picked":"Dagger Spray"},{"not_picked":["Heel Hook","Backflip"],"picked":"Dagger Throw"},{"not_picked":["After Image","Phantasmal Killer"],"picked":"Tools of the Trade"},{"not_picked":["Deflect","Flying Knee"],"picked":"Backflip"},{"not_picked":["Die Die Die","PiercingWail"],"picked":"Noxious Fumes"},{"not_picked":["Acrobatics","Flying Knee"],"picked":"Crippling Poison"}],"player_experience":37346,"potions_floor_usage":[6,6,16,16],"damage_taken":[{"damage":0,"enemies":"Cultist","floor":1,"turns":4},{"damage":7,"enemies":"Jaw Worm","floor":3,"turns":7},{"damage":2,"enemies":"Blue Slaver","floor":5,"turns":5},{"damage":34,"enemies":"Lagavulin","floor":6,"turns":12},{"damage":6,"enemies":"Exordium Wildlife","floor":8,"turns":4},{"damage":2,"enemies":"Red Slaver","floor":11,"turns":2},{"damage":0,"enemies":"2 Fungi Beasts","floor":12,"turns":3},{"damage":9,"enemies":"The Mushroom Lair","floor":14,"turns":4},{"damage":16,"enemies":"Slime Boss","floor":16,"turns":8},{"damage":4,"enemies":"Spheric Guardian","floor":18,"turns":5},{"damage":28,"enemies":"2 Thieves","floor":19,"turns":4},{"damage":16,"enemies":"Snake Plant","floor":20,"turns":4},{"damage":27,"enemies":"3 Cultists","floor":22,"turns":3}],"event_choices":[{"event_name":"Liars Game","player_choice":"agreed","floor":2,"damage_taken":0},{"event_name":"Upgrade Shrine","player_choice":"Upgraded","floor":4,"damage_taken":0},{"event_name":"Mushrooms","player_choice":"Fought Mushrooms","floor":14,"damage_taken":0},{"event_name":"N\u0027loth","player_choice":"Traded a Ring of the Snake","floor":21,"damage_taken":0}],"boss_relics":[{"not_picked":["Calling Bell","Tiny House"],"picked":"Astrolabe"}],"potions_floor_spawned":[1,3,5,14,20],"seed_played":"501614654566701753","killed_by":"3 Cultists","ascension_level":0,"is_trial":false}