{"path_per_floor":["M","M","?","?","M","E","R","M","T","R","E","$","?","$","R","B",null,"M","?","M","?","M","E","R","M","T","R","M","R","?","E","R","B",null,"M","$","M","$","M","R","M","R","T","?","?","E","M","M","R"],"character_chosen":"IRONCLAD","items_purchased":["Matryoshka","Omamori","Spot Weakness","Anchor","Prayer Wheel","Swift Strike","Bronze Scales","Perfected Strike"],"gold_per_floor":[113,132,307,307,324,356,356,369,369,369,698,306,271,49,49,152,152,163,163,183,183,193,227,227,240,240,240,259,259,229,255,255,360,360,371,174,186,24,37,37,54,54,54,54,54,83,96,116,116,116],"floor_reached":50,"campfire_rested":4,"playtime":2222,"current_hp_per_floor":[78,71,71,64,70,58,58,47,47,47,39,39,59,59,80,42,80,80,80,80,80,65,50,50,52,59,59,46,46,46,30,56,33,87,87,87,65,65,33,59,41,41,41,41,41,21,39,45,71,0],"items_purged":[],"gold":116,"score":622,"play_id":"4c1c2f0e-56f9-4b1d-aded-13ade1ce28be","local_time":"20180511201250","is_prod":false,"is_daily":false,"chose_seed":false,"is_ascension_mode":true,"campfire_upgraded":6,"timestamp":1526062370,"path_taken":["M","M","?","?","?","E","R","M","T","R","E","$","?","$","R","BOSS","M","?","M","?","M","E","R","M","T","R","?","R","?","E","R","BOSS","M","$","M","$","M","R","M","R","T","?","?","E","M","?","R","BOSS"],"build_version":"2018-05-10","seed_source_timestamp":4759289736684455,"purchased_purges":1,"victory":false,"master_deck":["Strike_R","Strike_R","Strike_R","Strike_R","Strike_R","Defend_R","Defend_R","Defend_R","Defend_R","Bash","Perfected Strike+1","Wild Strike","Armaments+1","Havoc","Twin Strike","Clash","Spot Weakness+1","Feed+1","Evolve+1","Anger+1","Spot Weakness+1","Thunderclap","Flex+1","Offering","Heavy Blade+1","Flex","Limit Break+1","Sentinel+1","Swift Strike","Perfected Strike","Perfected Strike","Anger+1","Clash+1","Whirlwind","Swift Strike","Infernal Blade+1","Blood for Blood","Second Wind"],"max_hp_per_floor":[80,80,80,80,80,80,80,80,80,80,80,80,80,80,80,80,80,80,80,80,80,80,80,80,80,87,87,87,87,87,87,87,87,87,87,87,87,87,87,87,87,87,87,87,87,87,87,87,87,87],"relics":["Burning Blood","Kunai","Calipers","Old Coin","Matryoshka","Omamori","Anchor","Velvet Choker","The Courier","Strawberry","Happy Flower","Bottled Tornado","Mark of Pain","Prayer Wheel","Bronze Scales","Dead Branch","Self Forming Clay","Meat on the Bone"],"card_choices":[{"not_picked":["Shrug It Off","Evolve"],"picked":"Perfected Strike","floor":1},{"not_picked":["Shrug It Off","Searing Blow"],"picked":"Wild Strike","floor":2},{"not_picked":["Warcry","Body Slam"],"picked":"Armaments","floor":5},{"not_picked":["Feel No Pain","Power Through"],"picked":"Havoc","floor":6},{"not_picked":["Body Slam","Berserk"],"picked":"Twin Strike","floor":8},{"not_picked":["Anger","Sword Boomerang"],"picked":"Clash","floor":11},{"not_picked":["Offering","Double Tap"],"picked":"Feed","floor":16},{"not_picked":["Blood for Blood","Armaments"],"picked":"Evolve","floor":18},{"not_picked":["Headbutt","Power Through"],"picked":"Anger","floor":20},{"not_picked":["Iron Wave","Sentinel"],"picked":"Thunderclap","floor":22},{"not_picked":["Clash","Clothesline"],"picked":"Flex","floor":23},{"not_picked":["Headbutt","Clash"],"picked":"Offering","floor":25},{"not_picked":["Rupture","Power Through"],"picked":"Heavy Blade","floor":28},{"not_picked":["Havoc","Burning Pact"],"picked":"Flex","floor":31},{"not_picked":["Fiend Fire","Offering"],"picked":"Limit Break","floor":33},{"not_picked":["True Grit","Body Slam"],"picked":"Sentinel","floor":35},{"not_picked":["Sword Boomerang","Iron Wave"],"picked":"Perfected Strike","floor":37},{"not_picked":["Clothesline","Perfected Strike"],"picked":"Anger","floor":39},{"not_picked":["True Grit","Perfected Strike"],"picked":"Clash","floor":41},{"not_picked":["Bloodletting","Inflame"],"picked":"Whirlwind","floor":43},{"not_picked":["Madness","Transmutation"],"picked":"Swift Strike","floor":44},{"not_picked":["Clash","Dropkick"],"picked":"Infernal Blade","floor":46},{"not_picked":["Wild Strike","Flame Barrier"],"picked":"Blood for Blood","floor":47},{"not_picked":["Wild Strike","Havoc"],"picked":"Second Wind","floor":48}],"player_experience":118712,"potions_floor_usage":[11,16,16,23,23,33,33,33,39,39,48],"damage_taken":[{"damage":8,"enemies":"Small Slimes","floor":1,"turns":3},{"damage":13,"enemies":"Jaw Worm","floor":2,"turns":3},{"damage":0,"enemies":"2 Louse","floor":5,"turns":2},{"damage":18,"enemies":"Lagavulin","floor":6,"turns":5},{"damage":17,"enemies":"Looter","floor":8,"turns":4},{"damage":14,"enemies":"3 Sentries","floor":11,"turns":5},{"damage":44,"enemies":"The Guardian","floor":16,"turns":8},{"damage":0,"enemies":"Spheric Guardian","floor":18,"turns":3},{"damage":4,"enemies":"3 Byrds","floor":20,"turns":6},{"damage":21,"enemies":"Snake Plant","floor":22,"turns":3},{"damage":30,"enemies":"Slavers","floor":23,"turns":4},{"damage":4,"enemies":"Chosen and Byrds","floor":25,"turns":5},{"damage":19,"enemies":"Snecko","floor":28,"turns":3},{"damage":22,"enemies":"Book of Stabbing","floor":31,"turns":3},{"damage":29,"enemies":"Collector","floor":33,"turns":6},{"damage":0,"enemies":"Orb Walker","floor":35,"turns":2},{"damage":28,"enemies":"3 Darklings","floor":37,"turns":3},{"damage":38,"enemies":"Maw","floor":39,"turns":5},{"damage":24,"enemies":"Sphere and 2 Shapes","floor":41,"turns":4},{"damage":26,"enemies":"Giant Head","floor":46,"turns":6},{"damage":0,"enemies":"3 Darklings","floor":47,"turns":2},{"damage":12,"enemies":"4 Shapes","floor":48,"turns":4},{"damage":72,"enemies":"Awakened One","floor":50,"turns":5}],"event_choices":[{"event_name":"Liars Game","player_choice":"agreed","floor":3,"damage_taken":0},{"event_name":"Golden Wing","player_choice":"Card Removal","floor":4,"damage_taken":0},{"event_name":"The Cleric","player_choice":"Healed","floor":13,"damage_taken":0},{"event_name":"Vampires","player_choice":"Ignored","floor":19,"damage_taken":0},{"event_name":"The Library","player_choice":"Read","floor":21,"damage_taken":0},{"event_name":"The Woman in Blue","player_choice":"Bought 2 Potions","floor":30,"damage_taken":0},{"event_name":"SensoryStone","player_choice":"Memory 1","floor":44,"damage_taken":0},{"event_name":"SecretPortal","player_choice":"Rejected Portal.","floor":45,"damage_taken":0}],"boss_relics":[{"not_picked":["Philosopher\u0027s Stone","White Beast Statue"],"picked":"Velvet Choker"},{"not_picked":["Cursed Key","Runic Cube"],"picked":"Mark of Pain"}],"potions_floor_spawned":[1,5,8,16,18,25,31,35,37,47],"seed_played":"8888536417599215685","killed_by":"Awakened One","ascension_level":1,"is_trial":false}