{"gold_per_floor":[115,127,142,142,92,92,120,120,120,145,163,163,163,188,188,316,316,339,339,357,357,357,357,367,367,391,68,83,99,118,133,133,133],"floor_reached":33,"playtime":1689,"items_purged":[],"score":414,"play_id":"36a85e25-cd91-46b3-81b0-53d06082b80e","local_time":"20190826134826","is_ascension_mode":true,"campfire_choices":[{"data":"Disarm","floor":6.0,"key":"SMITH"},{"floor":8.0,"key":"REST"},{"floor":15.0,"key":"REST"},{"floor":23.0,"key":"REST"},{"data":"Uppercut","floor":25.0,"key":"SMITH"},{"data":"Bludgeon","floor":32.0,"key":"SMITH"}],"neow_cost":"NONE","seed_source_timestamp":575172105411400,"circlet_count":0,"master_deck":["AscendersBane","Strike_R","Strike_R","Strike_R","Strike_R","Strike_R","Defend_R","Defend_R","Defend_R","Bash","Offering","Armaments","Disarm+1","Iron Wave","Sword Boomerang","Wild Strike","Bludgeon+1","Inflame","Uppercut+1","Pummel","Necronomicurse","Metallicize","Carnage","Metallicize","HandOfGreed","Shrug It Off","Sword Boomerang","Uppercut"],"special_seed":0,"relics":["Burning Blood","Torii","Paper Frog","Red Skull","Bloody Idol","Philosopher\u0027s Stone","Necronomicon","Art of War"],"potions_floor_usage":[33,33],"damage_taken":[{"damage":12.0,"enemies":"Jaw Worm","floor":1.0,"turns":4.0},{"damage":11.0,"enemies":"Small Slimes","floor":2.0,"turns":3.0},{"damage":3.0,"enemies":"2 Louse","floor":3.0,"turns":4.0},{"damage":36.0,"enemies":"Gremlin Nob","floor":7.0,"turns":6.0},{"damage":28.0,"enemies":"3 Sentries","floor":10.0,"turns":12.0},{"damage":14.0,"enemies":"Exordium Thugs","floor":11.0,"turns":4.0},{"damage":7.0,"enemies":"3 Louse","floor":14.0,"turns":3.0},{"damage":19.0,"enemies":"Hexaghost","floor":16.0,"turns":10.0},{"damage":25.0,"enemies":"Spheric Guardian","floor":18.0,"turns":4.0},{"damage":9.0,"enemies":"Shell Parasite","floor":20.0,"turns":5.0},{"damage":31.0,"enemies":"Sentry and Sphere","floor":24.0,"turns":4.0},{"damage":18.0,"enemies":"Snake Plant","floor":28.0,"turns":3.0},{"damage":13.0,"enemies":"Centurion and Healer","floor":29.0,"turns":2.0},{"damage":6.0,"enemies":"Shelled Parasite and Fungi","floor":30.0,"turns":2.0},{"damage":13.0,"enemies":"Snake Plant","floor":31.0,"turns":2.0},{"damage":16,"enemies":"Champ","floor":33,"turns":6}],"seed_played":"2641289579985763850","potions_obtained":[{"floor":3.0,"key":"Ancient Potion"},{"floor":10.0,"key":"Weak Potion"},{"floor":11.0,"key":"SteroidPotion"},{"floor":29.0,"key":"Dexterity Potion"},{"floor":31.0,"key":"SkillPotion"}],"is_trial":false,"path_per_floor":["M","M","M","?","?","R","E","R","T","E","M","?","?","M","R","B",null,"M","?","M","?","?","R","M","R","T","$","M","M","M","M","R","B"],"character_chosen":"IRONCLAD","items_purchased":["Carnage","Metallicize","HandOfGreed"],"campfire_rested":3,"item_purchase_floors":[27,27,27],"current_hp_per_floor":[66,61,64,57,57,57,27,51,51,29,21,47,27,26,50,37,69,50,50,52,52,36,60,40,40,45,45,38,36,41,39,39,23],"gold":133,"neow_bonus":"ONE_RANDOM_RARE_CARD","is_prod":false,"is_daily":false,"chose_seed":false,"campfire_upgraded":3,"win_rate":0,"timestamp":1566852506,"path_taken":["M","M","M","?","?","R","E","R","T","E","M","?","?","M","R","BOSS","M","?","M","?","?","R","M","R","T","?","M","M","?","M","R","BOSS"],"build_version":"2019-07-17","purchased_purges":0,"victory":false,"max_hp_per_floor":[80,80,80,80,80,80,80,80,80,80,80,80,80,80,80,80,80,80,80,80,80,80,80,80,80,80,80,80,80,80,80,80,80],"card_choices":[{"not_picked":["Perfected Strike","Combust"],"picked":"Armaments","floor":1.0},{"not_picked":["Seeing Red","Infernal Blade"],"picked":"Disarm","floor":2.0},{"not_picked":["Pummel","Rupture"],"picked":"Iron Wave","floor":3.0},{"not_picked":["Warcry","Armaments"],"picked":"Sword Boomerang","floor":7.0},{"not_picked":["Pommel Strike","True Grit"],"picked":"Wild Strike","floor":10.0},{"not_picked":["Body Slam","Searing Blow","Headbutt"],"picked":"SKIP","floor":11.0},{"not_picked":["Headbutt","Dual Wield","Intimidate"],"picked":"SKIP","floor":14.0},{"not_picked":["Brutality","Offering"],"picked":"Bludgeon","floor":16.0},{"not_picked":["Seeing Red","Perfected Strike"],"picked":"Inflame","floor":18.0},{"not_picked":["Warcry","Headbutt"],"picked":"Uppercut","floor":20.0},{"not_picked":["Twin Strike","Entrench"],"picked":"Metallicize","floor":24.0},{"not_picked":["Combust","Perfected Strike"],"picked":"Shrug It Off","floor":28.0},{"not_picked":["Armaments","Flame Barrier"],"picked":"Sword Boomerang","floor":29.0},{"not_picked":["Feed","Anger"],"picked":"Uppercut","floor":30.0},{"not_picked":["Combust","Havoc","Iron Wave"],"picked":"SKIP","floor":31.0}],"player_experience":196926,"relics_obtained":[{"floor":7.0,"key":"Paper Frog"},{"floor":10.0,"key":"Red Skull"},{"floor":22.0,"key":"Necronomicon"},{"floor":26.0,"key":"Art of War"}],"event_choices":[{"damage_healed":0.0,"max_hp_gain":0.0,"max_hp_loss":0.0,"gold_gain":0.0,"event_name":"Scrap Ooze","player_choice":"Success","floor":4.0,"gold_loss":0.0,"damage_taken":7.0,"relics_obtained":["Torii"]},{"cards_removed":["Defend_R"],"damage_healed":0.0,"max_hp_gain":0.0,"max_hp_loss":0.0,"gold_gain":0.0,"event_name":"The Cleric","player_choice":"Card Removal","floor":5.0,"gold_loss":50.0,"damage_taken":0.0},{"damage_healed":26.0,"max_hp_gain":0.0,"max_hp_loss":0.0,"gold_gain":0.0,"event_name":"Big Fish","player_choice":"Banana","floor":12.0,"gold_loss":0.0,"damage_taken":0.0},{"damage_healed":0.0,"max_hp_gain":0.0,"max_hp_loss":0.0,"gold_gain":0.0,"event_name":"Golden Idol","player_choice":"Take Damage","floor":13.0,"gold_loss":0.0,"damage_taken":20.0,"relics_obtained":["Golden Idol"]},{"damage_healed":0.0,"max_hp_gain":0.0,"max_hp_loss":0.0,"gold_gain":0.0,"event_name":"Forgotten Altar","player_choice":"Gave Idol","floor":19.0,"relics_lost":["Golden Idol"],"gold_loss":0.0,"damage_taken":0.0,"relics_obtained":["Bloody Idol"]},{"damage_healed":0.0,"max_hp_gain":0.0,"max_hp_loss":0.0,"gold_gain":0.0,"event_name":"The Library","player_choice":"Read","floor":21.0,"gold_loss":0.0,"damage_taken":0.0,"cards_obtained":["Pummel"]},{"damage_healed":0.0,"max_hp_gain":0.0,"max_hp_loss":0.0,"gold_gain":0.0,"event_name":"Cursed Tome","player_choice":"Obtained Book","floor":22.0,"gold_loss":0.0,"damage_taken":16.0}],"is_beta":false,"boss_relics":[{"not_picked":["Empty Cage","Calling Bell"],"picked":"Philosopher\u0027s Stone"}],"items_purged_floors":[],"is_endless":false,"potions_floor_spawned":[3,10,11,14,20,29,30,31],"killed_by":"Champ","ascension_level":12}