{"path_per_floor":["M","M","?","?","$","R","E","R","T","E","M","M","E"],"character_chosen":"DEFECT","items_purchased":["Defragment"],"gold_per_floor":[114,133,133,133,62,62,93,93,116,157,175,200,231,231],"floor_reached":14,"campfire_rested":1,"playtime":721,"item_purchase_floors":[5],"current_hp_per_floor":[71,71,71,71,71,71,41,63,63,69,69,21,5,0],"items_purged":[],"gold":231,"score":119,"play_id":"e62b3a3f-bafe-44ca-8ca7-911176dd939c","local_time":"20180609214824","is_prod":false,"is_daily":false,"chose_seed":false,"is_ascension_mode":true,"campfire_upgraded":1,"win_rate":0,"timestamp":1528573704,"campfire_choices":[{"data":"Defragment","floor":6,"key":"SMITH"},{"floor":8,"key":"REST"}],"path_taken":["M","M","?","?","?","R","E","R","T","E","?","M","E","M"],"build_version":"2018-06-07v3","seed_source_timestamp":786624513486606,"purchased_purges":0,"victory":false,"master_deck":["Strike_B","Strike_B","Strike_B","Strike_B","Defend_B","Defend_B","Defend_B","Defend_B","Zap","Dualcast","Streamline","Beam Cell","Injury","Defragment+1","Conserve Battery","Darkness","Heatsinks","Glacier","Cold Snap"],"max_hp_per_floor":[75,75,75,75,75,75,75,75,75,82,82,82,82,82],"relics":["Cracked Core","Golden Idol","Bag of Marbles","Happy Flower","Strawberry","Du-Vu Doll"],"card_choices":[{"not_picked":["Tempest","Rebound"],"picked":"Streamline","floor":1},{"not_picked":["Heatsinks","Scrape"],"picked":"Beam Cell","floor":2},{"not_picked":["Redo","Stack"],"picked":"Conserve Battery","floor":7},{"not_picked":["Redo","Scrape"],"picked":"Darkness","floor":10},{"not_picked":["Go for the Eyes","Turbo"],"picked":"Heatsinks","floor":11},{"not_picked":["Barrage","Steam"],"picked":"Glacier","floor":12},{"not_picked":["All For One","Compile Driver"],"picked":"Cold Snap","floor":13}],"player_experience":156873,"potions_floor_usage":[1,2,10,11,12,13],"damage_taken":[{"damage":4,"enemies":"2 Louse","floor":1,"turns":2},{"damage":0,"enemies":"Small Slimes","floor":2,"turns":3},{"damage":30,"enemies":"3 Sentries","floor":7,"turns":6},{"damage":1,"enemies":"Gremlin Nob","floor":10,"turns":3},{"damage":0,"enemies":"Jaw Worm","floor":11,"turns":2},{"damage":48,"enemies":"Gremlin Gang","floor":12,"turns":5},{"damage":16,"enemies":"Lagavulin","floor":13,"turns":8},{"damage":16,"enemies":"Exordium Wildlife","floor":14,"turns":3}],"relics_obtained":[{"floor":7,"key":"Bag of Marbles"},{"floor":9,"key":"Happy Flower"},{"floor":10,"key":"Strawberry"},{"floor":13,"key":"Du-Vu Doll"}],"event_choices":[{"event_name":"The Cleric","player_choice":"Leave","floor":3,"damage_taken":0},{"event_name":"Golden Idol","player_choice":"Take Wound","floor":4,"damage_taken":0}],"boss_relics":[],"items_purged_floors":[],"potions_floor_spawned":[2,7,10],"seed_played":"4438688137618734807","killed_by":"Exordium Wildlife","ascension_level":2,"potions_obtained":[{"floor":2,"key":"SteroidPotion"},{"floor":7,"key":"Swift Potion"},{"floor":10,"key":"Energy Potion"}],"is_trial":false}