{"gold_per_floor":[116,116,134,134,134,161,161,174,197,219,219,254,254,254,254,349,349,359,359,373,472,472,499,499,517,543,543],"floor_reached":27,"playtime":1177,"items_purged":[],"score":298,"play_id":"8350a563-e6e0-4004-bfcd-25dd9d006c91","local_time":"20180705174951","is_ascension_mode":true,"campfire_choices":[{"floor":7,"key":"REST"},{"data":"Static Discharge","floor":11,"key":"SMITH"},{"floor":13,"key":"REST"},{"data":"Loop","floor":15,"key":"SMITH"},{"floor":24,"key":"REST"}],"neow_cost":"NONE","seed_source_timestamp":371936404183392,"circlet_count":0,"master_deck":["Strike_B","Strike_B","Strike_B","Defend_B","Defend_B","Defend_B","Defend_B","Zap","Self Repair","Static Discharge+1","Gash","Gash","Tempest","Self Repair","Loop+1","Thunder Strike","Biased Cognition+1","Reboot+1","Seek+1","Rebound","Gash","Redo","Gash+1"],"relics":["Cracked Core","Juzu Bracelet","Orichalcum","Anchor","Odd Mushroom","Ancient Tea Set","Astrolabe","Dead Branch","Lantern","Dodecahedron","Dream Catcher"],"potions_floor_usage":[1,3,10,10,12,12,25],"damage_taken":[{"damage":0,"enemies":"Small Slimes","floor":1,"turns":2},{"damage":1,"enemies":"2 Louse","floor":3,"turns":2},{"damage":32,"enemies":"Gremlin Nob","floor":6,"turns":4},{"damage":6,"enemies":"Jaw Worm","floor":8,"turns":3},{"damage":3,"floor":10,"turns":2},{"damage":28,"enemies":"Lagavulin","floor":12,"turns":5},{"damage":52,"enemies":"The Guardian","floor":16,"turns":8},{"damage":12,"enemies":"2 Thieves","floor":18,"turns":2},{"damage":12,"enemies":"Shell Parasite","floor":20,"turns":4},{"damage":64,"enemies":"Slavers","floor":23,"turns":6},{"damage":10,"enemies":"Sentry and Sphere","floor":25,"turns":3},{"damage":47,"enemies":"Gremlin Leader","floor":27,"turns":5}],"seed_played":"7478978837999204077","potions_obtained":[{"floor":6,"key":"Poison Potion"},{"floor":8,"key":"SkillPotion"},{"floor":10,"key":"FocusPotion"},{"floor":23,"key":"AttackPotion"}],"is_trial":false,"path_per_floor":["M","?","M","?","?","E","R","M","T","?","R","E","R","?","R","B",null,"M","?","M","?","?","E","R","M","T"],"character_chosen":"DEFECT","items_purchased":[],"campfire_rested":3,"item_purchase_floors":[],"current_hp_per_floor":[75,72,75,75,68,43,65,66,66,63,63,42,64,64,64,26,75,70,70,72,72,72,22,44,34,34,0],"gold":543,"neow_bonus":"THREE_SMALL_POTIONS","is_prod":false,"is_daily":false,"chose_seed":false,"campfire_upgraded":2,"win_rate":0,"timestamp":1530805791,"path_taken":["M","?","M","?","?","E","R","M","T","?","R","E","R","?","R","BOSS","M","?","M","?","?","E","R","M","T","E"],"build_version":"2018-06-28","purchased_purges":0,"victory":false,"max_hp_per_floor":[75,75,75,75,75,75,75,75,75,75,75,75,75,75,75,75,75,75,75,75,75,75,75,75,75,75,75],"card_choices":[{"not_picked":["Beam Cell","Turbo"],"picked":"Self Repair","floor":1},{"not_picked":["Rebound","Lockon"],"picked":"Static Discharge","floor":3},{"not_picked":["Stack","Multi-Cast"],"picked":"Gash","floor":6},{"not_picked":["Conserve Battery","Beam Cell"],"picked":"Tempest","floor":8},{"not_picked":["Rebound","Tempest"],"picked":"Go for the Eyes","floor":10},{"not_picked":["Reprogram","Heatsinks"],"picked":"Self Repair","floor":12},{"not_picked":["Machine Learning","Biased Cognition"],"picked":"Thunder Strike","floor":16},{"not_picked":["Stack","Barrage"],"picked":"Rebound","floor":18},{"not_picked":["Turbo","Chaos"],"picked":"Gash","floor":20},{"not_picked":["Sweeping Beam+1","Leap"],"picked":"Redo","floor":23},{"not_picked":["Hologram","Recycle"],"picked":"Gash+1","floor":25}],"player_experience":171620,"relics_obtained":[{"floor":6,"key":"Orichalcum"},{"floor":9,"key":"Anchor"},{"floor":10,"key":"Odd Mushroom"},{"floor":12,"key":"Ancient Tea Set"},{"floor":23,"key":"Dodecahedron"},{"floor":26,"key":"Dream Catcher"}],"event_choices":[{"event_name":"Scrap Ooze","player_choice":"success","floor":2,"damage_taken":3},{"event_name":"Match and Keep!","player_choice":"3 cards matched","floor":4,"damage_taken":0},{"event_name":"Golden Wing","player_choice":"Card Removal","floor":5,"damage_taken":0},{"event_name":"Mushrooms","player_choice":"Fought Mushrooms","floor":10,"damage_taken":0},{"event_name":"Transmorgrifier","player_choice":"Transform","floor":14,"damage_taken":0},{"event_name":"Wheel of Change","player_choice":"Relic","floor":19,"damage_taken":0},{"event_name":"Nest","player_choice":"Stole From Cult","floor":21,"damage_taken":0},{"event_name":"The Mausoleum","player_choice":"Yes","floor":22,"damage_taken":0}],"boss_relics":[{"not_picked":["Runic Pyramid","Fusion Hammer"],"picked":"Astrolabe"}],"items_purged_floors":[],"is_endless":false,"potions_floor_spawned":[6,8,10,23],"killed_by":"Gremlin Leader","ascension_level":3}