{"gold_per_floor":[210,30,47,47,47,47,58,74,119,119,130,141,154,168,168,267,267,282,11,23,113,113,168,168,181,181,181,191,205,205,219,219,314,314,328,328,345,345,345,345,69,99,99,99,111,40,40],"floor_reached":47,"playtime":1991,"items_purged":["Strike_R","Strike_R","Normality"],"score":704,"play_id":"44ec05ce-1192-4582-a32f-8e8c44510f5d","local_time":"20190825222108","is_ascension_mode":true,"campfire_choices":[{"data":"Bash","floor":6,"key":"SMITH"},{"data":"Body Slam","floor":10,"key":"SMITH"},{"floor":15,"key":"REST"},{"floor":24,"key":"REST"},{"floor":27,"key":"REST"},{"floor":30,"key":"REST"},{"data":"Heavy Blade","floor":32,"key":"SMITH"},{"data":"Shockwave","floor":40,"key":"SMITH"}],"neow_cost":"NONE","seed_source_timestamp":907438475661600,"circlet_count":0,"master_deck":["AscendersBane","Strike_R","Strike_R","Strike_R","Defend_R","Defend_R","Defend_R","Defend_R","Bash+1","Twin Strike+1","Pummel","Battle Trance","Flame Barrier","Body Slam+1","Spot Weakness","Shockwave+1","Shrug It Off","Thunderclap","Immolate","Heavy Blade+1","Master of Strategy","Reaper","Shockwave+1","True Grit","Double Tap","Clothesline+1","Dual Wield","Normality","Offering+1","True Grit+1","Intimidate+1"],"relics":["Burning Blood","Pen Nib","Cursed Key","Tiny Chest","Shovel","Snecko Eye","Toxic Egg 2","Paper Frog"],"potions_floor_usage":[12,16,23,28,28,29,33,33,33,45,47,47],"damage_taken":[{"damage":3,"enemies":"2 Louse","floor":1,"turns":3},{"damage":15,"enemies":"Small Slimes","floor":3,"turns":3},{"damage":1,"enemies":"Cultist","floor":7,"turns":3},{"damage":8,"enemies":"3 Louse","floor":8,"turns":4},{"damage":22,"enemies":"Exordium Thugs","floor":11,"turns":5},{"damage":0,"enemies":"Lots of Slimes","floor":12,"turns":1},{"damage":3,"enemies":"Gremlin Gang","floor":13,"turns":4},{"damage":8,"enemies":"Exordium Wildlife","floor":14,"turns":4},{"damage":35,"enemies":"Hexaghost","floor":16,"turns":8},{"damage":12,"enemies":"Chosen","floor":18,"turns":3},{"damage":19,"enemies":"Spheric Guardian","floor":20,"turns":4},{"damage":31,"enemies":"Gremlin Leader","floor":23,"turns":4},{"damage":7,"enemies":"Shelled Parasite and Fungi","floor":25,"turns":3},{"damage":8,"enemies":"Cultist and Chosen","floor":28,"turns":4},{"damage":26,"enemies":"Snake Plant","floor":29,"turns":6},{"damage":8,"enemies":"3 Cultists","floor":31,"turns":3},{"damage":89,"enemies":"Collector","floor":33,"turns":8},{"damage":16,"enemies":"3 Shapes","floor":35,"turns":4},{"damage":51,"enemies":"3 Darklings","floor":37,"turns":4},{"damage":36,"enemies":"Nemesis","floor":42,"turns":5},{"damage":27,"enemies":"Maw","floor":45,"turns":8},{"damage":46,"enemies":"Spire Growth","floor":47,"turns":3}],"seed_played":"-4188117161811597076","potions_obtained":[{"floor":1,"key":"Regen Potion"},{"floor":3,"key":"Explosive Potion"},{"floor":11,"key":"Swift Potion"},{"floor":12,"key":"Dexterity Potion"},{"floor":18,"key":"EntropicBrew"},{"floor":31,"key":"PowerPotion"},{"floor":42,"key":"SteroidPotion"},{"floor":45,"key":"AttackPotion"}],"is_trial":false,"path_per_floor":["M","$","M","?","?","R","M","M","T","R","M","M","M","M","R","B",null,"M","$","M","?","$","E","R","M","T","R","M","M","R","M","R","B",null,"M","?","M","T","?","R","$","E","T","?","M","$","M"],"character_chosen":"IRONCLAD","items_purchased":["Pummel","Battle Trance","Master of Strategy","Offering+1","BloodPotion"],"campfire_rested":4,"item_purchase_floors":[2,2,19,41,46],"current_hp_per_floor":[75,75,66,66,66,66,71,69,69,69,53,59,62,60,80,51,73,67,67,54,38,38,22,46,45,45,69,67,47,71,78,78,16,64,71,71,26,26,66,66,66,37,37,37,24,24,0],"gold":40,"neow_bonus":"HUNDRED_GOLD","is_prod":false,"is_daily":false,"chose_seed":false,"campfire_upgraded":4,"win_rate":0,"timestamp":1566739268,"path_taken":["M","$","M","?","?","R","M","M","T","R","M","?","M","M","R","BOSS","M","$","M","?","?","E","R","?","T","R","M","M","R","?","R","BOSS","M","?","M","?","?","R","?","E","T","?","M","$","?"],"build_version":"2019-07-17","purchased_purges":3,"victory":false,"max_hp_per_floor":[80,80,80,80,80,80,80,80,80,80,80,80,80,80,80,80,80,80,80,80,80,80,80,80,80,80,80,80,80,80,80,80,80,80,80,76,76,76,66,66,66,66,66,66,66,66,66],"card_choices":[{"not_picked":["Metallicize","Warcry"],"picked":"Twin Strike","floor":1},{"not_picked":["Headbutt","Wild Strike"],"picked":"Flame Barrier","floor":3},{"not_picked":["Corruption","Second Wind","Clash"],"picked":"SKIP","floor":7},{"not_picked":["Armaments","Havoc"],"picked":"Body Slam","floor":8},{"not_picked":["Entrench","Clash"],"picked":"Spot Weakness","floor":11},{"not_picked":["Inflame","Feel No Pain"],"picked":"Shockwave","floor":12},{"not_picked":["Flex","Carnage"],"picked":"Shrug It Off","floor":13},{"not_picked":["Bloodletting","Sword Boomerang"],"picked":"Thunderclap","floor":14},{"not_picked":["Exhume","Fiend Fire"],"picked":"Immolate","floor":16},{"not_picked":["Wild Strike","Anger"],"picked":"Heavy Blade","floor":18},{"not_picked":["Armaments","Clash","Disarm"],"picked":"SKIP","floor":20},{"not_picked":["Headbutt","Sever Soul+1"],"picked":"Reaper","floor":23},{"not_picked":["Sentinel+1","Flex"],"picked":"Shockwave+1","floor":25},{"not_picked":["Wild Strike+1","Corruption"],"picked":"True Grit","floor":28},{"not_picked":["Twin Strike","Anger","Immolate"],"picked":"SKIP","floor":29},{"not_picked":["Battle Trance","Body Slam+1","Evolve"],"picked":"SKIP","floor":31},{"not_picked":["Feed","Brutality"],"picked":"Double Tap","floor":33},{"not_picked":["Bloodletting+1","Fire Breathing"],"picked":"Clothesline+1","floor":35},{"not_picked":["True Grit+1","Sword Boomerang+1"],"picked":"Dual Wield","floor":37},{"not_picked":["Evolve","Seeing Red+1"],"picked":"True Grit+1","floor":42},{"not_picked":["Spot Weakness+1","Shrug It Off+1"],"picked":"Intimidate+1","floor":45}],"player_experience":217286,"relics_obtained":[{"floor":9,"key":"Pen Nib"},{"floor":23,"key":"Tiny Chest"},{"floor":26,"key":"Shovel"},{"floor":38,"key":"Toxic Egg 2"},{"floor":42,"key":"Paper Frog"}],"event_choices":[{"damage_healed":0,"gold_gain":0,"player_choice":"Leave","damage_taken":0,"max_hp_gain":0,"max_hp_loss":0,"event_name":"The Cleric","floor":4,"gold_loss":0},{"damage_healed":0,"gold_gain":0,"player_choice":"Forge","damage_taken":0,"max_hp_gain":0,"max_hp_loss":0,"event_name":"Accursed Blacksmith","floor":5,"gold_loss":0,"cards_upgraded":["Twin Strike"]},{"damage_healed":0,"gold_gain":90,"player_choice":"GOLD ","damage_taken":16,"max_hp_gain":0,"max_hp_loss":0,"event_name":"Knowing Skull","floor":21,"potions_obtained":[],"gold_loss":0,"cards_obtained":[]},{"damage_healed":0,"gold_gain":0,"player_choice":"Max HP","damage_taken":0,"max_hp_gain":0,"max_hp_loss":4,"event_name":"Winding Halls","floor":36,"gold_loss":0},{"damage_healed":66,"gold_gain":0,"player_choice":"Heal","damage_taken":0,"max_hp_gain":0,"max_hp_loss":10,"event_name":"The Moai Head","floor":39,"gold_loss":0},{"damage_healed":0,"gold_gain":0,"player_choice":"Ignored","damage_taken":0,"max_hp_gain":0,"max_hp_loss":0,"event_name":"Tomb of Lord Red Mask","floor":44,"gold_loss":0}],"is_beta":false,"boss_relics":[{"not_picked":["Runic Pyramid","Busted Crown"],"picked":"Cursed Key"},{"not_picked":["Philosopher\u0027s Stone","Empty Cage"],"picked":"Snecko Eye"}],"items_purged_floors":[2,19,41],"is_endless":false,"potions_floor_spawned":[1,3,11,12,18,28,31,42,45],"killed_by":"Spire Growth","ascension_level":10}