{"gold_per_floor":[117,130,130,55,70,105,118,47,115,48,48,48,48,48,48,147,147,163,163,163,173,78,78,78],"floor_reached":24,"playtime":1151,"items_purged":["Strike_R","Parasite"],"score":230,"play_id":"4f487d91-154a-48b6-a4f6-aad489ebe17e","local_time":"20190101212611","is_ascension_mode":true,"campfire_choices":[{"data":"True Grit","floor":12,"key":"SMITH"},{"data":"Clothesline","floor":15,"key":"SMITH"},{"floor":23,"key":"REST"}],"neow_cost":"NONE","seed_source_timestamp":280880021677239,"circlet_count":0,"master_deck":["Strike_R","Defend_R","Defend_R","Defend_R","Defend_R","Bash","Heavy Blade","Clothesline+1","Whirlwind","Shrug It Off","True Grit+1","Flex","Limit Break","Limit Break","Shrug It Off+1","Power Through","Battle Trance","True Grit"],"relics":["Burning Blood","Strawberry","WingedGreaves","Paper Frog","Smiling Mask","Empty Cage"],"potions_floor_usage":[16],"damage_taken":[{"damage":7,"enemies":"2 Louse","floor":1,"turns":2},{"damage":11,"enemies":"Jaw Worm","floor":2,"turns":4},{"damage":0,"enemies":"Small Slimes","floor":5,"turns":3},{"damage":45,"enemies":"3 Sentries","floor":6,"turns":9},{"damage":0,"enemies":"3 Louse","floor":7,"turns":1},{"damage":61,"enemies":"The Guardian","floor":16,"turns":12},{"damage":18,"enemies":"Chosen","floor":18,"turns":5},{"damage":49,"enemies":"Colosseum Slavers","floor":20,"turns":10},{"damage":13,"enemies":"3 Byrds","floor":21,"turns":7},{"damage":56,"enemies":"Cultist and Chosen","floor":24,"turns":5}],"seed_played":"1256768105428199072","potions_obtained":[{"floor":2,"key":"Swift Potion"},{"floor":7,"key":"FearPotion"},{"floor":16,"key":"Dexterity Potion"},{"floor":18,"key":"Weak Potion"}],"is_trial":false,"path_per_floor":["M","M","?","$","M","E","M","$","T","$","?","R","?","?","R","B",null,"M","?","?","M","$","R","M"],"character_chosen":"IRONCLAD","items_purchased":["True Grit","Flex","Limit Break","True Grit"],"campfire_rested":1,"item_purchase_floors":[8,8,10,22],"current_hp_per_floor":[86,81,74,74,80,41,47,47,47,47,68,68,68,68,68,13,87,75,75,32,25,25,50,0],"gold":78,"neow_bonus":"RANDOM_COMMON_RELIC","is_prod":false,"is_daily":false,"chose_seed":false,"campfire_upgraded":2,"win_rate":0,"timestamp":1546345571,"path_taken":["M","M","?","$","M","E","M","$","T","$","?","R","?","?","R","BOSS","M","?","?","M","$","R","M"],"build_version":"2018-12-20","purchased_purges":2,"victory":false,"max_hp_per_floor":[87,87,87,87,87,87,87,87,87,87,87,87,87,87,87,87,87,87,87,87,87,84,84,84],"card_choices":[{"not_picked":["Cleave","Sword Boomerang"],"picked":"Heavy Blade","floor":1},{"not_picked":["Shockwave","Evolve"],"picked":"Clothesline","floor":2},{"not_picked":["Dual Wield","Sword Boomerang"],"picked":"Whirlwind","floor":5},{"not_picked":["Rupture","Armaments","Searing Blow"],"picked":"SKIP","floor":6},{"not_picked":["Anger","Intimidate"],"picked":"Shrug It Off","floor":7},{"not_picked":["Demon Form","Juggernaut"],"picked":"Limit Break","floor":16},{"not_picked":["Searing Blow","Armaments+1"],"picked":"Shrug It Off+1","floor":18},{"not_picked":["Shockwave","Heavy Blade"],"picked":"Battle Trance","floor":21}],"player_experience":106509,"relics_obtained":[{"floor":6,"key":"WingedGreaves"},{"floor":9,"key":"Paper Frog"}],"event_choices":[{"cards_removed":["Strike_R"],"damage_healed":0,"gold_gain":0,"player_choice":"Card Removal","damage_taken":7,"max_hp_gain":0,"max_hp_loss":0,"event_name":"Golden Wing","floor":3,"gold_loss":0},{"damage_healed":21,"gold_gain":0,"player_choice":"Healed and dodged fight","damage_taken":0,"max_hp_gain":0,"max_hp_loss":0,"event_name":"Mushrooms","floor":11,"gold_loss":0,"cards_obtained":["Parasite"]},{"damage_healed":0,"gold_gain":0,"player_choice":"Ignored","damage_taken":0,"max_hp_gain":0,"max_hp_loss":0,"event_name":"Liars Game","floor":13,"gold_loss":0},{"damage_healed":0,"gold_gain":0,"player_choice":"Gave Potion","damage_taken":0,"relics_obtained":["Smiling Mask"],"max_hp_gain":0,"max_hp_loss":0,"event_name":"WeMeetAgain","floor":14,"gold_loss":0},{"damage_healed":0,"gold_gain":0,"player_choice":"Read","damage_taken":0,"max_hp_gain":0,"max_hp_loss":0,"event_name":"The Library","floor":19,"gold_loss":0,"cards_obtained":["Power Through"]},{"damage_healed":0,"gold_gain":0,"player_choice":"Fight","damage_taken":0,"max_hp_gain":0,"max_hp_loss":0,"event_name":"Colosseum","floor":20,"gold_loss":0},{"damage_healed":0,"gold_gain":0,"player_choice":"Fled From Nobs","damage_taken":0,"max_hp_gain":0,"max_hp_loss":0,"event_name":"Colosseum","floor":20,"gold_loss":0}],"is_beta":false,"boss_relics":[{"not_picked":["Tiny House","Coffee Dripper"],"picked":"Empty Cage"}],"items_purged_floors":[4,22],"is_endless":false,"potions_floor_spawned":[2,7,16,18],"killed_by":"Cultist and Chosen","ascension_level":4}