{"gold_per_floor":[114,124,141,141,141,141,106,106,131,145,155,330,330,348,348,447,447,458,458,458,478,493,493,511,522,547,564,564],"floor_reached":28,"playtime":1382,"items_purged":[],"score":235,"play_id":"6460d625-0eaa-4b3d-bd48-4ded5e5b3caa","local_time":"20180813172312","is_ascension_mode":true,"campfire_choices":[{"data":"Distraction","floor":6,"key":"SMITH"},{"data":"Noxious Fumes","floor":8,"key":"SMITH"},{"data":"Neutralize","floor":13,"key":"SMITH"},{"data":"Predator","floor":15,"key":"SMITH"},{"data":"Bane","floor":23,"key":"SMITH"}],"neow_cost":"NONE","seed_source_timestamp":1473526399648948,"circlet_count":0,"master_deck":["Defend_G","Defend_G","Defend_G","Defend_G","Defend_G","Strike_G","Strike_G","Strike_G","Strike_G","Strike_G","Survivor","Neutralize+1","Deadly Poison","Distraction+1","Quick Slash","Noxious Fumes+1","Predator+1","Flying Knee","Doubt","Deadly Poison","Adrenaline","Infinite Blades+1","Bane+1","Bane+1","PiercingWail","Quick Slash","Backstab+1"],"relics":["Coffee Dripper","Blood Vial","White Beast Statue","Bronze Scales"],"potions_floor_usage":[11,14,18,22,22,22,24,25,27,28],"damage_taken":[{"damage":3,"enemies":"Jaw Worm","floor":1,"turns":5},{"damage":0,"enemies":"Cultist","floor":2,"turns":4},{"damage":0,"enemies":"2 Louse","floor":3,"turns":4},{"damage":3,"enemies":"Looter","floor":10,"turns":3},{"damage":1,"enemies":"Large Slime","floor":11,"turns":5},{"damage":2,"enemies":"Exordium Wildlife","floor":14,"turns":3},{"damage":4,"enemies":"The Guardian","floor":16,"turns":8},{"damage":4,"enemies":"Spheric Guardian","floor":18,"turns":4},{"damage":3,"enemies":"Chosen","floor":21,"turns":4},{"damage":11,"enemies":"Centurion and Healer","floor":22,"turns":5},{"damage":20,"enemies":"Snecko","floor":24,"turns":5},{"damage":24,"enemies":"Cultist and Chosen","floor":25,"turns":6},{"damage":18,"enemies":"Snake Plant","floor":27,"turns":4},{"damage":9,"enemies":"Centurion and Healer","floor":28,"turns":1}],"seed_played":"7588035380774413085","potions_obtained":[{"floor":10,"key":"Poison Potion"},{"floor":11,"key":"SkillPotion"},{"floor":14,"key":"Weak Potion"},{"floor":16,"key":"Swift Potion"},{"floor":18,"key":"Block Potion"},{"floor":21,"key":"Block Potion"},{"floor":22,"key":"Block Potion"},{"floor":24,"key":"PowerPotion"},{"floor":25,"key":"Weak Potion"},{"floor":27,"key":"GamblersBrew"}],"is_trial":false,"path_per_floor":["M","M","M","$","?","R","$","R","T","M","M","?","R","M","R","B",null,"M","?","?","M","M","R","M","M","T","M"],"character_chosen":"THE_SILENT","items_purchased":["Noxious Fumes"],"campfire_rested":0,"item_purchase_floors":[7],"current_hp_per_floor":[67,67,67,67,72,72,72,72,72,71,72,72,72,72,72,70,75,71,71,71,70,61,61,43,21,21,5,0],"gold":564,"neow_bonus":"BOSS_RELIC","is_prod":false,"is_daily":false,"chose_seed":false,"campfire_upgraded":5,"win_rate":0,"timestamp":1534173792,"path_taken":["M","M","M","$","?","R","$","R","T","M","?","?","R","M","R","BOSS","M","?","?","M","M","R","M","M","T","M","M"],"build_version":"2018-08-09","purchased_purges":0,"victory":false,"max_hp_per_floor":[70,70,70,70,75,75,75,75,75,75,75,75,75,75,75,75,75,75,75,75,75,75,75,75,75,75,75,75],"card_choices":[{"not_picked":["Blade Dance","Endless Agony"],"picked":"Deadly Poison","floor":1},{"not_picked":["Blade Dance","Expertise"],"picked":"Distraction","floor":2},{"not_picked":["Concentrate","Flying Knee"],"picked":"Quick Slash","floor":3},{"not_picked":["Eviscerate","Infinite Blades"],"picked":"Predator","floor":10},{"not_picked":["Underhanded Strike","Caltrops"],"picked":"Flying Knee","floor":11},{"not_picked":["Quick Slash","Underhanded Strike"],"picked":"Deadly Poison","floor":14},{"not_picked":["Doppelganger","Tools of the Trade"],"picked":"Adrenaline","floor":16},{"not_picked":["Acrobatics","Accuracy"],"picked":"Infinite Blades","floor":18},{"not_picked":["Choke","Deflect"],"picked":"Bane","floor":21},{"not_picked":["Acrobatics","Cloak And Dagger"],"picked":"Bane+1","floor":22},{"not_picked":["Sucker Punch","Concentrate+1"],"picked":"PiercingWail","floor":24},{"not_picked":["Sucker Punch","Grand Finale"],"picked":"Quick Slash","floor":25},{"not_picked":["Crippling Poison","Caltrops"],"picked":"Backstab+1","floor":27}],"player_experience":203619,"relics_obtained":[{"floor":9,"key":"Blood Vial"},{"floor":26,"key":"Bronze Scales"}],"event_choices":[{"event_name":"Big Fish","player_choice":"Donut","floor":5,"damage_taken":0},{"event_name":"Liars Game","player_choice":"agreed","floor":12,"damage_taken":0},{"event_name":"Ghosts","player_choice":"Ignored","floor":19,"damage_taken":0},{"event_name":"Upgrade Shrine","player_choice":"Upgraded","floor":20,"damage_taken":0}],"is_beta":false,"boss_relics":[{"not_picked":["Snecko Eye","Fusion Hammer"],"picked":"White Beast Statue"}],"items_purged_floors":[],"is_endless":false,"potions_floor_spawned":[10,11,14,16,18,21,22,24,25,27],"killed_by":"Centurion and Healer","ascension_level":2}