{"gold_per_floor":[110,30,47,63,77,77,109,259,259,288,288,288,323,53,53,130,130,140,190,208,153,168,197,197,223,223,223,238,266,266,44,44,116,116,130,146,191,211,226,255,275,295,295,312,312,340,340,84,84,84,84,84,84,14,42,42],"floor_reached":56,"playtime":6903,"items_purged":["Writhe","Strike_B"],"score":2170,"play_id":"32fbe36b-f283-4ab0-a01e-73d487cbfa2d","local_time":"20190811172658","is_ascension_mode":true,"campfire_choices":[{"data":"Sunder","floor":6.0,"key":"SMITH"},{"floor":12.0,"key":"REST"},{"floor":15.0,"key":"REST"},{"floor":24.0,"key":"REST"},{"data":"Beam Cell","floor":27.0,"key":"SMITH"},{"data":"Zap","floor":32.0,"key":"SMITH"},{"floor":47.0,"key":"RECALL"},{"data":"Impatience","floor":49.0,"key":"SMITH"},{"data":"Chill","floor":53.0,"key":"SMITH"}],"neow_cost":"CURSE","seed_source_timestamp":69456551346598,"circlet_count":0,"master_deck":["AscendersBane","Strike_B","Defend_B+1","Defend_B","Defend_B","Zap+1","Dualcast","Echo Form","Sunder+1","Stack","FTL","Turbo","Chill+1","FTL","Gash","Go for the Eyes","Glacier","Electrodynamics+1","Skim","Genetic Algorithm+1","Beam Cell+1","Conserve Battery+1","Gash+1","All For One","Core Surge","Buffer+1","Gash+1","White Noise","Scrape+1","Self Repair+1","White Noise+1","Chill","BootSequence","Stack","Impatience+1","Stack","Turbo","Steam+1"],"special_seed":0,"relics":["FrozenCore","Frozen Egg 2","Meat on the Bone","DataDisk","Bottled Tornado","Pear","Black Star","Vajra","Smiling Mask","The Courier","Unceasing Top","Question Card","Orichalcum","Pen Nib","Lee\u0027s Waffle","Du-Vu Doll","Matryoshka","War Paint","Boot","Bag of Marbles","Gremlin Horn","Pocketwatch","Anchor","Mango","Blood Vial"],"potions_floor_usage":[56],"damage_taken":[{"damage":0.0,"enemies":"2 Louse","floor":1.0,"turns":1.0},{"damage":12.0,"enemies":"Jaw Worm","floor":3.0,"turns":2.0},{"damage":0.0,"enemies":"Cultist","floor":4.0,"turns":3.0},{"damage":6.0,"enemies":"3 Louse","floor":5.0,"turns":3.0},{"damage":11.0,"enemies":"3 Sentries","floor":7.0,"turns":6.0},{"damage":21.0,"enemies":"Lagavulin","floor":10.0,"turns":6.0},{"damage":26.0,"enemies":"Gremlin Nob","floor":13.0,"turns":4.0},{"damage":0.0,"enemies":"The Guardian","floor":16.0,"turns":9.0},{"damage":12.0,"enemies":"3 Byrds","floor":18.0,"turns":2.0},{"damage":0.0,"enemies":"Chosen","floor":20.0,"turns":3.0},{"damage":24.0,"enemies":"Snake Plant","floor":22.0,"turns":6.0},{"damage":40.0,"enemies":"Book of Stabbing","floor":23.0,"turns":7.0},{"damage":18.0,"enemies":"Gremlin Leader","floor":25.0,"turns":4.0},{"damage":0.0,"enemies":"3 Cultists","floor":28.0,"turns":4.0},{"damage":35.0,"enemies":"Book of Stabbing","floor":29.0,"turns":4.0},{"damage":8.0,"enemies":"Collector","floor":33.0,"turns":5.0},{"damage":4.0,"enemies":"Orb Walker","floor":35.0,"turns":3.0},{"damage":0.0,"enemies":"3 Shapes","floor":36.0,"turns":4.0},{"damage":19.0,"enemies":"2 Orb Walkers","floor":37.0,"turns":4.0},{"damage":18.0,"enemies":"Sphere and 2 Shapes","floor":38.0,"turns":4.0},{"damage":12.0,"enemies":"3 Darklings","floor":39.0,"turns":5.0},{"damage":32.0,"enemies":"Reptomancer","floor":40.0,"turns":4.0},{"damage":0.0,"enemies":"Transient","floor":41.0,"turns":6.0},{"damage":0.0,"enemies":"Spire Growth","floor":42.0,"turns":5.0},{"damage":7.0,"enemies":"Sphere and 2 Shapes","floor":44.0,"turns":7.0},{"damage":1.0,"enemies":"Giant Head","floor":46.0,"turns":6.0},{"damage":6.0,"enemies":"Donu and Deca","floor":50.0,"turns":9.0},{"damage":32.0,"enemies":"Time Eater","floor":51.0,"turns":13.0},{"damage":56.0,"enemies":"Shield and Spear","floor":55.0,"turns":8.0},{"damage":74,"enemies":"The Heart","floor":56,"turns":5}],"seed_played":"-8441221617744934553","potions_obtained":[{"floor":1.0,"key":"Dexterity Potion"},{"floor":5.0,"key":"Strength Potion"},{"floor":7.0,"key":"LiquidBronze"},{"floor":10.0,"key":"Regen Potion"},{"floor":23.0,"key":"GamblersBrew"},{"floor":29.0,"key":"FocusPotion"},{"floor":33.0,"key":"FocusPotion"},{"floor":35.0,"key":"Swift Potion"},{"floor":39.0,"key":"SteroidPotion"},{"floor":46.0,"key":"Fire Potion"}],"is_trial":false,"path_per_floor":["M","$","M","M","M","R","E","?","T","E","?","R","E","$","R","B",null,"M","?","M","$","M","E","R","E","T","R","M","E","?","$","R","B",null,"M","M","?","M","M","E","M","M","T","M","T","E","R","$","R","B","B",null,"R","$","E","B"],"character_chosen":"DEFECT","items_purchased":["FTL","Pear","FearPotion","Lee\u0027s Waffle","Impatience","SteroidPotion","Stack","Turbo","FocusPotion"],"campfire_rested":3,"item_purchase_floors":[2,14,21,31,48,48,48,48,54],"current_hp_per_floor":[64,64,52,52,46,46,35,35,35,26,19,40,38,48,72,72,79,67,59,59,59,47,19,43,37,37,37,49,26,26,88,88,80,86,82,82,63,45,45,25,47,57,57,70,70,79,79,79,79,83,61,81,81,81,71,0],"gold":42,"neow_bonus":"TRANSFORM_TWO_CARDS","is_prod":false,"is_daily":false,"chose_seed":false,"campfire_upgraded":5,"win_rate":0,"timestamp":1565558818,"path_taken":["M","$","M","M","M","R","E","?","T","E","?","R","E","?","R","BOSS","M","?","M","$","M","E","R","E","T","R","?","E","?","$","R","BOSS","M","?","?","M","M","E","M","M","T","M","?","E","R","$","R","BOSS","BOSS","R","$","E","BOSS"],"build_version":"2019-07-17","purchased_purges":2,"victory":false,"max_hp_per_floor":[71,71,71,71,71,71,71,71,71,71,71,71,71,81,81,81,81,81,81,81,81,81,81,81,81,81,81,81,81,81,88,88,88,88,88,88,88,88,88,88,88,88,88,88,88,88,88,88,88,88,88,88,88,88,102,102],"card_choices":[{"not_picked":["Streamline","Sweeping Beam"],"picked":"Stack","floor":1.0},{"not_picked":["Redo","Steam"],"picked":"Turbo","floor":3.0},{"not_picked":["Double Energy","Ball Lightning"],"picked":"Chill","floor":4.0},{"not_picked":["Beam Cell","Leap"],"picked":"FTL","floor":5.0},{"not_picked":["Redo","Hologram"],"picked":"Gash","floor":7.0},{"not_picked":["Sunder","Thunder Strike"],"picked":"Go for the Eyes","floor":10.0},{"not_picked":["Scrape","Coolheaded"],"picked":"Glacier","floor":13.0},{"not_picked":["Amplify","Reboot"],"picked":"Electrodynamics+1","floor":16.0},{"not_picked":["Steam","Sunder"],"picked":"Skim","floor":18.0},{"not_picked":["Steam","Turbo"],"picked":"Genetic Algorithm","floor":20.0},{"not_picked":["Sweeping Beam","Cold Snap"],"picked":"Beam Cell","floor":22.0},{"not_picked":["Leap","Static Discharge+1"],"picked":"Conserve Battery+1","floor":23.0},{"not_picked":["Conserve Battery+1","Static Discharge+1"],"picked":"Gash+1","floor":25.0},{"not_picked":["Go for the Eyes","Coolheaded","Beam Cell","Storm+1"],"picked":"SKIP","floor":28.0},{"not_picked":["Seek","Glacier+1","Compile Driver"],"picked":"All For One","floor":29.0},{"not_picked":["Core Surge","Seek","Hyperbeam"],"picked":"Buffer+1","floor":33.0},{"not_picked":["Reinforced Body","Beam Cell","Sweeping Beam"],"picked":"Gash+1","floor":35.0},{"not_picked":["Chill","Auto Shields","Gash+1"],"picked":"White Noise","floor":36.0},{"not_picked":["Leap","Chaos","Fusion"],"picked":"Scrape+1","floor":37.0},{"not_picked":["Doom and Gloom","Leap","Consume"],"picked":"Self Repair+1","floor":38.0},{"not_picked":["Sweeping Beam","Rebound","Static Discharge+1","Ball Lightning"],"picked":"SKIP","floor":39.0},{"not_picked":["Sweeping Beam","Rebound","Static Discharge+1","Ball Lightning"],"picked":"SKIP","floor":39.0},{"not_picked":["Rainbow","Redo","Ball Lightning"],"picked":"White Noise+1","floor":40.0},{"not_picked":["Melter","FTL","Redo"],"picked":"Chill","floor":41.0},{"not_picked":["Beam Cell+1","Cold Snap","Sunder"],"picked":"BootSequence","floor":42.0},{"not_picked":["Steam","Redo","Cold Snap","White Noise"],"picked":"SKIP","floor":44.0},{"not_picked":["Auto Shields","Static Discharge+1","Storm+1"],"picked":"Stack","floor":46.0},{"not_picked":["Redo","Barrage","Streamline"],"picked":"Steam+1","floor":55.0}],"player_experience":379649,"relics_obtained":[{"floor":7.0,"key":"Frozen Egg 2"},{"floor":9.0,"key":"Meat on the Bone"},{"floor":10.0,"key":"DataDisk"},{"floor":13.0,"key":"Bottled Tornado"},{"floor":23.0,"key":"Vajra"},{"floor":23.0,"key":"Smiling Mask"},{"floor":25.0,"key":"The Courier"},{"floor":25.0,"key":"Unceasing Top"},{"floor":26.0,"key":"Question Card"},{"floor":29.0,"key":"Orichalcum"},{"floor":29.0,"key":"Pen Nib"},{"floor":37.0,"key":"Du-Vu Doll"},{"floor":40.0,"key":"Matryoshka"},{"floor":40.0,"key":"War Paint"},{"floor":43.0,"key":"Boot"},{"floor":45.0,"key":"Bag of Marbles"},{"floor":45.0,"key":"Gremlin Horn"},{"floor":46.0,"key":"Pocketwatch"},{"floor":46.0,"key":"Anchor"},{"floor":55.0,"key":"Mango"},{"floor":55.0,"key":"Blood Vial"}],"event_choices":[{"damage_healed":0.0,"max_hp_gain":0.0,"max_hp_loss":0.0,"gold_gain":150.0,"event_name":"Liars Game","player_choice":"AGREE","floor":8.0,"gold_loss":0.0,"damage_taken":0.0,"cards_obtained":["Doubt"]},{"cards_removed":["Doubt"],"damage_healed":0.0,"max_hp_gain":0.0,"max_hp_loss":0.0,"gold_gain":0.0,"event_name":"Golden Wing","player_choice":"Card Removal","floor":11.0,"gold_loss":0.0,"damage_taken":7.0},{"damage_healed":0.0,"max_hp_gain":0.0,"max_hp_loss":0.0,"gold_gain":50.0,"event_name":"FaceTrader","player_choice":"Touch","floor":19.0,"gold_loss":0.0,"damage_taken":8.0},{"damage_healed":0.0,"max_hp_gain":0.0,"max_hp_loss":0.0,"gold_gain":0.0,"cards_transformed":["Strike_B"],"event_name":"Transmorgrifier","player_choice":"Transformed","floor":30.0,"gold_loss":0.0,"damage_taken":0.0,"cards_obtained":["Core Surge"]},{"damage_healed":0.0,"max_hp_gain":0.0,"max_hp_loss":0.0,"gold_gain":0.0,"event_name":"Mysterious Sphere","player_choice":"Fight","floor":37.0,"gold_loss":0.0,"damage_taken":0.0}],"is_beta":false,"boss_relics":[{"not_picked":["Velvet Choker","Orrery"],"picked":"Black Star"},{"not_picked":["Pandora\u0027s Box","Tiny House"],"picked":"FrozenCore"}],"items_purged_floors":[31,48],"is_endless":false,"potions_floor_spawned":[1,5,7,10,23,29,33,35,37,39,46],"killed_by":"The Heart","ascension_level":20}