{"gold_per_floor":[116,116,66,141,153,153,187,187,187,8,8,27,39,50,50,153,153,164,182,182,182,18,34,52,52,52,67,81,101,101,118,118,118],"floor_reached":33,"playtime":2252,"items_purged":["Defend_R"],"score":389,"play_id":"6424f1e8-f53a-46d4-a652-b4cdf7a6f4df","local_time":"20190825084814","is_ascension_mode":true,"campfire_choices":[{"data":"Clothesline","floor":6,"key":"SMITH"},{"floor":8,"key":"REST"},{"data":"Bash","floor":11,"key":"SMITH"},{"data":"Searing Blow","floor":15,"key":"SMITH"},{"data":"Searing Blow+1","floor":25,"key":"SMITH"},{"data":"Searing Blow+2","floor":30,"key":"SMITH"},{"floor":32,"key":"REST"}],"neow_cost":"PERCENT_DAMAGE","seed_source_timestamp":470357795446300,"circlet_count":0,"master_deck":["Strike_R","Strike_R","Strike_R","Strike_R","Defend_R","Defend_R","Defend_R","Bash+1","Madness","Madness","Clothesline+1","Wild Strike","Shrug It Off","Anger","Shrug It Off","Searing Blow+3","Limit Break","Feed","Anger","Rage+1","Metallicize","Panacea","Inflame","Shrug It Off+1"],"relics":["Burning Blood","Potion Belt","Thread and Needle","Red Skull","Sozu","Singing Bowl"],"potions_floor_usage":[7,13,16,23],"damage_taken":[{"damage":7,"enemies":"Jaw Worm","floor":1,"turns":4},{"damage":4,"enemies":"Small Slimes","floor":5,"turns":4},{"damage":33,"enemies":"3 Sentries","floor":7,"turns":12},{"damage":0,"enemies":"2 Louse","floor":12,"turns":2},{"damage":6,"enemies":"Lots of Slimes","floor":13,"turns":4},{"damage":0,"enemies":"Blue Slaver","floor":14,"turns":4},{"damage":34,"enemies":"Hexaghost","floor":16,"turns":10},{"damage":6,"enemies":"Shell Parasite","floor":18,"turns":5},{"damage":23,"enemies":"3 Byrds","floor":19,"turns":6},{"damage":23,"enemies":"Shelled Parasite and Fungi","floor":23,"turns":6},{"damage":9,"enemies":"Snecko","floor":24,"turns":3},{"damage":10,"enemies":"Centurion and Healer","floor":27,"turns":4},{"damage":5,"enemies":"Cultist and Chosen","floor":28,"turns":6},{"damage":9,"enemies":"Chosen and Byrds","floor":29,"turns":5},{"damage":6,"enemies":"3 Cultists","floor":31,"turns":5},{"damage":81,"enemies":"Champ","floor":33,"turns":12}],"seed_played":"386591400454835115","potions_obtained":[{"floor":5,"key":"Block Potion"},{"floor":7,"key":"GamblersBrew"},{"floor":12,"key":"SkillPotion"},{"floor":16,"key":"Poison Potion"}],"is_trial":false,"path_per_floor":["M","?","?","?","M","R","E","R","T","$","R","M","M","M","R","B",null,"M","M","?","?","$","M","M","R","T","M","M","M","R","M","R","B"],"character_chosen":"IRONCLAD","items_purchased":["Red Skull","Anger","Panacea"],"campfire_rested":2,"item_purchase_floors":[10,10,22],"current_hp_per_floor":[50,50,50,39,41,41,14,38,38,38,38,44,44,50,50,22,66,66,52,52,52,52,35,32,32,32,31,37,39,39,44,74,0],"gold":118,"neow_bonus":"RANDOM_COLORLESS_2","is_prod":false,"is_daily":false,"chose_seed":false,"campfire_upgraded":5,"win_rate":0,"timestamp":1566748094,"path_taken":["M","?","?","?","M","R","E","R","T","?","R","?","M","M","R","BOSS","M","M","?","?","$","M","M","R","T","M","M","?","R","M","R","BOSS"],"build_version":"2019-07-17","purchased_purges":1,"victory":false,"max_hp_per_floor":[80,80,80,80,80,80,80,80,80,80,80,80,80,80,80,80,80,80,83,83,83,83,83,83,83,83,86,91,96,96,101,101,101],"card_choices":[{"not_picked":["Body Slam","Clash"],"picked":"Clothesline","floor":1},{"not_picked":["Sentinel","Clash"],"picked":"Wild Strike","floor":5},{"not_picked":["Burning Pact","Havoc"],"picked":"Shrug It Off","floor":7},{"not_picked":["Havoc","Perfected Strike"],"picked":"Shrug It Off","floor":12},{"not_picked":["Iron Wave","Twin Strike"],"picked":"Searing Blow","floor":13},{"not_picked":["Dual Wield","Feel No Pain"],"picked":"Limit Break","floor":14},{"not_picked":["Barricade","Dark Embrace"],"picked":"Feed","floor":16},{"not_picked":["Sentinel","Infernal Blade"],"picked":"Anger","floor":18},{"not_picked":["Iron Wave","Clash"],"picked":"Rage","floor":19},{"not_picked":["Bloodletting+1","Seeing Red"],"picked":"Inflame","floor":23},{"not_picked":["Cleave","Second Wind","Clash+1"],"picked":"SKIP","floor":24},{"not_picked":["Cleave","Twin Strike"],"picked":"Shrug It Off+1","floor":27},{"not_picked":["Armaments","Clash","Reckless Charge"],"picked":"Singing Bowl","floor":28},{"not_picked":["Clash+1","Exhume","Headbutt"],"picked":"Singing Bowl","floor":29},{"not_picked":["Corruption","Uppercut","Anger"],"picked":"Singing Bowl","floor":31}],"player_experience":160583,"relics_obtained":[{"floor":7,"key":"Potion Belt"},{"floor":9,"key":"Thread and Needle"},{"floor":26,"key":"Singing Bowl"}],"event_choices":[{"damage_healed":0,"gold_gain":0,"player_choice":"Ignored","damage_taken":0,"max_hp_gain":0,"max_hp_loss":0,"event_name":"Liars Game","floor":2,"gold_loss":0},{"cards_removed":["Strike_R"],"damage_healed":0,"gold_gain":0,"player_choice":"Card Removal","damage_taken":0,"max_hp_gain":0,"max_hp_loss":0,"event_name":"The Cleric","floor":3,"gold_loss":50},{"damage_healed":0,"gold_gain":75,"player_choice":"Gather Gold","damage_taken":11,"max_hp_gain":0,"max_hp_loss":0,"event_name":"World of Goop","floor":4,"gold_loss":0},{"damage_healed":0,"gold_gain":0,"player_choice":"Read","damage_taken":0,"max_hp_gain":0,"max_hp_loss":0,"event_name":"The Library","floor":20,"gold_loss":0,"cards_obtained":["Metallicize"]},{"damage_healed":0,"gold_gain":0,"player_choice":"Upgraded","damage_taken":0,"max_hp_gain":0,"max_hp_loss":0,"event_name":"Upgrade Shrine","floor":21,"gold_loss":0,"cards_upgraded":["Rage"]}],"is_beta":false,"boss_relics":[{"not_picked":["Coffee Dripper","Astrolabe"],"picked":"Sozu"}],"items_purged_floors":[22],"is_endless":false,"potions_floor_spawned":[5,7,12,16,23,29,31],"killed_by":"Champ","ascension_level":9}