{"gold_per_floor":[113,113,128,141,141,176,176,186,186,186,205,231,84,98,98,197,197,179,179,179,194,75,75],"floor_reached":23,"playtime":1477,"items_purged":[],"score":322,"play_id":"112af5a6-9d4c-4e3d-b07c-ece9ed39ae49","local_time":"20190826131722","is_ascension_mode":true,"campfire_choices":[{"floor":10,"key":"REST"},{"floor":15,"key":"REST"}],"neow_cost":"TEN_PERCENT_HP_LOSS","seed_source_timestamp":573679404476600,"circlet_count":0,"master_deck":["AscendersBane","Strike_R","Strike_R","Strike_R","Strike_R","Defend_R+1","Defend_R","Defend_R","Bash+1","Metallicize","Shrug It Off","Seeing Red","Offering","Corruption","Shrug It Off","Power Through","Evolve","Body Slam","Infernal Blade","Demon Form","Entrench+1","Rampage","Battle Trance"],"relics":["Burning Blood","StoneCalendar","Bronze Scales","Pantograph","Dream Catcher","Boot","Regal Pillow","Sozu"],"potions_floor_usage":[6,8,11,12],"damage_taken":[{"damage":6,"enemies":"2 Louse","floor":1,"turns":3},{"damage":9,"enemies":"Small Slimes","floor":3,"turns":4},{"damage":9,"enemies":"Jaw Worm","floor":4,"turns":3},{"damage":26,"enemies":"3 Sentries","floor":6,"turns":7},{"damage":9,"enemies":"Lots of Slimes","floor":8,"turns":5},{"damage":0,"enemies":"Exordium Thugs","floor":11,"turns":7},{"damage":26,"enemies":"Lagavulin","floor":12,"turns":7},{"damage":6,"enemies":"2 Fungi Beasts","floor":14,"turns":5},{"damage":8,"enemies":"Slime Boss","floor":16,"turns":8},{"damage":6,"enemies":"2 Thieves","floor":18,"turns":4},{"damage":8,"enemies":"Spheric Guardian","floor":21,"turns":6},{"damage":79,"enemies":"Slavers","floor":23,"turns":4}],"seed_played":"913592805311701685","potions_obtained":[{"floor":1,"key":"Poison Potion"},{"floor":4,"key":"AttackPotion"},{"floor":6,"key":"EssenceOfSteel"},{"floor":8,"key":"GamblersBrew"}],"is_trial":false,"path_per_floor":["M","?","M","M","?","E","?","M","T","R","M","E","$","M","R","B",null,"M","$","?","M","$","E"],"character_chosen":"IRONCLAD","items_purchased":["Regal Pillow","Rampage","Battle Trance"],"campfire_rested":2,"item_purchase_floors":[13,22,22],"current_hp_per_floor":[72,54,51,48,34,14,14,11,11,32,38,18,18,18,54,70,72,72,72,72,70,70,0],"gold":75,"neow_bonus":"ONE_RARE_RELIC","is_prod":false,"is_daily":false,"chose_seed":false,"campfire_upgraded":0,"win_rate":0,"timestamp":1566850642,"path_taken":["M","?","M","M","?","E","?","M","T","R","M","E","$","M","R","BOSS","M","$","?","?","$","E"],"build_version":"2019-07-17","purchased_purges":0,"victory":false,"max_hp_per_floor":[72,72,72,72,72,72,72,72,72,72,72,72,72,72,72,72,72,72,72,72,72,72,72],"card_choices":[{"not_picked":["Battle Trance","Twin Strike"],"picked":"Metallicize","floor":1},{"not_picked":["True Grit","Inflame"],"picked":"Shrug It Off","floor":3},{"not_picked":["Warcry","Havoc","Blood for Blood"],"picked":"SKIP","floor":4},{"not_picked":["Searing Blow","Fire Breathing"],"picked":"Seeing Red","floor":6},{"not_picked":["Havoc","Shockwave"],"picked":"Corruption","floor":8},{"not_picked":["Clash","Corruption"],"picked":"Shrug It Off","floor":10},{"not_picked":["Twin Strike","Fire Breathing"],"picked":"Power Through","floor":11},{"not_picked":["Corruption","Cleave"],"picked":"Evolve","floor":12},{"not_picked":["Rupture","True Grit"],"picked":"Body Slam","floor":14},{"not_picked":["Headbutt","Uppercut"],"picked":"Infernal Blade","floor":15},{"not_picked":["Reaper","Fiend Fire"],"picked":"Demon Form","floor":16},{"not_picked":["Perfected Strike","Corruption"],"picked":"Entrench+1","floor":18},{"not_picked":["Heavy Blade","Perfected Strike","Sever Soul+1"],"picked":"SKIP","floor":21}],"player_experience":195449,"relics_obtained":[{"floor":6,"key":"Pantograph"},{"floor":9,"key":"Dream Catcher"},{"floor":12,"key":"Boot"}],"event_choices":[{"damage_healed":0,"gold_gain":0,"player_choice":"Success","damage_taken":18,"relics_obtained":["Bronze Scales"],"max_hp_gain":0,"max_hp_loss":0,"event_name":"Scrap Ooze","floor":2,"gold_loss":0},{"damage_healed":0,"gold_gain":0,"player_choice":"Entered Light","damage_taken":14,"max_hp_gain":0,"max_hp_loss":0,"event_name":"Shining Light","floor":5,"gold_loss":0,"cards_upgraded":["Defend_R","Bash"]},{"damage_healed":0,"gold_gain":0,"cards_transformed":["Strike_R"],"player_choice":"Change","damage_taken":0,"max_hp_gain":0,"max_hp_loss":0,"event_name":"Living Wall","floor":7,"gold_loss":0,"cards_obtained":["Offering"]},{"cards_removed":["Defend_R"],"damage_healed":0,"gold_gain":0,"player_choice":"Offered Basic","damage_taken":0,"max_hp_gain":0,"max_hp_loss":0,"event_name":"Bonfire Elementals","floor":20,"gold_loss":0}],"is_beta":false,"boss_relics":[{"not_picked":["Ectoplasm","Philosopher\u0027s Stone"],"picked":"Sozu"}],"items_purged_floors":[],"is_endless":false,"potions_floor_spawned":[1,4,6,8,21],"killed_by":"Slavers","ascension_level":12}