{"path_per_floor":["M","M","M","?","?","E","?","E","T","R","M","M","R","?","R","B",null,"M","?","$","M","M","R","E","R","T","$","R","M","M","?","R"],"character_chosen":"DEFECT","items_purchased":["Apotheosis","Conserve Battery","Redo","War Paint","Self Repair","Defragment"],"gold_per_floor":[209,222,234,234,234,267,267,296,347,347,366,377,377,352,352,457,457,468,567,39,49,66,66,98,98,124,50,50,60,76,76,76,76],"floor_reached":33,"campfire_rested":7,"playtime":1495,"item_purchase_floors":[20,20,20,20,20,27],"current_hp_per_floor":[73,73,73,73,73,39,39,8,8,30,19,10,32,32,54,9,75,48,48,48,42,20,42,26,48,48,48,70,47,52,52,74,0],"items_purged":[],"gold":76,"score":328,"play_id":"817f36df-950b-42bf-8b56-74d30b813f97","local_time":"20180617195104","is_prod":false,"is_daily":false,"chose_seed":false,"is_ascension_mode":true,"campfire_upgraded":0,"win_rate":0,"timestamp":1529257864,"campfire_choices":[{"floor":10,"key":"REST"},{"floor":13,"key":"REST"},{"floor":15,"key":"REST"},{"floor":23,"key":"REST"},{"floor":25,"key":"REST"},{"floor":28,"key":"REST"},{"floor":32,"key":"REST"}],"path_taken":["M","M","M","?","?","E","?","E","T","R","M","?","R","?","R","BOSS","M","?","?","M","?","R","E","R","T","$","R","M","M","?","R","BOSS"],"build_version":"2018-06-14v2","seed_source_timestamp":504917469546924,"purchased_purges":0,"victory":false,"master_deck":["Strike_B","Strike_B","Strike_B+1","Strike_B+1","Defend_B","Defend_B","Defend_B","Defend_B+1","Zap","Dualcast","Redo+1","Coolheaded","Static Discharge","Streamline","Glacier","Gash","Gash","Electrodynamics","Reprogram","Apotheosis","Conserve Battery","Redo","Self Repair","Redo+1","Cold Snap","Defragment+1","Defragment","Gash+1","Gash","Writhe"],"max_hp_per_floor":[75,75,75,75,75,75,75,75,75,75,75,75,75,75,75,75,75,75,75,75,75,75,75,75,75,75,75,75,75,75,75,75,75],"relics":["Cracked Core","Centennial Puzzle","Whetstone","Orichalcum","Empty Cage","War Paint","Smiling Mask","Ancient Tea Set","Molten Egg 2"],"card_choices":[{"not_picked":["Stack","Compile Driver"],"picked":"Redo","floor":1},{"not_picked":["Leap","Chaos"],"picked":"Coolheaded","floor":2},{"not_picked":["Turbo","Chaos"],"picked":"Static Discharge","floor":3},{"not_picked":["Turbo","Beam Cell"],"picked":"Streamline","floor":6},{"not_picked":["Fusion","Hologram"],"picked":"Glacier","floor":8},{"not_picked":["Beam Cell","Turbo"],"picked":"Gash","floor":11},{"not_picked":["Echo Form","Hello World"],"picked":"Gash","floor":12},{"not_picked":["Core Surge","Meteor Strike"],"picked":"Electrodynamics","floor":16},{"not_picked":["Go for the Eyes","Skim"],"picked":"Reprogram","floor":18},{"not_picked":["Cold Snap","Rip and Tear"],"picked":"Redo+1","floor":21},{"not_picked":["Consume","Redo"],"picked":"Cold Snap","floor":22},{"not_picked":["Fusion","Beam Cell+1"],"picked":"Defragment+1","floor":24},{"not_picked":["Double Energy+1","Steam"],"picked":"Gash+1","floor":29},{"not_picked":["Force Field","Turbo"],"picked":"Gash","floor":30}],"player_experience":158621,"potions_floor_usage":[6,11,16,22,24,24,30],"damage_taken":[{"damage":2,"enemies":"Jaw Worm","floor":1,"turns":3},{"damage":0,"enemies":"Small Slimes","floor":2,"turns":2},{"damage":0,"enemies":"Cultist","floor":3,"turns":3},{"damage":34,"enemies":"Lagavulin","floor":6,"turns":6},{"damage":31,"enemies":"3 Sentries","floor":8,"turns":5},{"damage":11,"enemies":"Large Slime","floor":11,"turns":6},{"damage":9,"enemies":"Looter","floor":12,"turns":3},{"damage":45,"enemies":"The Guardian","floor":16,"turns":10},{"damage":27,"enemies":"Chosen","floor":18,"turns":4},{"damage":16,"enemies":"Spheric Guardian","floor":21,"turns":4},{"damage":29,"enemies":"Snake Plant","floor":22,"turns":4},{"damage":26,"enemies":"Book of Stabbing","floor":24,"turns":5},{"damage":23,"enemies":"Cultist and Chosen","floor":29,"turns":4},{"damage":2,"enemies":"3 Cultists","floor":30,"turns":3},{"damage":79,"enemies":"Automaton","floor":33,"turns":6}],"relics_obtained":[{"floor":6,"key":"Centennial Puzzle"},{"floor":8,"key":"Whetstone"},{"floor":9,"key":"Orichalcum"},{"floor":24,"key":"Smiling Mask"},{"floor":26,"key":"Ancient Tea Set"}],"event_choices":[{"event_name":"Golden Wing","player_choice":"Ignored","floor":4,"damage_taken":0},{"event_name":"Match and Keep!","player_choice":"2 cards matched","floor":5,"damage_taken":0},{"event_name":"Transmorgrifier","player_choice":"Transform","floor":7,"damage_taken":0},{"event_name":"World of Goop","player_choice":"Left","floor":14,"damage_taken":0},{"event_name":"Nest","player_choice":"Stole From Cult","floor":19,"damage_taken":0},{"event_name":"The Mausoleum","player_choice":"Yes","floor":31,"damage_taken":0}],"boss_relics":[{"not_picked":["White Beast Statue","Coffee Dripper"],"picked":"Empty Cage"}],"items_purged_floors":[],"is_endless":false,"potions_floor_spawned":[3,6,11,12,16,21,22],"seed_played":"8431879247971830701","killed_by":"Automaton","ascension_level":2,"potions_obtained":[{"floor":3,"key":"PowerPotion"},{"floor":6,"key":"Weak Potion"},{"floor":11,"key":"Dexterity Potion"},{"floor":12,"key":"Strength Potion"},{"floor":16,"key":"FearPotion"},{"floor":21,"key":"Poison Potion"},{"floor":22,"key":"LiquidBronze"}],"is_trial":false}