{"gold_per_floor":[117,129,81,81,93,93,108,108,108,133,147,147,161,171,171,269,269,281,291,62,77,77,77,87,87,141,141,141,141,141],"floor_reached":30,"playtime":1543,"items_purged":["Strike_B"],"score":244,"play_id":"a52f94f0-776b-4a54-884f-30eb1acf6918","local_time":"20181231162212","is_ascension_mode":true,"campfire_choices":[{"data":"Redo","floor":6,"key":"SMITH"},{"data":"Zap","floor":8,"key":"SMITH"},{"floor":15,"key":"REST"},{"floor":23,"key":"REST"},{"floor":25,"key":"REST"},{"floor":27,"key":"REST"},{"data":"Conserve Battery","floor":29,"key":"SMITH"}],"neow_cost":"NONE","seed_source_timestamp":175847193565081,"circlet_count":0,"master_deck":["Strike_B","Strike_B","Defend_B","Defend_B","Defend_B","Defend_B","Zap+1","Dualcast","Doom and Gloom","Go for the Eyes","Redo+1","Leap","Coolheaded","Loop","Conserve Battery+1","Darkness+1","Multi-Cast"],"relics":["Cracked Core","Molten Egg 2","Dodecahedron","Girya","Sozu","MutagenicStrength","Smiling Mask"],"potions_floor_usage":[],"damage_taken":[{"damage":0,"enemies":"Small Slimes","floor":1,"turns":4},{"damage":12,"enemies":"2 Louse","floor":2,"turns":2},{"damage":5,"enemies":"Jaw Worm","floor":5,"turns":3},{"damage":4,"enemies":"2 Fungi Beasts","floor":7,"turns":3},{"damage":6,"enemies":"Lagavulin","floor":10,"turns":5},{"damage":8,"enemies":"Large Slime","floor":11,"turns":4},{"damage":14,"enemies":"3 Louse","floor":13,"turns":3},{"damage":3,"enemies":"Lots of Slimes","floor":14,"turns":2},{"damage":1,"enemies":"Slime Boss","floor":16,"turns":9},{"damage":13,"enemies":"Spheric Guardian","floor":18,"turns":4},{"damage":11,"enemies":"2 Thieves","floor":19,"turns":4},{"damage":41,"enemies":"Centurion and Healer","floor":21,"turns":6},{"damage":18,"enemies":"Sentry and Sphere","floor":24,"turns":4},{"damage":71,"enemies":"Slavers","floor":30,"turns":5}],"seed_played":"7279603938234898352","potions_obtained":[{"floor":5,"key":"Explosive Potion"},{"floor":10,"key":"FearPotion"},{"floor":11,"key":"Weak Potion"}],"is_trial":false,"path_per_floor":["M","M","$","?","M","R","M","R","T","E","M","?","M","M","R","B",null,"M","M","$","M","?","R","M","R","T","R","?","R","E"],"character_chosen":"DEFECT","items_purchased":["Redo","Multi-Cast"],"campfire_rested":4,"item_purchase_floors":[3,20],"current_hp_per_floor":[75,63,63,68,63,63,59,59,59,53,45,33,19,16,40,39,80,67,56,56,15,15,39,21,45,45,69,69,69,0],"gold":141,"neow_bonus":"TRANSFORM_CARD","is_prod":false,"is_daily":false,"chose_seed":false,"campfire_upgraded":3,"win_rate":0,"timestamp":1546240932,"path_taken":["M","M","$","?","M","R","M","R","T","E","M","?","M","M","R","BOSS","M","M","$","M","?","R","M","R","T","R","?","R","E"],"build_version":"2018-12-20","purchased_purges":1,"victory":false,"max_hp_per_floor":[75,75,75,80,80,80,80,80,80,80,80,80,80,80,80,80,80,80,80,80,80,80,80,80,80,80,80,80,80,80],"card_choices":[{"not_picked":["Hologram","Cold Snap"],"picked":"Go for the Eyes","floor":1},{"not_picked":["Undo","Rebound","Heatsinks"],"picked":"SKIP","floor":2},{"not_picked":["Redo","Beam Cell"],"picked":"Leap","floor":5},{"not_picked":["Reprogram","Hologram"],"picked":"Coolheaded","floor":7},{"not_picked":["Coolheaded","Self Repair"],"picked":"Loop","floor":10},{"not_picked":["Hologram","FTL+1","Compile Driver+1"],"picked":"SKIP","floor":11},{"not_picked":["Lockon+1","Static Discharge"],"picked":"Conserve Battery","floor":13},{"not_picked":["Sweeping Beam+1","White Noise","Leap"],"picked":"SKIP","floor":14},{"not_picked":["Coolheaded","Hologram"],"picked":"Darkness+1","floor":18},{"not_picked":["Glacier","Stack+1","Rebound+1"],"picked":"SKIP","floor":19},{"not_picked":["Leap","Compile Driver+1","Rebound+1"],"picked":"SKIP","floor":21},{"not_picked":["Streamline+1","Lockon+1","Barrage+1"],"picked":"SKIP","floor":24}],"player_experience":77486,"relics_obtained":[{"floor":9,"key":"Molten Egg 2"},{"floor":10,"key":"Dodecahedron"},{"floor":26,"key":"Smiling Mask"}],"event_choices":[{"damage_healed":0,"gold_gain":0,"player_choice":"Donut","damage_taken":0,"max_hp_gain":5,"max_hp_loss":0,"event_name":"Big Fish","floor":4,"gold_loss":0},{"damage_healed":0,"gold_gain":0,"player_choice":"Success","damage_taken":12,"relics_obtained":["Girya"],"max_hp_gain":0,"max_hp_loss":0,"event_name":"Scrap Ooze","floor":12,"gold_loss":0},{"damage_healed":0,"gold_gain":0,"player_choice":"Inject Mutagens","damage_taken":0,"relics_obtained":["MutagenicStrength"],"max_hp_gain":0,"max_hp_loss":0,"event_name":"Drug Dealer","floor":22,"gold_loss":0},{"damage_healed":0,"gold_gain":0,"player_choice":"Ignored","damage_taken":0,"max_hp_gain":0,"max_hp_loss":0,"event_name":"Ghosts","floor":28,"gold_loss":0}],"is_beta":false,"boss_relics":[{"not_picked":["Calling Bell","Velvet Choker"],"picked":"Sozu"}],"items_purged_floors":[20],"is_endless":false,"potions_floor_spawned":[5,10,11,13,18,19,24],"killed_by":"Slavers","ascension_level":1}