{"gold_per_floor":[115,265,12,28,39,64,64,74,99,125,138,149,149,479,479,556,556,572,592,592,87,100,100,15,15,38,38,71,86,104,132,132,209,209,222,2,15,15,30,59,59,59,137,156,170,170,199,209,209,209,209],"floor_reached":51,"playtime":5813,"items_purged":["Doubt"],"score":1788,"play_id":"5be994d1-3882-45bb-84e8-aa89d8ab9925","local_time":"20190828004708","is_ascension_mode":true,"campfire_choices":[{"floor":7,"key":"REST"},{"data":"Zap","floor":13,"key":"SMITH"},{"floor":15,"key":"REST"},{"data":"Seek","floor":23,"key":"SMITH"},{"floor":25,"key":"REST"},{"floor":32,"key":"REST"},{"data":"Turbo","floor":41,"key":"SMITH"},{"data":"Impatience","floor":46,"key":"SMITH"},{"floor":49,"key":"RECALL"}],"neow_cost":"TEN_PERCENT_HP_LOSS","seed_source_timestamp":620164822201600,"circlet_count":0,"master_deck":["AscendersBane","Zap+1","Dualcast","Enlightenment","Reinforced Body","Electrodynamics","Genetic Algorithm","Tempest","Barrage","Conserve Battery","All For One","Conserve Battery","Capacitor","Sunder","Reboot","Seek+1","Cold Snap","Self Repair","Ball Lightning","Turbo+1","Consume","Thunder Strike","Chaos","Genetic Algorithm","Steam+1","Steam Power","Hologram","Go for the Eyes","Hologram","Turbo","Aggregate","All For One","Compile Driver+1","Stack","BootSequence+1","Flash of Steel","Impatience+1","PanicButton","FTL","Seek","Purity","Injury","Parasite","Undo","Seek"],"relics":["Cracked Core","Whetstone","Orichalcum","Regal Pillow","Old Coin","Pandora\u0027s Box","Mummified Hand","Toolbox","Ancient Tea Set","Happy Flower","Potion Belt","Cables","Cursed Key","DataDisk","Bronze Scales","Pantograph"],"potions_floor_usage":[10,10,14,16,40,45,47,51],"damage_taken":[{"damage":2,"enemies":"Jaw Worm","floor":1,"turns":3},{"damage":0,"enemies":"Small Slimes","floor":4,"turns":2},{"damage":6,"enemies":"2 Louse","floor":5,"turns":2},{"damage":39,"enemies":"Lagavulin","floor":6,"turns":6},{"damage":0,"enemies":"2 Fungi Beasts","floor":8,"turns":1},{"damage":2,"enemies":"Gremlin Nob","floor":10,"turns":3},{"damage":0,"enemies":"Large Slime","floor":11,"turns":4},{"damage":8,"enemies":"Red Slaver","floor":12,"turns":3},{"damage":4,"enemies":"Lagavulin","floor":14,"turns":5},{"damage":0,"enemies":"Slime Boss","floor":16,"turns":6},{"damage":20,"enemies":"Shell Parasite","floor":18,"turns":3},{"damage":0,"enemies":"Chosen","floor":19,"turns":2},{"damage":11,"enemies":"Centurion and Healer","floor":22,"turns":4},{"damage":15,"enemies":"Book of Stabbing","floor":28,"turns":3},{"damage":6,"enemies":"Snake Plant","floor":29,"turns":4},{"damage":7,"enemies":"Snecko","floor":30,"turns":3},{"damage":0,"enemies":"Gremlin Leader","floor":31,"turns":3},{"damage":9,"enemies":"Collector","floor":33,"turns":5},{"damage":17,"enemies":"3 Darklings","floor":35,"turns":5},{"damage":0,"enemies":"Orb Walker","floor":37,"turns":3},{"damage":0,"enemies":"Sphere and 2 Shapes","floor":39,"turns":3},{"damage":0,"enemies":"Giant Head","floor":40,"turns":4},{"damage":0,"enemies":"Transient","floor":44,"turns":6},{"damage":22,"enemies":"Writhing Mass","floor":45,"turns":5},{"damage":0,"enemies":"Nemesis","floor":47,"turns":5},{"damage":2,"enemies":"3 Darklings","floor":48,"turns":3},{"damage":60,"enemies":"Donu and Deca","floor":50,"turns":6},{"damage":64,"enemies":"Awakened One","floor":51,"turns":7}],"seed_played":"5343145254384805487","potions_obtained":[{"floor":5,"key":"FearPotion"},{"floor":8,"key":"Swift Potion"},{"floor":10,"key":"SpeedPotion"},{"floor":11,"key":"GamblersBrew"},{"floor":12,"key":"FocusPotion"},{"floor":22,"key":"Ancient Potion"},{"floor":29,"key":"SkillPotion"},{"floor":31,"key":"Energy Potion"},{"floor":33,"key":"GamblersBrew"},{"floor":39,"key":"Swift Potion"},{"floor":40,"key":"Block Potion"}],"is_trial":false,"path_per_floor":["M","?","$","M","M","E","R","M","T","E","M","M","R","E","R","B",null,"M","M","?","$","M","R","?","R","T","?","E","M","M","E","R","B",null,"M","$","M","?","M","E","R","?","T","M","M","R","E","M","R","B","B"],"character_chosen":"DEFECT","items_purchased":["Electrodynamics","Mummified Hand","Toolbox","DataDisk","Stack"],"campfire_rested":4,"item_purchase_floors":[3,21,21,36,36],"current_hp_per_floor":[62,62,62,62,56,17,36,36,36,34,34,26,26,22,56,56,62,42,42,42,42,38,38,38,64,64,47,32,33,26,26,61,59,67,57,57,64,54,61,61,61,61,61,68,53,53,60,58,58,16,0],"gold":209,"neow_bonus":"RANDOM_COLORLESS_2","is_prod":false,"is_daily":false,"chose_seed":false,"campfire_upgraded":4,"win_rate":0,"timestamp":1566967628,"path_taken":["M","?","$","M","M","E","R","M","T","E","M","M","R","E","R","BOSS","M","M","?","$","M","R","?","R","T","?","E","M","M","E","R","BOSS","M","$","M","?","M","E","R","?","T","M","?","R","E","M","R","BOSS","BOSS"],"build_version":"2019-07-17","purchased_purges":1,"victory":false,"max_hp_per_floor":[64,64,64,64,64,64,64,64,64,64,64,64,64,64,64,64,64,64,64,64,64,64,64,64,64,64,69,69,69,69,69,69,69,69,69,69,69,69,69,69,69,69,69,69,69,69,69,69,69,69,69],"card_choices":[{"not_picked":["Gash","Steam Power"],"picked":"Reinforced Body","floor":1},{"not_picked":["White Noise","Aggregate"],"picked":"Genetic Algorithm","floor":4},{"not_picked":["Reprogram","Turbo"],"picked":"Tempest","floor":5},{"not_picked":["Leap","Compile Driver"],"picked":"Barrage","floor":6},{"not_picked":["Streamline","Stack"],"picked":"Conserve Battery","floor":8},{"not_picked":["Steam Power","Glacier"],"picked":"All For One","floor":10},{"not_picked":["Doom and Gloom","Lockon"],"picked":"Conserve Battery","floor":11},{"not_picked":["Genetic Algorithm","Stack"],"picked":"Capacitor","floor":12},{"not_picked":["Sweeping Beam","Rebound"],"picked":"Sunder","floor":14},{"not_picked":["Buffer","Amplify"],"picked":"Reboot","floor":16},{"not_picked":["Sweeping Beam+1","Streamline"],"picked":"Genetic Algorithm","floor":18},{"not_picked":["Conserve Battery","Beam Cell"],"picked":"Steam+1","floor":19},{"not_picked":["Cold Snap","Coolheaded"],"picked":"Hologram","floor":22},{"not_picked":["Coolheaded","Gash"],"picked":"Go for the Eyes","floor":28},{"not_picked":["Cold Snap","Scrape"],"picked":"Hologram","floor":29},{"not_picked":["Rip and Tear","Coolheaded"],"picked":"Turbo","floor":30},{"not_picked":["Compile Driver","Lockon"],"picked":"Aggregate","floor":31},{"not_picked":["Reboot","Machine Learning"],"picked":"All For One","floor":33},{"not_picked":["Redo","Sweeping Beam"],"picked":"Compile Driver+1","floor":35},{"not_picked":["Compile Driver","Blizzard"],"picked":"BootSequence+1","floor":37},{"not_picked":["Magnetism","PanicButton"],"picked":"Flash of Steel","floor":38},{"not_picked":["Transmutation","Panache"],"picked":"Impatience","floor":38},{"not_picked":["Transmutation","Purity"],"picked":"PanicButton","floor":38},{"not_picked":["Conserve Battery+1","Steam+1"],"picked":"FTL","floor":39},{"not_picked":["Streamline","Heatsinks+1"],"picked":"Seek","floor":40},{"not_picked":["Darkness","Sweeping Beam","Gash"],"picked":"SKIP","floor":44},{"not_picked":["Steam","Sweeping Beam+1","Hologram"],"picked":"SKIP","floor":45},{"not_picked":["Go for the Eyes","Cold Snap"],"picked":"Undo","floor":47},{"not_picked":["Heatsinks+1","White Noise"],"picked":"Seek","floor":48}],"player_experience":454041,"relics_obtained":[{"floor":6,"key":"Whetstone"},{"floor":9,"key":"Orichalcum"},{"floor":10,"key":"Regal Pillow"},{"floor":14,"key":"Old Coin"},{"floor":26,"key":"Happy Flower"},{"floor":28,"key":"Potion Belt"},{"floor":31,"key":"Cables"},{"floor":40,"key":"Bronze Scales"},{"floor":47,"key":"Pantograph"}],"event_choices":[{"damage_healed":0,"gold_gain":150,"player_choice":"AGREE","damage_taken":0,"max_hp_gain":0,"max_hp_loss":0,"event_name":"Liars Game","floor":2,"gold_loss":0,"cards_obtained":["Doubt"]},{"damage_healed":0,"gold_gain":0,"player_choice":"Read","damage_taken":0,"max_hp_gain":0,"max_hp_loss":0,"event_name":"The Library","floor":20,"gold_loss":0,"cards_obtained":["Steam Power"]},{"damage_healed":0,"gold_gain":0,"player_choice":"Obtained Relic","damage_taken":0,"relics_obtained":["Ancient Tea Set"],"max_hp_gain":0,"max_hp_loss":0,"event_name":"Addict","floor":24,"gold_loss":85},{"damage_healed":0,"gold_gain":0,"player_choice":"Shed Blood","damage_taken":22,"max_hp_gain":5,"max_hp_loss":0,"event_name":"Forgotten Altar","floor":27,"gold_loss":0},{"damage_healed":0,"gold_gain":0,"player_choice":"Memory 3","damage_taken":10,"max_hp_gain":0,"max_hp_loss":0,"event_name":"SensoryStone","floor":38,"gold_loss":0},{"damage_healed":0,"gold_gain":0,"cards_transformed":["Dramatic Entrance"],"player_choice":"Transformed","damage_taken":0,"max_hp_gain":0,"max_hp_loss":0,"event_name":"Transmorgrifier","floor":42,"gold_loss":0,"cards_obtained":["Purity"]}],"is_beta":false,"boss_relics":[{"not_picked":["Nuclear Battery","Ectoplasm"],"picked":"Pandora\u0027s Box"},{"not_picked":["Empty Cage","Inserter"],"picked":"Cursed Key"}],"items_purged_floors":[3],"is_endless":false,"potions_floor_spawned":[5,8,10,11,12,22,29,31,33,37,39,40,44],"killed_by":"Awakened One","ascension_level":20}