{"gold_per_floor":[111,131,51,62,73,105,125,125,148,148,98,98,98,123,123,249,249,264,264,264],"floor_reached":20,"playtime":1485,"items_purged":[],"score":191,"play_id":"9b3395ec-7285-4a88-b6f6-fba0438f0834","local_time":"20181229211448","is_ascension_mode":true,"campfire_choices":[{"floor":8,"key":"REST"},{"floor":10,"key":"REST"},{"floor":12,"key":"REST"},{"floor":15,"key":"REST"}],"neow_cost":"NONE","seed_source_timestamp":40878334978446,"circlet_count":0,"master_deck":["Defend_G","Defend_G","Defend_G","Defend_G","Defend_G","Strike_G","Survivor","Neutralize","Flying Knee","PiercingWail","Well Laid Plans","Dash","Bouncing Flask","Storm of Steel","Footwork","Dagger Spray","Predator","Injury","Sucker Punch","Venomology","Heel Hook+1","Blur+1","Night Terror+1","Acrobatics"],"relics":["Ring of the Snake","Potion Belt","Orichalcum","Dream Catcher","Golden Idol","Astrolabe"],"potions_floor_usage":[16,16,18,18,19],"damage_taken":[{"damage":12,"enemies":"Small Slimes","floor":1,"turns":4},{"damage":1,"enemies":"2 Louse","floor":2,"turns":3},{"damage":2,"enemies":"Jaw Worm","floor":4,"turns":4},{"damage":0,"enemies":"3 Louse","floor":5,"turns":5},{"damage":38,"enemies":"Gremlin Nob","floor":6,"turns":6},{"damage":4,"enemies":"Lots of Slimes","floor":7,"turns":5},{"damage":13,"enemies":"Red Slaver","floor":14,"turns":5},{"damage":31,"enemies":"Slime Boss","floor":16,"turns":16},{"damage":16,"enemies":"3 Byrds","floor":18,"turns":7},{"damage":45,"enemies":"Colosseum Slavers","floor":19,"turns":8},{"damage":23,"enemies":"Shell Parasite","floor":20,"turns":3}],"seed_played":"7980613886810350814","potions_obtained":[{"floor":5,"key":"SpeedPotion"},{"floor":6,"key":"Weak Potion"},{"floor":14,"key":"GamblersBrew"}],"is_trial":false,"path_per_floor":["M","M","$","M","M","E","M","R","T","R","?","R","?","M","R","B",null,"M","?","M"],"character_chosen":"THE_SILENT","items_purchased":["Well Laid Plans"],"campfire_rested":4,"item_purchase_floors":[3],"current_hp_per_floor":[58,57,57,55,55,17,13,34,34,55,55,70,70,57,70,39,70,54,9,0],"gold":264,"neow_bonus":"RANDOM_COMMON_RELIC","is_prod":false,"is_daily":false,"chose_seed":false,"campfire_upgraded":0,"win_rate":0,"timestamp":1546085688,"path_taken":["M","M","$","M","M","E","M","R","T","R","?","R","?","M","R","BOSS","M","?","M"],"build_version":"2018-12-20","purchased_purges":0,"victory":false,"max_hp_per_floor":[70,70,70,70,70,70,70,70,70,70,70,70,70,70,70,70,70,70,70,70],"card_choices":[{"not_picked":["Deflect","Dodge and Roll"],"picked":"Flying Knee","floor":1},{"not_picked":["Calculated Gamble","Blade Dance"],"picked":"PiercingWail","floor":2},{"not_picked":["Dagger Spray","Cloak And Dagger"],"picked":"Dash","floor":4},{"not_picked":["Blade Dance","Expertise"],"picked":"Bouncing Flask","floor":5},{"not_picked":["Choke","Skewer"],"picked":"Storm of Steel","floor":6},{"not_picked":["Dagger Throw","Tactician"],"picked":"Footwork","floor":7},{"not_picked":["Leg Sweep","Masterful Stab"],"picked":"Dagger Spray","floor":10},{"not_picked":["PiercingWail","Poisoned Stab"],"picked":"Predator","floor":12},{"not_picked":["Skewer","Dagger Spray","Slice"],"picked":"SKIP","floor":14},{"not_picked":["Dash","Flying Knee"],"picked":"Sucker Punch","floor":15},{"not_picked":["Night Terror","Malaise"],"picked":"Venomology","floor":16},{"not_picked":["PiercingWail","Footwork"],"picked":"Acrobatics","floor":18}],"player_experience":52679,"relics_obtained":[{"floor":6,"key":"Orichalcum"},{"floor":9,"key":"Dream Catcher"}],"event_choices":[{"cards_removed":["Strike_G"],"damage_healed":0,"gold_gain":0,"player_choice":"Card Removal","damage_taken":0,"max_hp_gain":0,"max_hp_loss":0,"event_name":"The Cleric","floor":11,"gold_loss":50},{"damage_healed":0,"gold_gain":0,"player_choice":"Take Wound","damage_taken":0,"relics_obtained":["Golden Idol"],"max_hp_gain":0,"max_hp_loss":0,"event_name":"Golden Idol","floor":13,"gold_loss":0,"cards_obtained":["Injury"]},{"damage_healed":0,"gold_gain":0,"player_choice":"Fight","damage_taken":0,"max_hp_gain":0,"max_hp_loss":0,"event_name":"Colosseum","floor":19,"gold_loss":0},{"damage_healed":0,"gold_gain":0,"player_choice":"Fled From Nobs","damage_taken":0,"max_hp_gain":0,"max_hp_loss":0,"event_name":"Colosseum","floor":19,"gold_loss":0}],"is_beta":false,"boss_relics":[{"not_picked":["Black Star","Tiny House"],"picked":"Astrolabe"}],"items_purged_floors":[],"is_endless":false,"potions_floor_spawned":[5,6,14],"killed_by":"Shell Parasite","ascension_level":2}