{"gold_per_floor":[119,69,69,69,69,69,97,97,97,125,145,161,176,187,187,260,260,279,293,293,308,308,308,318,318,345,345,2,17,30,40,40,111,111,128,28,44,44,44,44,44,44,93,14,14,34,34,47,47,47],"floor_reached":50,"playtime":2813,"items_purged":["Strike_R","Strike_R"],"score":853,"play_id":"1f5f38dd-1b97-42e6-a874-40a567a44c4c","local_time":"20190828112734","is_ascension_mode":true,"campfire_choices":[{"data":"Seeing Red","floor":6,"key":"SMITH"},{"data":"Evolve","floor":8,"key":"SMITH"},{"data":"Whirlwind","floor":15,"key":"SMITH"},{"floor":23,"key":"REST"},{"floor":25,"key":"REST"},{"floor":32,"key":"REST"},{"data":"Fiend Fire","floor":40,"key":"SMITH"},{"floor":45,"key":"REST"},{"data":"Rampage","floor":47,"key":"SMITH"},{"floor":49,"key":"REST"}],"neow_cost":"NONE","seed_source_timestamp":738558868612900,"circlet_count":0,"master_deck":["AscendersBane","Defend_R","Bash+1","Seeing Red+1","Evolve+1","Whirlwind+1","Headbutt","Feel No Pain","Power Through","Headbutt","Fiend Fire+1","Havoc+1","RitualDagger","Wild Strike","The Bomb","Forethought","Rampage+1","Fiend Fire+1","Battle Trance+1","Wild Strike+1","Deep Breath","Offering","Warcry+1","Inflame+1"],"relics":["Burning Blood","NeowsBlessing","Ancient Tea Set","Bronze Scales","Blue Candle","Ornamental Fan","Empty Cage","Whetstone","Pen Nib","Runic Cube","Strawberry"],"potions_floor_usage":[21,24,30,30,50],"damage_taken":[{"damage":0,"enemies":"2 Louse","floor":1,"turns":1},{"damage":0,"enemies":"Gremlin Nob","floor":7,"turns":1},{"damage":0,"enemies":"3 Sentries","floor":10,"turns":1},{"damage":0,"enemies":"Small Slimes","floor":11,"turns":3},{"damage":2,"enemies":"Cultist","floor":12,"turns":3},{"damage":6,"enemies":"Looter","floor":13,"turns":2},{"damage":13,"enemies":"Blue Slaver","floor":14,"turns":4},{"damage":46,"enemies":"Hexaghost","floor":16,"turns":10},{"damage":13,"enemies":"Chosen","floor":18,"turns":5},{"damage":22,"enemies":"Spheric Guardian","floor":19,"turns":4},{"damage":29,"enemies":"3 Cultists","floor":21,"turns":7},{"damage":9,"enemies":"Snake Plant","floor":24,"turns":3},{"damage":11,"enemies":"Sentry and Sphere","floor":29,"turns":3},{"damage":42,"enemies":"3 Cultists","floor":30,"turns":6},{"damage":8,"enemies":"Chosen and Byrds","floor":31,"turns":5},{"damage":28,"enemies":"Automaton","floor":33,"turns":7},{"damage":32,"enemies":"3 Darklings","floor":35,"turns":4},{"damage":8,"enemies":"Orb Walker","floor":37,"turns":2},{"damage":18,"enemies":"Jaw Worm Horde","floor":46,"turns":3},{"damage":6,"enemies":"Sphere and 2 Shapes","floor":48,"turns":8},{"damage":74,"enemies":"Time Eater","floor":50,"turns":6}],"seed_played":"-1537984601266311866","potions_obtained":[{"floor":1,"key":"Swift Potion"},{"floor":10,"key":"Dexterity Potion"},{"floor":14,"key":"Fire Potion"},{"floor":21,"key":"Poison Potion"},{"floor":29,"key":"Poison Potion"},{"floor":35,"key":"GamblersBrew"},{"floor":46,"key":"LiquidBronze"}],"is_trial":false,"path_per_floor":["M","?","?","?","?","R","E","R","T","E","M","M","M","M","R","B",null,"M","M","?","M","?","R","M","R","T","T","$","M","M","M","R","B",null,"M","$","M","?","?","R","?","$","T","$","R","M","R","M","R","B"],"character_chosen":"IRONCLAD","items_purchased":["The Bomb","Forethought","Offering"],"campfire_rested":5,"item_purchase_floors":[28,28,44],"current_hp_per_floor":[74,74,71,64,64,64,70,70,70,75,75,75,75,68,68,28,63,56,40,34,11,11,33,30,52,52,52,52,47,11,9,31,9,59,33,33,31,31,31,31,31,31,38,38,62,50,50,50,74,0],"gold":47,"neow_bonus":"THREE_ENEMY_KILL","is_prod":false,"is_daily":false,"chose_seed":false,"campfire_upgraded":5,"win_rate":0,"timestamp":1567016854,"path_taken":["M","?","?","?","?","R","E","R","T","E","M","M","M","M","R","BOSS","M","?","?","M","?","R","M","R","T","?","$","M","M","M","R","BOSS","M","$","M","?","?","R","?","?","T","?","R","?","R","M","R","BOSS"],"build_version":"2019-07-17","purchased_purges":2,"victory":false,"max_hp_per_floor":[75,75,75,75,75,75,75,75,75,75,75,75,75,75,75,75,75,75,75,75,75,75,75,75,75,75,75,75,75,75,75,75,75,75,75,75,75,75,75,75,75,75,82,82,82,82,82,82,82,82],"card_choices":[{"not_picked":["Inflame","Warcry"],"picked":"Seeing Red","floor":1},{"not_picked":["Iron Wave","Rampage"],"picked":"Evolve","floor":7},{"not_picked":["Corruption","Body Slam"],"picked":"Whirlwind","floor":10},{"not_picked":["Iron Wave","Thunderclap"],"picked":"Headbutt","floor":11},{"not_picked":["Body Slam","Cleave"],"picked":"Feel No Pain","floor":12},{"not_picked":["Anger","Whirlwind"],"picked":"Power Through","floor":13},{"not_picked":["Clothesline","Thunderclap"],"picked":"Headbutt","floor":14},{"not_picked":["Berserk","Immolate"],"picked":"Fiend Fire","floor":16},{"not_picked":["Sever Soul","Cleave","Sword Boomerang"],"picked":"SKIP","floor":18},{"not_picked":["Thunderclap","Rupture"],"picked":"Havoc+1","floor":19},{"not_picked":["Inflame","Twin Strike","Heavy Blade"],"picked":"SKIP","floor":21},{"not_picked":["Anger","Inflame+1"],"picked":"Wild Strike","floor":24},{"not_picked":["Body Slam+1","Flame Barrier"],"picked":"Rampage","floor":29},{"not_picked":["Fire Breathing","Clothesline","Sword Boomerang"],"picked":"SKIP","floor":30},{"not_picked":["Cleave","Heavy Blade","Infernal Blade"],"picked":"SKIP","floor":31},{"not_picked":["Offering","Impervious"],"picked":"Fiend Fire","floor":33},{"not_picked":["Flame Barrier","Anger"],"picked":"Battle Trance+1","floor":35},{"not_picked":["Iron Wave+1","Combust"],"picked":"Wild Strike+1","floor":37},{"not_picked":["Jack Of All Trades","Discovery"],"picked":"Deep Breath","floor":38},{"not_picked":["Pommel Strike","Infernal Blade+1"],"picked":"Warcry+1","floor":46},{"not_picked":["Heavy Blade+1","Anger"],"picked":"Inflame+1","floor":48}],"player_experience":251196,"relics_obtained":[{"floor":7,"key":"Bronze Scales"},{"floor":9,"key":"Blue Candle"},{"floor":10,"key":"Ornamental Fan"},{"floor":26,"key":"Whetstone"},{"floor":27,"key":"Pen Nib"},{"floor":43,"key":"Strawberry"}],"event_choices":[{"cards_removed":["Strike_R"],"damage_healed":0,"gold_gain":0,"player_choice":"Card Removal","damage_taken":0,"max_hp_gain":0,"max_hp_loss":0,"event_name":"The Cleric","floor":2,"gold_loss":50},{"damage_healed":0,"gold_gain":0,"player_choice":"Success","damage_taken":3,"relics_obtained":["Ancient Tea Set"],"max_hp_gain":0,"max_hp_loss":0,"event_name":"Scrap Ooze","floor":3,"gold_loss":0},{"cards_removed":["Defend_R"],"damage_healed":0,"gold_gain":0,"player_choice":"Card Removal","damage_taken":7,"max_hp_gain":0,"max_hp_loss":0,"event_name":"Golden Wing","floor":4,"gold_loss":0},{"damage_healed":0,"gold_gain":0,"player_choice":"Forge","damage_taken":0,"max_hp_gain":0,"max_hp_loss":0,"event_name":"Accursed Blacksmith","floor":5,"gold_loss":0,"cards_upgraded":["Bash"]},{"damage_healed":0,"gold_gain":0,"player_choice":"Joined the Cult","damage_taken":6,"max_hp_gain":0,"max_hp_loss":0,"event_name":"Nest","floor":20,"gold_loss":0,"cards_obtained":["RitualDagger"]},{"cards_removed":["Strike_R"],"damage_healed":0,"gold_gain":0,"player_choice":"Elegance","damage_taken":0,"max_hp_gain":0,"max_hp_loss":0,"event_name":"Back to Basics","floor":22,"gold_loss":0},{"damage_healed":0,"gold_gain":0,"player_choice":"Memory 1","damage_taken":0,"max_hp_gain":0,"max_hp_loss":0,"event_name":"SensoryStone","floor":38,"gold_loss":0},{"damage_healed":0,"gold_gain":0,"player_choice":"Ignored","damage_taken":0,"max_hp_gain":0,"max_hp_loss":0,"event_name":"Mysterious Sphere","floor":39,"gold_loss":0},{"cards_removed":["Strike_R"],"damage_healed":0,"gold_gain":0,"player_choice":"Removed Attack","damage_taken":0,"max_hp_gain":0,"max_hp_loss":0,"event_name":"Falling","floor":41,"gold_loss":0}],"is_beta":false,"boss_relics":[{"not_picked":["Snecko Eye","Pandora\u0027s Box"],"picked":"Empty Cage"},{"not_picked":["Black Star","Orrery"],"picked":"Runic Cube"}],"items_purged_floors":[28,36],"is_endless":false,"potions_floor_spawned":[1,10,14,16,19,21,29,35,46],"killed_by":"Time Eater","ascension_level":14}