{"gold_per_floor":[13,113,13,31,49,49,80,98,147,161,181,195,207,225,225,325,325,339,339,356,18,18],"floor_reached":22,"playtime":3204,"items_purged":[],"score":192,"play_id":"e88321c5-8423-46de-b69e-4c320825fa52","local_time":"20190818105215","is_ascension_mode":false,"campfire_choices":[{"data":"Sword Boomerang","floor":6.0,"key":"SMITH"},{"floor":15.0,"key":"REST"}],"neow_cost":"NO_GOLD","seed_source_timestamp":0,"circlet_count":0,"master_deck":["Strike_R","Strike_R","Strike_R","Strike_R","Defend_R","Defend_R","Defend_R","Defend_R","Bash","Demon Form","Sword Boomerang+1","Shrug It Off","Fire Breathing","Shrug It Off","Anger","Perfected Strike","Twin Strike","Battle Trance","Uppercut","Armaments","Cleave","Body Slam","Feed","Body Slam","Iron Wave","Whirlwind+1","Iron Wave"],"special_seed":0,"relics":["Burning Blood","Darkstone Periapt","Oddly Smooth Stone","Runic Cube","Ice Cream"],"potions_floor_usage":[22],"damage_taken":[{"damage":15.0,"enemies":"Jaw Worm","floor":1.0,"turns":4.0},{"damage":4.0,"enemies":"Cultist","floor":4.0,"turns":4.0},{"damage":1.0,"enemies":"2 Louse","floor":5.0,"turns":5.0},{"damage":37.0,"enemies":"Lagavulin","floor":7.0,"turns":9.0},{"damage":16.0,"enemies":"Gremlin Gang","floor":8.0,"turns":4.0},{"damage":14.0,"enemies":"Red Slaver","floor":10.0,"turns":4.0},{"damage":12.0,"enemies":"Blue Slaver","floor":11.0,"turns":2.0},{"damage":7.0,"enemies":"2 Fungi Beasts","floor":12.0,"turns":3.0},{"damage":1.0,"enemies":"Exordium Wildlife","floor":13.0,"turns":4.0},{"damage":6.0,"enemies":"Red Slaver","floor":14.0,"turns":5.0},{"damage":36.0,"enemies":"Slime Boss","floor":16.0,"turns":8.0},{"damage":38,"enemies":"Spheric Guardian","floor":18,"turns":6},{"damage":16,"enemies":"Chosen","floor":20,"turns":5},{"damage":49,"enemies":"Sentry and Sphere","floor":22,"turns":7}],"seed_played":"-6859695626238111001","potions_obtained":[{"floor":4.0,"key":"FearPotion"},{"floor":7.0,"key":"Weak Potion"},{"floor":8.0,"key":"Ancient Potion"},{"floor":11.0,"key":"Dexterity Potion"},{"floor":20,"key":"SkillPotion"}],"is_trial":false,"path_per_floor":["M","?","$","M","M","R","E","M","T","M","M","M","M","M","R","B",null,"M","?","M","$","M"],"character_chosen":"IRONCLAD","items_purchased":["Shrug It Off","Fire Breathing","Iron Wave","Ice Cream"],"campfire_rested":1,"item_purchase_floors":[3,3,21,21],"current_hp_per_floor":[71,71,71,73,78,78,47,37,37,29,23,22,27,27,51,21,80,51,51,41,41,0],"gold":18,"neow_bonus":"THREE_RARE_CARDS","is_prod":false,"is_daily":false,"chose_seed":false,"campfire_upgraded":1,"win_rate":0.0,"timestamp":1566096735,"path_taken":["M","?","$","M","M","R","E","M","T","M","M","M","M","M","R","BOSS","M","?","?","$","M"],"build_version":"2019-07-17","purchased_purges":0,"victory":false,"max_hp_per_floor":[80,80,80,80,80,80,80,80,80,80,80,80,80,80,80,80,80,83,83,83,83,86],"card_choices":[{"not_picked":["Dark Embrace","Barricade"],"picked":"Demon Form","floor":0.0},{"not_picked":["Clothesline","Seeing Red"],"picked":"Sword Boomerang","floor":1.0},{"not_picked":["Dual Wield","Bloodletting"],"picked":"Shrug It Off","floor":4.0},{"not_picked":["Sever Soul","Thunderclap"],"picked":"Anger","floor":5.0},{"not_picked":["Feel No Pain","Twin Strike"],"picked":"Perfected Strike","floor":7.0},{"not_picked":["Corruption","Demon Form"],"picked":"Twin Strike","floor":8.0},{"not_picked":["Warcry","Sword Boomerang"],"picked":"Battle Trance","floor":10.0},{"not_picked":["Flex","Seeing Red"],"picked":"Uppercut","floor":11.0},{"not_picked":["Perfected Strike","Barricade"],"picked":"Armaments","floor":12.0},{"not_picked":["Sword Boomerang","Uppercut"],"picked":"Cleave","floor":13.0},{"not_picked":["Warcry","Combust"],"picked":"Body Slam","floor":14.0},{"not_picked":["Impervious","Dark Embrace"],"picked":"Feed","floor":16.0},{"not_picked":["Clothesline+1","Pommel Strike"],"picked":"Body Slam","floor":18},{"not_picked":["Twin Strike+1","Anger"],"picked":"Whirlwind+1","floor":20}],"player_experience":5491,"relics_obtained":[{"floor":7.0,"key":"Darkstone Periapt"},{"floor":9.0,"key":"Oddly Smooth Stone"}],"event_choices":[{"damage_healed":0.0,"max_hp_gain":0.0,"max_hp_loss":0.0,"gold_gain":100.0,"event_name":"Golden Shrine","player_choice":"Pray","floor":2.0,"gold_loss":0.0,"damage_taken":0.0},{"cards_removed":["Strike_R"],"damage_healed":0,"gold_gain":0,"player_choice":"Took Card","damage_taken":0,"max_hp_gain":0,"max_hp_loss":0,"event_name":"NoteForYourself","floor":19,"gold_loss":0,"cards_obtained":["Iron Wave"]}],"is_beta":false,"boss_relics":[{"not_picked":["Fusion Hammer","Tiny House"],"picked":"Runic Cube"}],"items_purged_floors":[],"is_endless":false,"potions_floor_spawned":[4,7,8,11,12,20],"killed_by":"Sentry and Sphere","ascension_level":0}