{"gold_per_floor":[114,125,138,138,54,85,85,103,153,153,186,186,205,225,225,299,299,310,225,243,112,128,128],"floor_reached":23,"playtime":2407,"items_purged":["Strike_B"],"score":406,"play_id":"d41c0582-ed17-47f8-a5f4-f3266de8275d","local_time":"20190806193217","is_ascension_mode":true,"campfire_choices":[{"data":"Chaos","floor":7.0,"key":"SMITH"},{"floor":10.0,"key":"REST"},{"data":"Hologram","floor":12.0,"key":"SMITH"},{"floor":15.0,"key":"REST"}],"neow_cost":"TEN_PERCENT_HP_LOSS","seed_source_timestamp":350847040148888,"circlet_count":0,"master_deck":["AscendersBane","Strike_B","Strike_B","Defend_B","Defend_B","Defend_B","Zap","Dualcast","Genetic Algorithm","Chaos+1","Go for the Eyes","Multi-Cast","Leap","Streamline","Rainbow","Hologram+1","Self Repair","Defragment","Biased Cognition","Echo Form","Capacitor+1","Undo","Consume"],"special_seed":0,"relics":["Cracked Core","Darkstone Periapt","Happy Flower","Art of War","Inserter","Blood Vial"],"potions_floor_usage":[23],"damage_taken":[{"damage":0.0,"enemies":"2 Louse","floor":1.0,"turns":2.0},{"damage":0.0,"enemies":"Cultist","floor":2.0,"turns":3.0},{"damage":3.0,"enemies":"Small Slimes","floor":3.0,"turns":4.0},{"damage":35.0,"enemies":"3 Sentries","floor":6.0,"turns":9.0},{"damage":0.0,"enemies":"Blue Slaver","floor":8.0,"turns":4.0},{"damage":7.0,"enemies":"Lagavulin","floor":11.0,"turns":5.0},{"damage":16.0,"enemies":"Large Slime","floor":13.0,"turns":3.0},{"damage":0.0,"enemies":"Looter","floor":14.0,"turns":2.0},{"damage":26.0,"enemies":"The Guardian","floor":16.0,"turns":8.0},{"damage":26.0,"enemies":"3 Byrds","floor":18.0,"turns":3.0},{"damage":22.0,"enemies":"Shell Parasite","floor":20.0,"turns":6.0},{"damage":15.0,"enemies":"Sentry and Sphere","floor":22.0,"turns":7.0},{"damage":34,"enemies":"Slavers","floor":23,"turns":7}],"seed_played":"7061579779341908224","potions_obtained":[{"floor":3.0,"key":"Block Potion"},{"floor":11.0,"key":"Strength Potion"},{"floor":13.0,"key":"LiquidBronze"},{"floor":16.0,"key":"Strength Potion"}],"is_trial":false,"path_per_floor":["M","M","M","?","$","E","R","M","T","R","E","R","M","M","R","B",null,"M","?","M","$","M","E"],"character_chosen":"DEFECT","items_purchased":["Leap","Streamline","Block Potion"],"campfire_rested":2,"item_purchase_floors":[5,5,21],"current_hp_per_floor":[64,64,61,61,61,26,26,26,26,45,38,38,29,29,48,22,54,35,35,22,22,23,0],"gold":128,"neow_bonus":"REMOVE_TWO","is_prod":false,"is_daily":false,"chose_seed":false,"campfire_upgraded":2,"win_rate":0,"timestamp":1565134337,"path_taken":["M","M","M","?","$","E","R","M","T","R","E","R","M","M","R","BOSS","M","?","M","$","M","E"],"build_version":"2019-07-17","purchased_purges":1,"victory":false,"max_hp_per_floor":[64,64,64,64,64,64,64,64,64,64,64,64,64,64,64,64,64,64,64,64,64,64,64],"card_choices":[{"not_picked":["Stack","Conserve Battery"],"picked":"Genetic Algorithm","floor":1.0},{"not_picked":["Consume","Steam"],"picked":"Chaos","floor":2.0},{"not_picked":["Ball Lightning","Steam"],"picked":"Go for the Eyes","floor":3.0},{"not_picked":["Doom and Gloom","Streamline"],"picked":"Rainbow","floor":6.0},{"not_picked":["Compile Driver","Gash"],"picked":"Hologram","floor":8.0},{"not_picked":["Rip and Tear","Sweeping Beam"],"picked":"Self Repair","floor":11.0},{"not_picked":["Compile Driver","Blizzard"],"picked":"Defragment","floor":13.0},{"not_picked":["Cold Snap","Chill"],"picked":"Biased Cognition","floor":14.0},{"not_picked":["Reboot","Amplify"],"picked":"Echo Form","floor":16.0},{"not_picked":["Gash","Self Repair"],"picked":"Capacitor+1","floor":18.0},{"not_picked":["Streamline","Turbo"],"picked":"Undo","floor":20.0},{"not_picked":["Redo","Streamline"],"picked":"Consume","floor":22.0}],"player_experience":358787,"relics_obtained":[{"floor":6.0,"key":"Darkstone Periapt"},{"floor":9.0,"key":"Happy Flower"},{"floor":11.0,"key":"Art of War"}],"event_choices":[{"damage_healed":0.0,"max_hp_gain":0.0,"max_hp_loss":0.0,"gold_gain":0.0,"event_name":"Match and Keep!","player_choice":"1 cards matched","floor":4.0,"gold_loss":0.0,"damage_taken":0.0,"cards_obtained":["Multi-Cast"]},{"damage_healed":0.0,"max_hp_gain":0.0,"max_hp_loss":0.0,"gold_gain":0.0,"event_name":"Addict","player_choice":"Obtained Relic","floor":19.0,"gold_loss":85.0,"damage_taken":0.0,"relics_obtained":["Blood Vial"]}],"is_beta":false,"boss_relics":[{"not_picked":["Snecko Eye","Lizard Tail"],"picked":"Inserter"}],"items_purged_floors":[21],"is_endless":false,"potions_floor_spawned":[3,11,13,16],"killed_by":"Slavers","ascension_level":20}