{"gold_per_floor":[111,128,128,143,166,166,186,186,186,111,126,126,126,126,126,250,250,275,275,290,308,321,321],"floor_reached":23,"playtime":2868,"items_purged":["Strike_B"],"score":185,"play_id":"8356a298-e582-4995-a928-b9f2106b0612","local_time":"20190714212725","is_ascension_mode":false,"campfire_choices":[{"data":"Genetic Algorithm","floor":6.0,"key":"SMITH"},{"data":"Dualcast","floor":8.0,"key":"SMITH"},{"data":"Loop","floor":12.0,"key":"SMITH"},{"floor":15.0,"key":"REST"}],"neow_cost":"NONE","seed_source_timestamp":0,"circlet_count":0,"master_deck":["Strike_B","Strike_B","Defend_B","Defend_B","Defend_B","Zap","Dualcast+1","Glacier","Genetic Algorithm+1","Heatsinks+1","Loop+1","Leap","Loop"],"special_seed":0,"relics":["Cracked Core","Oddly Smooth Stone","Golden Idol","Dodecahedron","Empty Cage"],"potions_floor_usage":[22,22,23],"damage_taken":[{"damage":3.0,"enemies":"Small Slimes","floor":1.0,"turns":3.0},{"damage":0.0,"enemies":"2 Louse","floor":2.0,"turns":3.0},{"damage":0.0,"enemies":"Jaw Worm","floor":4.0,"turns":5.0},{"damage":0.0,"enemies":"Blue Slaver","floor":5.0,"turns":5.0},{"damage":19.0,"enemies":"Gremlin Gang","floor":7.0,"turns":6.0},{"damage":0.0,"enemies":"2 Fungi Beasts","floor":11.0,"turns":5.0},{"damage":25.0,"enemies":"The Guardian","floor":16.0,"turns":18.0},{"damage":0.0,"enemies":"Spheric Guardian","floor":18.0,"turns":6.0},{"damage":0.0,"enemies":"3 Byrds","floor":20.0,"turns":5.0},{"damage":3.0,"enemies":"Snake Plant","floor":21.0,"turns":7.0},{"damage":16,"enemies":"Centurion and Healer","floor":22,"turns":17},{"damage":4,"enemies":"Book of Stabbing","floor":23,"turns":5}],"seed_played":"-9126644745350482110","potions_obtained":[{"floor":1.0,"key":"SneckoOil"},{"floor":4.0,"key":"PowerPotion"},{"floor":7.0,"key":"Fire Potion"},{"floor":22,"key":"Dexterity Potion"}],"is_trial":false,"path_per_floor":["M","M","?","M","M","R","M","R","T","$","M","R","?","$","R","B",null,"M","?","M","M","M","E"],"character_chosen":"DEFECT","items_purchased":[],"campfire_rested":1,"item_purchase_floors":[],"current_hp_per_floor":[72,72,54,54,54,54,35,35,35,35,35,35,28,28,50,25,75,75,75,75,72,56,52],"gold":321,"neow_bonus":"RANDOM_COMMON_RELIC","is_prod":false,"is_daily":false,"chose_seed":false,"campfire_upgraded":3,"win_rate":0,"timestamp":1563107245,"path_taken":["M","M","?","M","M","R","M","R","T","$","M","R","?","?","R","BOSS","M","?","M","M","M","E"],"build_version":"2019-07-05","purchased_purges":1,"victory":false,"max_hp_per_floor":[75,75,75,75,75,75,75,75,75,75,75,75,75,75,75,75,75,75,75,75,75,75,75],"card_choices":[{"not_picked":["Storm","Rip and Tear"],"picked":"Glacier","floor":1.0},{"not_picked":["Recycle","Ball Lightning"],"picked":"Genetic Algorithm","floor":2.0},{"not_picked":["Beam Cell","Barrage","Hello World"],"picked":"SKIP","floor":4.0},{"not_picked":["Hologram","Rebound","Force Field"],"picked":"SKIP","floor":5.0},{"not_picked":["Consume","Steam"],"picked":"Heatsinks","floor":7.0},{"not_picked":["Sweeping Beam","Rebound"],"picked":"Loop","floor":11.0},{"not_picked":["Barrage+1","Gash","Sunder"],"picked":"SKIP","floor":18.0},{"not_picked":["Cold Snap","Rip and Tear"],"picked":"Leap","floor":20.0},{"not_picked":["Chill+1","Redo"],"picked":"Loop","floor":21.0},{"not_picked":["Aggregate","Steam","Beam Cell+1"],"picked":"SKIP","floor":22}],"player_experience":231622,"relics_obtained":[],"event_choices":[{"damage_healed":0.0,"max_hp_gain":0.0,"max_hp_loss":0.0,"gold_gain":0.0,"event_name":"Golden Idol","player_choice":"Take Damage","floor":3.0,"gold_loss":0.0,"damage_taken":18.0,"relics_obtained":["Golden Idol"]},{"damage_healed":0.0,"max_hp_gain":0.0,"max_hp_loss":0.0,"gold_gain":0.0,"event_name":"Scrap Ooze","player_choice":"Success","floor":13.0,"gold_loss":0.0,"damage_taken":7.0,"relics_obtained":["Dodecahedron"]},{"damage_healed":0.0,"max_hp_gain":0.0,"max_hp_loss":0.0,"gold_gain":0.0,"event_name":"Upgrade Shrine","player_choice":"Upgraded","floor":19.0,"gold_loss":0.0,"damage_taken":0.0,"cards_upgraded":["Heatsinks"]}],"is_beta":false,"boss_relics":[{"not_picked":["Ectoplasm","Runic Dome"],"picked":"Empty Cage"}],"items_purged_floors":[10],"is_endless":false,"potions_floor_spawned":[1,4,7,22],"killed_by":"Book of Stabbing","ascension_level":0}