{"gold_per_floor":[13,31,51,51,51,65,65,99,123,123,123,142,197,215,215,344,344,360,360,36,49,64,64,87,125,125,125,125,140,140,154,154,279,279,303,361,83,83,83,83,108,108,108,127,146,146,170,170,170,170],"floor_reached":51,"playtime":3612,"items_purged":["Strike_B"],"score":1029,"play_id":"fdf76f72-8e9c-4fd8-827e-beb91f3d8a74","local_time":"20190831100311","is_ascension_mode":true,"campfire_choices":[{"data":"Zap","floor":7,"key":"SMITH"},{"floor":10,"key":"REST"},{"data":"Sweeping Beam","floor":15,"key":"SMITH"},{"data":"Defragment","floor":23,"key":"SMITH"},{"floor":27,"key":"REST"},{"floor":30,"key":"REST"},{"data":"Defragment","floor":32,"key":"SMITH"},{"data":"Echo Form","floor":40,"key":"SMITH"},{"data":"Turbo","floor":42,"key":"SMITH"},{"data":"Buffer","floor":49,"key":"SMITH"}],"neow_cost":"NO_GOLD","seed_source_timestamp":1379933629406400,"circlet_count":0,"master_deck":["AscendersBane","Zap+1","Dualcast","Sweeping Beam+1","Chill","Cold Snap","Conserve Battery","Streamline","Chill","Ball Lightning","Echo Form+1","Coolheaded","Defragment+1","Defragment+1","Chill+1","Reboot","Electrodynamics","Hyperbeam","Auto Shields","Auto Shields","Reinforced Body","Electrodynamics","Conserve Battery","Turbo+1","Capacitor","Decay","Glacier+1","Barrage","Buffer+1"],"relics":["Cracked Core","Gambling Chip","Vajra","Smiling Mask","Golden Idol","Cursed Key","OrangePellets","DataDisk","Pandora\u0027s Box","Peace Pipe","Runic Capacitor"],"potions_floor_usage":[8,16,16,16,24,25,33],"damage_taken":[{"damage":1,"enemies":"Cultist","floor":1,"turns":3},{"damage":2,"enemies":"2 Louse","floor":2,"turns":2},{"damage":0,"enemies":"Small Slimes","floor":3,"turns":2},{"damage":14,"enemies":"Gremlin Gang","floor":6,"turns":6},{"damage":20,"enemies":"Lagavulin","floor":8,"turns":8},{"damage":4,"enemies":"Exordium Wildlife","floor":12,"turns":3},{"damage":0,"enemies":"Lots of Slimes","floor":14,"turns":3},{"damage":40,"enemies":"Hexaghost","floor":16,"turns":10},{"damage":5,"enemies":"Chosen","floor":18,"turns":3},{"damage":0,"enemies":"Shell Parasite","floor":21,"turns":5},{"damage":18,"enemies":"Snake Plant","floor":22,"turns":4},{"damage":0,"enemies":"3 Cultists","floor":24,"turns":5},{"damage":32,"enemies":"Book of Stabbing","floor":25,"turns":6},{"damage":3,"enemies":"Centurion and Healer","floor":29,"turns":6},{"damage":4,"enemies":"Cultist and Chosen","floor":31,"turns":7},{"damage":0,"enemies":"Champ","floor":33,"turns":12},{"damage":0,"enemies":"3 Darklings","floor":35,"turns":3},{"damage":34,"enemies":"2 Orb Walkers","floor":36,"turns":4},{"damage":5,"enemies":"Orb Walker","floor":41,"turns":3},{"damage":0,"enemies":"Transient","floor":44,"turns":5},{"damage":0,"enemies":"Maw","floor":45,"turns":6},{"damage":0,"enemies":"3 Darklings","floor":47,"turns":4},{"damage":24,"enemies":"Awakened One","floor":50,"turns":20}],"seed_played":"6956760388993613708","potions_obtained":[{"floor":2,"key":"Dexterity Potion"},{"floor":6,"key":"SkillPotion"},{"floor":12,"key":"Block Potion"},{"floor":14,"key":"Poison Potion"},{"floor":18,"key":"Fire Potion"},{"floor":21,"key":"Strength Potion"},{"floor":28,"key":"FairyPotion"},{"floor":28,"key":"SteroidPotion"},{"floor":28,"key":"Strength Potion"},{"floor":29,"key":"FearPotion"},{"floor":33,"key":"Poison Potion"}],"is_trial":false,"path_per_floor":["M","M","M","$","?","M","R","E","T","R","?","M","?","M","R","B",null,"M","?","$","M","M","R","M","E","T","R","?","M","R","M","R","B",null,"M","?","$","?","?","R","M","R","T","M","M","?","M","T","R","B",null],"character_chosen":"DEFECT","items_purchased":["Defragment","OrangePellets","Runic Capacitor","Regen Potion"],"campfire_rested":3,"item_purchase_floors":[20,20,37,37],"current_hp_per_floor":[67,65,65,65,70,56,56,36,36,60,60,56,56,56,56,16,60,55,74,74,74,56,56,56,24,24,46,46,43,65,61,61,61,71,71,37,37,65,65,65,60,60,60,60,60,60,60,60,60,36],"gold":170,"neow_bonus":"ONE_RARE_RELIC","is_prod":false,"is_daily":false,"chose_seed":false,"campfire_upgraded":7,"win_rate":0,"timestamp":1567213391,"path_taken":["M","?","?","$","?","M","R","E","T","R","?","M","?","M","R","BOSS","M","?","$","M","M","R","?","E","T","R","?","?","R","M","R","BOSS","M","?","$","?","?","R","M","R","T","M","?","?","M","?","R","BOSS"],"build_version":"2019-07-17","purchased_purges":1,"victory":true,"max_hp_per_floor":[75,75,75,75,80,80,80,80,80,80,74,74,74,74,74,74,74,74,74,74,74,74,74,74,74,74,74,74,74,74,74,74,74,74,74,74,74,65,65,65,65,65,65,65,65,62,62,62,62,62],"card_choices":[{"not_picked":["Rebound","White Noise"],"picked":"Sweeping Beam","floor":1},{"not_picked":["Lockon","Sweeping Beam"],"picked":"Chill","floor":2},{"not_picked":["Beam Cell","Doom and Gloom"],"picked":"Cold Snap","floor":3},{"not_picked":["Coolheaded","FTL"],"picked":"Conserve Battery","floor":6},{"not_picked":["Hologram","Cold Snap"],"picked":"Streamline","floor":8},{"not_picked":["Machine Learning","Cold Snap"],"picked":"Chill","floor":12},{"not_picked":["Undo","Streamline"],"picked":"Ball Lightning","floor":14},{"not_picked":["Reboot","Rainbow"],"picked":"Echo Form","floor":16},{"not_picked":["Conserve Battery","Stack+1"],"picked":"Coolheaded","floor":18},{"not_picked":["Reprogram","Streamline"],"picked":"Defragment","floor":21},{"not_picked":["Auto Shields","Multi-Cast","Beam Cell"],"picked":"SKIP","floor":22},{"not_picked":["Redo","Force Field","Chill"],"picked":"SKIP","floor":24},{"not_picked":["Gash","Rebound"],"picked":"Chill+1","floor":25},{"not_picked":["Ball Lightning","Static Discharge","Leap"],"picked":"SKIP","floor":29},{"not_picked":["Sunder","Stack","Redo"],"picked":"SKIP","floor":31},{"not_picked":["Thunder Strike","Multi-Cast"],"picked":"Reboot","floor":33},{"not_picked":["Streamline+1","Redo+1"],"picked":"Turbo","floor":35},{"not_picked":["Chaos+1","Stack"],"picked":"Capacitor","floor":36},{"not_picked":["Steam+1","Coolheaded"],"picked":"Glacier+1","floor":41},{"not_picked":["Gash+1","Redo"],"picked":"Barrage","floor":44},{"not_picked":["Ball Lightning","Beam Cell+1","Leap"],"picked":"SKIP","floor":45},{"not_picked":["Streamline+1","Gash"],"picked":"Buffer","floor":47}],"player_experience":244580,"relics_obtained":[{"floor":8,"key":"Vajra"},{"floor":9,"key":"Smiling Mask"},{"floor":25,"key":"DataDisk"},{"floor":36,"key":"Peace Pipe"}],"event_choices":[{"damage_healed":0,"gold_gain":0,"player_choice":"Donut","damage_taken":0,"max_hp_gain":5,"max_hp_loss":0,"event_name":"Big Fish","floor":5,"gold_loss":0},{"damage_healed":0,"gold_gain":0,"player_choice":"Lose Max HP","damage_taken":0,"relics_obtained":["Golden Idol"],"max_hp_gain":0,"max_hp_loss":6,"event_name":"Golden Idol","floor":11,"gold_loss":0},{"damage_healed":0,"gold_gain":55,"player_choice":"Gained Gold","damage_taken":0,"max_hp_gain":0,"max_hp_loss":0,"event_name":"Golden Wing","floor":13,"gold_loss":0},{"damage_healed":19,"gold_gain":0,"player_choice":"Full Heal","damage_taken":0,"max_hp_gain":0,"max_hp_loss":0,"event_name":"Wheel of Change","floor":19,"gold_loss":0},{"damage_healed":0,"gold_gain":0,"player_choice":"Got Potions","damage_taken":0,"max_hp_gain":0,"max_hp_loss":0,"event_name":"Lab","floor":28,"gold_loss":0},{"damage_healed":0,"gold_gain":0,"player_choice":"Fight","damage_taken":0,"max_hp_gain":0,"max_hp_loss":0,"event_name":"Mysterious Sphere","floor":36,"gold_loss":0},{"damage_healed":65,"gold_gain":0,"player_choice":"Heal","damage_taken":0,"max_hp_gain":0,"max_hp_loss":9,"event_name":"The Moai Head","floor":38,"gold_loss":0},{"damage_healed":0,"gold_gain":0,"player_choice":"Cursed","damage_taken":0,"max_hp_gain":0,"max_hp_loss":0,"event_name":"Wheel of Change","floor":39,"gold_loss":0,"cards_obtained":["Decay"]},{"damage_healed":0,"gold_gain":0,"player_choice":"Max HP","damage_taken":0,"max_hp_gain":0,"max_hp_loss":3,"event_name":"Winding Halls","floor":46,"gold_loss":0}],"is_beta":false,"boss_relics":[{"not_picked":["Lizard Tail","Empty Cage"],"picked":"Cursed Key"},{"not_picked":["Velvet Choker","Runic Dome"],"picked":"Pandora\u0027s Box"}],"items_purged_floors":[20],"is_endless":false,"potions_floor_spawned":[2,6,12,14,18,21,29,33,36],"ascension_level":10}