{"gold_per_floor":[111,111,111,17,32,32,59,59,131,149,149,149,149,175,175,249,249,227,242,253,253,271,271,299,316,316,114,146,166,166,216,216,293,293,305,305,305,315,415,441,441,466,489,489,502,12,23,36,36,36,36],"floor_reached":52,"playtime":7035,"items_purged":["Pain"],"score":1866,"play_id":"39f98a17-f495-43f8-bae6-29aca6fbe8f1","local_time":"20190814200359","daily_mods":["Diverse"],"is_ascension_mode":true,"campfire_choices":[{"floor":6,"key":"REST"},{"data":"Double Energy","floor":8,"key":"SMITH"},{"floor":12,"key":"REST"},{"data":"Finesse","floor":15,"key":"SMITH"},{"data":"Intimidate","floor":23,"key":"SMITH"},{"data":"Zap","floor":30,"key":"SMITH"},{"data":"Defend_B","floor":32,"key":"SMITH"},{"data":"FTL","floor":41,"key":"SMITH"},{"data":"Ball Lightning","floor":44,"key":"SMITH"},{"data":"Loop","floor":49,"key":"SMITH"}],"neow_cost":"","seed_source_timestamp":0,"circlet_count":0,"master_deck":["AscendersBane","Strike_B","Strike_B","Defend_B+1","Defend_B","Defend_B","Defend_B","Zap+1","Dualcast+1","Double Energy+1","Finesse+1","Ball Lightning+1","Intimidate+1","Hologram+1","Undo+1","Doppelganger+1","Blur+1","Blur+1","BootSequence+1","Crippling Poison+1","Chaos+1","Disarm+1","Backflip+1","Redo+1","Cloak And Dagger+1","Prepared+1","Reaper","FTL+1","Entrench+1","Multi-Cast+1","Leg Sweep+1","Crippling Poison+1","Quick Slash","Escape Plan+1","Loop+1","Deep Breath+1","Flame Barrier+1","Tempest+1"],"relics":["Cracked Core","The Courier","Toxic Egg 2","WarpedTongs","Meat on the Bone","Coffee Dripper","Ornamental Fan","Question Card","Vajra","Black Star","FaceOfCleric","Calipers","Bronze Scales","PreservedInsect","Pear","Incense Burner","Art of War","Thread and Needle"],"potions_floor_usage":[16,24,28,33,33,39,40,50],"damage_taken":[{"damage":0,"enemies":"Small Slimes","floor":1,"turns":2},{"damage":0,"enemies":"2 Louse","floor":5,"turns":2},{"damage":16,"enemies":"Lagavulin","floor":7,"turns":7},{"damage":0,"enemies":"Cultist","floor":10,"turns":3},{"damage":17,"enemies":"3 Sentries","floor":14,"turns":5},{"damage":26,"enemies":"The Guardian","floor":16,"turns":9},{"damage":7,"enemies":"2 Thieves","floor":18,"turns":4},{"damage":17,"enemies":"Spheric Guardian","floor":19,"turns":5},{"damage":34,"enemies":"Chosen and Byrds","floor":20,"turns":9},{"damage":6,"enemies":"Snake Plant","floor":22,"turns":5},{"damage":9,"enemies":"Book of Stabbing","floor":24,"turns":6},{"damage":21,"enemies":"Sentry and Sphere","floor":25,"turns":5},{"damage":15,"enemies":"Slavers","floor":28,"turns":6},{"damage":9,"enemies":"Centurion and Healer","floor":29,"turns":9},{"damage":20,"enemies":"Automaton","floor":33,"turns":14},{"damage":0,"enemies":"3 Shapes","floor":35,"turns":7},{"damage":6,"enemies":"Orb Walker","floor":38,"turns":5},{"damage":1,"enemies":"Mind Bloom Boss Battle","floor":39,"turns":10},{"damage":12,"enemies":"Nemesis","floor":40,"turns":15},{"damage":11,"enemies":"Reptomancer","floor":42,"turns":6},{"damage":15,"enemies":"3 Darklings","floor":45,"turns":3},{"damage":9,"enemies":"Transient","floor":47,"turns":6},{"damage":0,"enemies":"Sphere and 2 Shapes","floor":48,"turns":6},{"damage":56,"enemies":"Donu and Deca","floor":50,"turns":18},{"damage":18,"enemies":"Awakened One","floor":51,"turns":21}],"seed_played":"6464046717247732442","potions_obtained":[{"floor":1,"key":"PowerPotion"},{"floor":14,"key":"PowerPotion"},{"floor":16,"key":"Block Potion"},{"floor":19,"key":"Dexterity Potion"},{"floor":25,"key":"GamblersBrew"},{"floor":28,"key":"Fire Potion"},{"floor":33,"key":"Poison Potion"},{"floor":35,"key":"Block Potion"},{"floor":45,"key":"SpeedPotion"},{"floor":48,"key":"Strength Potion"}],"is_trial":true,"path_per_floor":["M","?","?","$","M","R","E","R","T","M","?","R","?","E","R","B",null,"M","M","M","?","M","R","E","M","T","$","E","M","R","?","R","B",null,"M","?","?","M","?","E","R","E","T","R","M","$","M","M","R","B","B",null],"character_chosen":"DEFECT","items_purchased":["Finesse","Disarm+1","Backflip+1","Redo+1","Escape Plan+1","Loop","Deep Breath+1","Thread and Needle"],"campfire_rested":2,"item_purchase_floors":[4,27,27,27,46,46,46,46],"current_hp_per_floor":[64,57,36,36,36,57,41,41,41,41,46,68,68,51,51,37,66,59,42,20,35,41,41,44,35,35,35,32,35,35,35,35,27,64,76,76,76,71,77,67,67,79,79,79,65,65,63,70,70,37,50],"gold":36,"neow_bonus":"","is_prod":false,"is_daily":false,"chose_seed":false,"campfire_upgraded":8,"win_rate":0,"timestamp":1565827439,"path_taken":["M","?","?","$","M","R","E","R","T","M","?","R","?","E","R","BOSS","M","M","?","?","M","R","E","M","T","$","E","M","R","?","R","BOSS","M","?","?","?","?","E","R","E","T","R","M","$","M","M","R","BOSS","BOSS"],"build_version":"2019-07-17","purchased_purges":1,"victory":true,"max_hp_per_floor":[71,71,71,71,71,71,71,71,71,71,76,76,76,76,76,76,76,76,76,76,76,76,76,76,76,76,76,76,76,76,76,76,76,76,76,76,76,77,78,79,79,90,90,90,91,91,92,93,93,94,95],"card_choices":[{"not_picked":["Entrench","Pommel Strike"],"picked":"Double Energy","floor":1},{"not_picked":["PiercingWail","Noxious Fumes"],"picked":"Ball Lightning","floor":5},{"not_picked":["Go for the Eyes","Body Slam"],"picked":"Intimidate","floor":7},{"not_picked":["Infinite Blades","Crippling Poison+1"],"picked":"Hologram+1","floor":10},{"not_picked":["Gash","Reprogram+1"],"picked":"Undo+1","floor":14},{"not_picked":["Demon Form","Barricade"],"picked":"Doppelganger+1","floor":16},{"not_picked":["Leap+1","Aggregate+1"],"picked":"Blur+1","floor":18},{"not_picked":["Sever Soul","Blizzard"],"picked":"Blur+1","floor":19},{"not_picked":["Ball Lightning","Intimidate+1"],"picked":"BootSequence+1","floor":20},{"not_picked":["Deadly Poison+1","Heel Hook+1"],"picked":"Crippling Poison+1","floor":22},{"not_picked":["Eviscerate","Warcry+1"],"picked":"Chaos+1","floor":24},{"not_picked":["Dagger Spray","Intimidate+1","Cold Snap"],"picked":"SKIP","floor":25},{"not_picked":["FTL+1","Outmaneuver+1","Ball Lightning"],"picked":"Cloak And Dagger+1","floor":28},{"not_picked":["Amplify+1","Deadly Poison+1","Doom and Gloom"],"picked":"Prepared+1","floor":29},{"not_picked":["Die Die Die","Unload","Multi-Cast+1"],"picked":"Reaper","floor":33},{"not_picked":["Turbo+1","Calculated Gamble+1","Dagger Throw"],"picked":"FTL","floor":35},{"not_picked":["Underhanded Strike","Fire Breathing","Shrug It Off+1"],"picked":"Entrench+1","floor":38},{"not_picked":["Stack+1","Dagger Spray+1","Expertise+1"],"picked":"Multi-Cast+1","floor":39},{"not_picked":["Sweeping Beam","Gash","Outmaneuver+1"],"picked":"Leg Sweep+1","floor":40},{"not_picked":["Slice","Streamline","Cloak And Dagger+1"],"picked":"Crippling Poison+1","floor":42},{"not_picked":["Havoc+1","Thunderclap+1","Flex+1"],"picked":"Quick Slash","floor":45},{"not_picked":["Warcry+1","Shrug It Off+1","Prepared+1"],"picked":"Flame Barrier+1","floor":47},{"not_picked":["Havoc+1","Inflame+1","Sever Soul"],"picked":"Tempest+1","floor":48}],"player_experience":399999,"relics_obtained":[{"floor":7,"key":"The Courier"},{"floor":9,"key":"Toxic Egg 2"},{"floor":14,"key":"Meat on the Bone"},{"floor":24,"key":"Ornamental Fan"},{"floor":26,"key":"Question Card"},{"floor":28,"key":"Vajra"},{"floor":39,"key":"Calipers"},{"floor":40,"key":"Bronze Scales"},{"floor":40,"key":"PreservedInsect"},{"floor":42,"key":"Pear"},{"floor":42,"key":"Incense Burner"},{"floor":43,"key":"Art of War"}],"event_choices":[{"cards_removed":["Strike_B"],"damage_healed":0,"gold_gain":0,"player_choice":"Card Removal","damage_taken":7,"max_hp_gain":0,"max_hp_loss":0,"event_name":"Golden Wing","floor":2,"gold_loss":0},{"damage_healed":0,"gold_gain":0,"player_choice":"Entered Light","damage_taken":21,"max_hp_gain":0,"max_hp_loss":0,"event_name":"Shining Light","floor":3,"gold_loss":0,"cards_upgraded":["Dualcast","Strike_B"]},{"damage_healed":0,"gold_gain":0,"player_choice":"Donut","damage_taken":0,"max_hp_gain":5,"max_hp_loss":0,"event_name":"Big Fish","floor":11,"gold_loss":0},{"damage_healed":0,"gold_gain":0,"player_choice":"Rummage","damage_taken":0,"relics_obtained":["WarpedTongs"],"max_hp_gain":0,"max_hp_loss":0,"event_name":"Accursed Blacksmith","floor":13,"gold_loss":0,"cards_obtained":["Pain"]},{"damage_healed":15,"gold_gain":0,"player_choice":"Heal","damage_taken":0,"max_hp_gain":0,"max_hp_loss":0,"event_name":"The Library","floor":21,"gold_loss":0},{"damage_healed":0,"gold_gain":50,"player_choice":"Stole From Cult","damage_taken":0,"max_hp_gain":0,"max_hp_loss":0,"event_name":"Nest","floor":31,"gold_loss":0},{"cards_removed":["Strike_B"],"damage_healed":0,"gold_gain":0,"player_choice":"Removed Attack","damage_taken":0,"max_hp_gain":0,"max_hp_loss":0,"event_name":"Falling","floor":36,"gold_loss":0},{"damage_healed":0,"gold_gain":0,"player_choice":"Trade","damage_taken":0,"relics_obtained":["FaceOfCleric"],"max_hp_gain":0,"max_hp_loss":0,"event_name":"FaceTrader","floor":37,"gold_loss":0},{"damage_healed":0,"gold_gain":0,"player_choice":"Fight","damage_taken":0,"max_hp_gain":0,"max_hp_loss":0,"event_name":"MindBloom","floor":39,"gold_loss":0}],"is_beta":false,"boss_relics":[{"not_picked":["Eternal Feather","Calling Bell"],"picked":"Coffee Dripper"},{"not_picked":["Fusion Hammer","Lizard Tail"],"picked":"Black Star"}],"items_purged_floors":[27],"is_endless":false,"potions_floor_spawned":[1,14,16,19,20,25,28,33,35,38,45,48],"ascension_level":20}