{"gold_per_floor":[134,134,149,149,164,194,194,119,119,19,19,19,74,114,114,214,214],"floor_reached":17,"playtime":1792,"items_purged":["Magnetism","Metamorphosis"],"score":238,"play_id":"58104ce1-5421-40f4-8d71-dc7a6addba3b","local_time":"20190719004318","daily_mods":["Shiny","Colorless Cards","Terminal"],"is_ascension_mode":false,"campfire_choices":[{"data":"Apotheosis","floor":7,"key":"SMITH"},{"data":"Wraith Form v2","floor":15,"key":"SMITH"}],"neow_cost":"","seed_source_timestamp":0,"circlet_count":0,"master_deck":["Venomology","Corpse Explosion","Malaise","Phantasmal Killer","Die Die Die","Adrenaline","Envenom","Doppelganger","Burst","Wraith Form v2+1","Tools of the Trade","Night Terror","Unload","After Image","Bullet Time","Storm of Steel","Glass Knife","A Thousand Cuts","Thinking Ahead","Master of Strategy","Transmutation","HandOfGreed","Mayhem","Apotheosis+1","Secret Weapon","Panache","Violence","Secret Technique","The Bomb","Sadistic Nature","Thinking Ahead","PanicButton","Adrenaline"],"special_seed":18095,"relics":["Ring of the Snake","Strawberry","Lantern","Anchor","Philosopher\u0027s Stone"],"potions_floor_usage":[6,13,14,16,16],"damage_taken":[{"damage":0,"enemies":"Small Slimes","floor":1,"turns":3},{"damage":5,"enemies":"Jaw Worm","floor":3,"turns":2},{"damage":0,"enemies":"2 Louse","floor":5,"turns":2},{"damage":4,"enemies":"3 Sentries","floor":6,"turns":4},{"damage":0,"enemies":"Lagavulin","floor":13,"turns":4},{"damage":0,"enemies":"Exordium Thugs","floor":14,"turns":3},{"damage":0,"enemies":"Slime Boss","floor":16,"turns":5}],"seed_played":"5281439423263015845","potions_obtained":[{"floor":1,"key":"Weak Potion"},{"floor":5,"key":"Strength Potion"},{"floor":13,"key":"SkillPotion"}],"is_trial":false,"path_per_floor":["M","?","M","?","M","E","R","$","T","$","?","$","E","M","R","B",null],"character_chosen":"THE_SILENT","items_purchased":[],"campfire_rested":0,"item_purchase_floors":[],"current_hp_per_floor":[68,67,62,55,55,58,58,58,58,58,58,58,58,58,58,58,60],"gold":214,"neow_bonus":"","is_prod":false,"is_daily":true,"chose_seed":false,"campfire_upgraded":2,"win_rate":0,"timestamp":1563464598,"path_taken":["M","?","M","?","M","E","R","$","T","?","?","$","E","M","R","BOSS"],"build_version":"2019-07-05","purchased_purges":2,"victory":false,"max_hp_per_floor":[68,67,66,65,64,70,69,68,67,66,65,64,63,62,61,60,60],"card_choices":[{"not_picked":["Masterful Stab","Dodge and Roll","Quick Slash"],"picked":"SKIP","floor":1},{"not_picked":["Acrobatics","Dodge and Roll","Heel Hook"],"picked":"SKIP","floor":3},{"not_picked":["Outmaneuver","Slice","Concentrate"],"picked":"SKIP","floor":5},{"not_picked":["Blade Dance","Caltrops","Cloak And Dagger"],"picked":"SKIP","floor":6},{"not_picked":["Cloak And Dagger","Blur","Accuracy"],"picked":"SKIP","floor":13},{"not_picked":["Acrobatics","Bane","Jack Of All Trades"],"picked":"SKIP","floor":14},{"not_picked":["Storm of Steel","Doppelganger"],"picked":"Adrenaline","floor":16}],"player_experience":288260,"relics_obtained":[{"floor":6,"key":"Strawberry"},{"floor":9,"key":"Lantern"},{"floor":13,"key":"Anchor"}],"event_choices":[{"cards_removed":["Chrysalis"],"damage_healed":0,"gold_gain":0,"player_choice":"Forget","damage_taken":0,"max_hp_gain":0,"max_hp_loss":0,"event_name":"Living Wall","floor":2,"gold_loss":0},{"cards_removed":["Grand Finale"],"damage_healed":0,"gold_gain":0,"player_choice":"Card Removal","damage_taken":7,"max_hp_gain":0,"max_hp_loss":0,"event_name":"Golden Wing","floor":4,"gold_loss":0},{"damage_healed":0,"gold_gain":0,"player_choice":"2 cards matched","damage_taken":0,"max_hp_gain":0,"max_hp_loss":0,"event_name":"Match and Keep!","floor":11,"gold_loss":0,"cards_obtained":["Thinking Ahead","PanicButton"]}],"is_beta":false,"boss_relics":[{"not_picked":["Ectoplasm","Runic Dome"],"picked":"Philosopher\u0027s Stone"}],"items_purged_floors":[8,10],"is_endless":false,"potions_floor_spawned":[1,5,13],"ascension_level":0}