{"gold_per_floor":[113,188,207,222,240,240,240,240,240,89,117,131,31,44,44,121,121,136,136,136,186,198,198,198,198,198,208,226,243,253,141,141,213,213,223,323,338,88,100,133,113,113,113,148,163,163,188,63,63,63,63,63,63,63,98,98],"floor_reached":57,"playtime":2568,"items_purged":["Strike_G","Strike_G","Cloak And Dagger"],"score":3084,"play_id":"bb420d63-bc6d-44fb-9d16-77ba8449813b","local_time":"20190829231824","is_ascension_mode":true,"campfire_choices":[{"data":"Noxious Fumes","floor":6.0,"key":"SMITH"},{"floor":8.0,"key":"REST"},{"data":"Catalyst","floor":15.0,"key":"SMITH"},{"data":"Burst","floor":23.0,"key":"SMITH"},{"data":"Calculated Gamble","floor":25.0,"key":"SMITH"},{"data":"Deadly Poison","floor":32.0,"key":"SMITH"},{"data":"Tactician","floor":42.0,"key":"SMITH"},{"data":"Acrobatics","floor":46.0,"key":"SMITH"},{"floor":49.0,"key":"RECALL"},{"data":"Backflip","floor":53.0,"key":"SMITH"}],"neow_cost":"NONE","seed_source_timestamp":305485436001900,"circlet_count":0,"master_deck":["AscendersBane","Neutralize+1","Noxious Fumes+1","Backflip+1","Noxious Fumes","Footwork","Catalyst+1","Calculated Gamble+1","Burst+1","Adrenaline","Deadly Poison+1","After Image","Escape Plan+1","Tactician+1","Well Laid Plans","Acrobatics+1"],"special_seed":0,"relics":["Empty Cage","Peace Pipe","Paper Crane","Meat on the Bone","Pandora\u0027s Box","Blue Candle","Sozu","WingedGreaves","Bag of Preparation","Dream Catcher","Gremlin Horn","Pear","Shuriken"],"potions_floor_usage":[56,56],"damage_taken":[{"damage":7.0,"enemies":"Small Slimes","floor":1.0,"turns":6.0},{"damage":9.0,"enemies":"Jaw Worm","floor":3.0,"turns":6.0},{"damage":7.0,"enemies":"Cultist","floor":4.0,"turns":5.0},{"damage":13.0,"enemies":"Lots of Slimes","floor":5.0,"turns":6.0},{"damage":5.0,"enemies":"Lagavulin","floor":11.0,"turns":8.0},{"damage":10.0,"enemies":"2 Fungi Beasts","floor":12.0,"turns":5.0},{"damage":9.0,"enemies":"3 Louse","floor":14.0,"turns":4.0},{"damage":7.0,"enemies":"The Guardian","floor":16.0,"turns":10.0},{"damage":3.0,"enemies":"Chosen","floor":18.0,"turns":4.0},{"damage":1.0,"enemies":"3 Byrds","floor":22.0,"turns":6.0},{"damage":1.0,"enemies":"Sentry and Sphere","floor":27.0,"turns":4.0},{"damage":2.0,"enemies":"3 Cultists","floor":28.0,"turns":5.0},{"damage":0.0,"enemies":"Centurion and Healer","floor":29.0,"turns":5.0},{"damage":0.0,"enemies":"Snake Plant","floor":30.0,"turns":4.0},{"damage":0.0,"enemies":"Automaton","floor":33.0,"turns":5.0},{"damage":1.0,"enemies":"3 Darklings","floor":35.0,"turns":5.0},{"damage":0.0,"enemies":"Mind Bloom Boss Battle","floor":36.0,"turns":8.0},{"damage":0.0,"enemies":"3 Shapes","floor":37.0,"turns":5.0},{"damage":0.0,"enemies":"Spire Growth","floor":39.0,"turns":3.0},{"damage":15.0,"enemies":"Reptomancer","floor":40.0,"turns":2.0},{"damage":0.0,"enemies":"Nemesis","floor":44.0,"turns":1.0},{"damage":2.0,"enemies":"4 Shapes","floor":45.0,"turns":4.0},{"damage":0.0,"enemies":"Giant Head","floor":47.0,"turns":3.0},{"damage":1.0,"enemies":"Awakened One","floor":50.0,"turns":6.0},{"damage":0.0,"enemies":"Donu and Deca","floor":51.0,"turns":5.0},{"damage":0.0,"enemies":"Shield and Spear","floor":55.0,"turns":3.0},{"damage":8,"enemies":"The Heart","floor":56,"turns":6}],"seed_played":"-8452653254797224493","potions_obtained":[{"floor":3.0,"key":"Weak Potion"},{"floor":11.0,"key":"Ancient Potion"},{"floor":22.0,"key":"EssenceOfSteel"}],"is_trial":false,"path_per_floor":["M","?","M","M","M","R","?","R","T","$","E","M","$","M","R","B",null,"M","?","?","?","M","R","?","R","T","M","M","M","M","$","R","B",null,"M","?","M","$","M","E","?","R","T","E","M","R","E","$","R","B","B",null,"R","$","E","B",null],"character_chosen":"THE_SILENT","items_purchased":["Noxious Fumes","Deadly Poison","GhostInAJar","Bag of Preparation","Well Laid Plans"],"campfire_rested":1,"item_purchase_floors":[10,31,31,38,38],"current_hp_per_floor":[52,41,32,25,12,12,1,20,20,20,15,17,17,20,20,25,56,53,53,53,53,52,52,52,52,52,51,49,49,49,49,49,49,62,61,61,61,61,61,46,46,46,46,46,44,44,54,54,54,53,53,70,70,70,70,62],"gold":98,"neow_bonus":"BOSS_RELIC","is_prod":false,"is_daily":false,"chose_seed":false,"campfire_upgraded":8,"win_rate":0,"timestamp":1567091904,"path_taken":["M","?","M","M","M","R","?","R","T","$","E","?","?","?","R","BOSS","M","?","?","?","M","R","?","R","T","?","M","M","?","$","R","BOSS","M","?","M","$","M","E","?","R","T","E","?","R","E","$","R","BOSS","BOSS","R","$","E","BOSS"],"build_version":"2019-07-17","purchased_purges":3,"victory":true,"max_hp_per_floor":[66,66,66,66,66,66,66,66,66,66,66,66,66,66,66,66,66,66,66,66,66,66,66,66,66,66,66,66,66,66,66,66,66,66,66,66,66,66,66,66,66,66,66,66,66,66,76,76,76,76,76,76,76,76,76,76],"card_choices":[{"not_picked":["Dagger Spray","Setup"],"picked":"Noxious Fumes","floor":1.0},{"not_picked":["Sucker Punch","Underhanded Strike","Infinite Blades"],"picked":"SKIP","floor":3.0},{"not_picked":["Slice","Blade Dance","Flying Knee"],"picked":"SKIP","floor":4.0},{"not_picked":["Dodge and Roll","Envenom"],"picked":"Backflip","floor":5.0},{"not_picked":["Infinite Blades","Bane"],"picked":"Footwork","floor":11.0},{"not_picked":["Bane","Bullet Time"],"picked":"Catalyst","floor":12.0},{"not_picked":["Eviscerate","Bane"],"picked":"Calculated Gamble","floor":14.0},{"not_picked":["Doppelganger","Unload"],"picked":"Burst","floor":16.0},{"not_picked":["Poisoned Stab","Underhanded Strike"],"picked":"Leg Sweep+1","floor":18.0},{"not_picked":["Sucker Punch","Calculated Gamble","Concentrate"],"picked":"SKIP","floor":22.0},{"not_picked":["Deflect","Backflip","Riddle With Holes+1"],"picked":"SKIP","floor":27.0},{"not_picked":["Bane","Outmaneuver","Leg Sweep"],"picked":"SKIP","floor":28.0},{"not_picked":["Finisher","All Out Attack","Flechettes+1"],"picked":"SKIP","floor":29.0},{"not_picked":["Outmaneuver","Acrobatics","Blade Dance"],"picked":"SKIP","floor":30.0},{"not_picked":["Venomology","Storm of Steel"],"picked":"After Image","floor":33.0},{"not_picked":["Slice+1","PiercingWail"],"picked":"Escape Plan+1","floor":35.0},{"not_picked":["Bane+1","Underhanded Strike"],"picked":"Tactician","floor":36.0},{"not_picked":["Deadly Poison","Dagger Throw","Envenom"],"picked":"SKIP","floor":37.0},{"not_picked":["Choke","PiercingWail","Slice"],"picked":"SKIP","floor":39.0},{"not_picked":["Expertise","Acrobatics","Deadly Poison"],"picked":"SKIP","floor":40.0},{"not_picked":["Expertise","Deadly Poison"],"picked":"Acrobatics","floor":40.0},{"not_picked":["PiercingWail+1","Flying Knee+1","Dodge and Roll"],"picked":"SKIP","floor":44.0},{"not_picked":["Choke+1","All Out Attack","Flechettes"],"picked":"SKIP","floor":45.0},{"not_picked":["Poisoned Stab","Dagger Spray+1","Dodge and Roll"],"picked":"SKIP","floor":47.0},{"not_picked":["Underhanded Strike","PiercingWail+1","Dagger Spray"],"picked":"SKIP","floor":55.0}],"player_experience":902401,"relics_obtained":[{"floor":9.0,"key":"Paper Crane"},{"floor":11.0,"key":"Meat on the Bone"},{"floor":26.0,"key":"Blue Candle"},{"floor":36.0,"key":"WingedGreaves"},{"floor":40.0,"key":"Dream Catcher"},{"floor":44.0,"key":"Gremlin Horn"},{"floor":47.0,"key":"Pear"},{"floor":55.0,"key":"Shuriken"}],"event_choices":[{"damage_healed":0.0,"max_hp_gain":0.0,"max_hp_loss":0.0,"gold_gain":75.0,"event_name":"World of Goop","player_choice":"Gather Gold","floor":2.0,"gold_loss":0.0,"damage_taken":11.0},{"damage_healed":0.0,"max_hp_gain":0.0,"max_hp_loss":0.0,"gold_gain":0.0,"event_name":"Scrap Ooze","player_choice":"Success","floor":7.0,"gold_loss":0.0,"damage_taken":11.0,"relics_obtained":["Peace Pipe"]},{"damage_healed":0.0,"max_hp_gain":0.0,"max_hp_loss":0.0,"gold_gain":0.0,"cards_transformed":["Leg Sweep","Survivor"],"event_name":"Drug Dealer","player_choice":"Became Test Subject","floor":19.0,"gold_loss":0.0,"damage_taken":0.0,"cards_obtained":["Cloak And Dagger","Adrenaline"]},{"damage_healed":0.0,"max_hp_gain":0.0,"max_hp_loss":0.0,"gold_gain":0.0,"event_name":"Cursed Tome","player_choice":"Ignored","floor":20.0,"gold_loss":0.0,"damage_taken":0.0},{"damage_healed":0.0,"max_hp_gain":0.0,"max_hp_loss":0.0,"gold_gain":50.0,"event_name":"Nest","player_choice":"Stole From Cult","floor":21.0,"gold_loss":0.0,"damage_taken":0.0},{"damage_healed":0.0,"max_hp_gain":0.0,"max_hp_loss":0.0,"gold_gain":0.0,"event_name":"Accursed Blacksmith","player_choice":"Forge","floor":24.0,"gold_loss":0.0,"damage_taken":0.0,"cards_upgraded":["Neutralize"]},{"damage_healed":0.0,"max_hp_gain":0.0,"max_hp_loss":0.0,"gold_gain":0.0,"event_name":"MindBloom","player_choice":"Fight","floor":36.0,"gold_loss":0.0,"damage_taken":0.0},{"damage_healed":0.0,"max_hp_gain":0.0,"max_hp_loss":0.0,"gold_gain":0.0,"event_name":"The Woman in Blue","player_choice":"Bought 1 Potion","floor":41.0,"gold_loss":0.0,"damage_taken":0.0}],"is_beta":false,"boss_relics":[{"not_picked":["Tiny House","Eternal Feather"],"picked":"Pandora\u0027s Box"},{"not_picked":["Philosopher\u0027s Stone","Fusion Hammer"],"picked":"Sozu"}],"items_purged_floors":[10,13,48],"is_endless":false,"potions_floor_spawned":[3,11,12,14,22,28,33,35,36,37,47,55],"ascension_level":20}