{"gold_per_floor":[109,124,124,299,316,346,362,374,455,455,512,0,0,0,0,97,97,107,136,235,235,248,248,281,281,354,368,368],"floor_reached":28,"playtime":1154,"items_purged":[],"score":308,"play_id":"b5f6e5b6-e7a6-40a5-8224-24a9c06efbf2","local_time":"20181108180254","is_ascension_mode":true,"campfire_choices":[{"floor":10.0,"key":"REST"},{"floor":15.0,"key":"REST"},{"floor":23,"key":"REST"},{"floor":25,"key":"REST"}],"neow_cost":"NONE","seed_source_timestamp":0,"circlet_count":0,"master_deck":["Strike_R","Strike_R","Strike_R","Strike_R","Strike_R","Defend_R","Defend_R","Defend_R","Defend_R","Bash","Clothesline","Clash","Twin Strike","Rampage","Headbutt","Flame Barrier","Inflame+1","Barricade+1","Inflame+1","Flex","Armaments+1","Spot Weakness","Heavy Blade+1"],"special_seed":0,"relics":["Burning Blood","Frozen Egg 2","Bottled Lightning","Torii","Pear","ClockworkSouvenir","Eternal Feather","Red Mask","Art of War","Paper Frog"],"potions_floor_usage":[24],"damage_taken":[{"damage":6.0,"enemies":"Cultist","floor":1.0,"turns":3.0},{"damage":2.0,"enemies":"2 Louse","floor":2.0,"turns":2.0},{"damage":9.0,"enemies":"Jaw Worm","floor":5.0,"turns":3.0},{"damage":65.0,"enemies":"Lagavulin","floor":6.0,"turns":7.0},{"damage":0.0,"enemies":"2 Fungi Beasts","floor":7.0,"turns":3.0},{"damage":11.0,"enemies":"Looter","floor":8.0,"turns":3.0},{"damage":27.0,"enemies":"Lagavulin Event","floor":11.0,"turns":4.0},{"damage":43.0,"enemies":"Hexaghost","floor":16.0,"turns":10.0},{"damage":39.0,"enemies":"Spheric Guardian","floor":18.0,"turns":5.0},{"damage":68.0,"enemies":"Masked Bandits","floor":19.0,"turns":6.0},{"damage":7.0,"enemies":"3 Byrds","floor":22.0,"turns":5.0},{"damage":50,"enemies":"Book of Stabbing","floor":24,"turns":6},{"damage":47,"enemies":"Centurion and Healer","floor":27,"turns":6},{"damage":51,"enemies":"Slavers","floor":28,"turns":3}],"seed_played":"-1644165033957284109","potions_obtained":[{"floor":2.0,"key":"Dexterity Potion"},{"floor":8.0,"key":"Poison Potion"},{"floor":11.0,"key":"EssenceOfSteel"},{"floor":19.0,"key":"Weak Potion"}],"is_trial":false,"path_per_floor":["M","M","?","?","M","E","M","M","T","R","?","$","?","?","R","B",null,"M","?","?","?","M","R","E","R","T","M","E"],"character_chosen":"IRONCLAD","items_purchased":["Pear","ClockworkSouvenir","Inflame+1"],"campfire_rested":4,"item_purchase_floors":[12,12,12],"current_hp_per_floor":[88,88,88,88,85,26,32,27,27,53,32,42,35,40,70,33,103,70,8,8,42,41,83,39,81,81,40,0],"gold":368,"neow_bonus":"TEN_PERCENT_HP_BONUS","is_prod":false,"is_daily":false,"chose_seed":false,"campfire_upgraded":0,"win_rate":0,"timestamp":1541696574,"path_taken":["M","?","?","?","?","E","M","M","T","R","?","$","?","?","R","BOSS","M","?","?","?","M","R","E","R","T","M","E"],"build_version":"2018-11-01","purchased_purges":0,"victory":false,"max_hp_per_floor":[88,88,88,88,88,88,88,88,88,88,88,98,98,103,103,103,103,103,103,103,103,103,103,103,103,103,103,103],"card_choices":[{"not_picked":["Heavy Blade","Body Slam"],"picked":"Clothesline","floor":1.0},{"not_picked":["Iron Wave","Sentinel"],"picked":"Clash","floor":2.0},{"not_picked":["Warcry","True Grit"],"picked":"Twin Strike","floor":5.0},{"not_picked":["Havoc","Shrug It Off"],"picked":"Rampage","floor":6.0},{"not_picked":["Sword Boomerang","Thunderclap"],"picked":"Headbutt","floor":7.0},{"not_picked":["Clothesline","Sword Boomerang","Flame Barrier"],"picked":"SKIP","floor":8.0},{"not_picked":["Searing Blow","Sword Boomerang"],"picked":"Flame Barrier","floor":11.0},{"not_picked":["Impervious","Exhume"],"picked":"Barricade+1","floor":16.0},{"not_picked":["Body Slam","Hemokinesis"],"picked":"Inflame+1","floor":18.0},{"not_picked":["Pommel Strike","Ghostly Armor"],"picked":"Flex","floor":19.0},{"not_picked":["Heavy Blade","Perfected Strike"],"picked":"Armaments+1","floor":22.0},{"not_picked":["Immolate","Double Tap"],"picked":"Spot Weakness","floor":24},{"not_picked":["Havoc+1","Twin Strike"],"picked":"Heavy Blade+1","floor":27}],"player_experience":251242,"relics_obtained":[{"floor":6.0,"key":"Frozen Egg 2"},{"floor":9.0,"key":"Bottled Lightning"},{"floor":11.0,"key":"Torii"},{"floor":19.0,"key":"Red Mask"},{"floor":24,"key":"Art of War"},{"floor":26,"key":"Paper Frog"}],"event_choices":[{"damage_healed":0.0,"max_hp_gain":0.0,"max_hp_loss":0.0,"gold_gain":0.0,"event_name":"The Cleric","player_choice":"Leave","floor":3.0,"gold_loss":0.0,"damage_taken":0.0},{"damage_healed":0.0,"max_hp_gain":0.0,"max_hp_loss":0.0,"gold_gain":175.0,"event_name":"Liars Game","player_choice":"AGREE","floor":4.0,"gold_loss":0.0,"damage_taken":0.0,"cards_obtained":["Doubt"]},{"damage_healed":0.0,"max_hp_gain":0.0,"max_hp_loss":0.0,"gold_gain":0.0,"event_name":"Dead Adventurer","player_choice":"Searched \u00271\u0027 times","floor":11.0,"gold_loss":0.0,"damage_taken":0.0},{"cards_removed":["Doubt"],"damage_healed":0.0,"max_hp_gain":0.0,"max_hp_loss":0.0,"gold_gain":0.0,"event_name":"Golden Wing","player_choice":"Card Removal","floor":13.0,"gold_loss":0.0,"damage_taken":7.0},{"damage_healed":0.0,"max_hp_gain":5.0,"max_hp_loss":0.0,"gold_gain":0.0,"event_name":"Big Fish","player_choice":"Donut","floor":14.0,"gold_loss":0.0,"damage_taken":0.0},{"damage_healed":0.0,"max_hp_gain":0.0,"max_hp_loss":0.0,"gold_gain":0.0,"event_name":"Masked Bandits","player_choice":"Fought Bandits","floor":19.0,"gold_loss":0.0,"damage_taken":0.0},{"damage_healed":0.0,"max_hp_gain":0.0,"max_hp_loss":0.0,"gold_gain":99.0,"event_name":"Nest","player_choice":"Stole From Cult","floor":20.0,"gold_loss":0.0,"damage_taken":0.0},{"damage_healed":34.0,"max_hp_gain":0.0,"max_hp_loss":0.0,"gold_gain":0.0,"event_name":"The Library","player_choice":"Heal","floor":21.0,"gold_loss":0.0,"damage_taken":0.0}],"is_beta":false,"boss_relics":[{"not_picked":["Black Star","Runic Cube"],"picked":"Eternal Feather"}],"items_purged_floors":[],"is_endless":false,"potions_floor_spawned":[2,8,11,19],"killed_by":"Slavers","ascension_level":4}