{"gold_per_floor":[12,26,42,54,54,54,54,81,81,4,31,42,42,53,53,126,126,142,154,166,185,45,79,79,108,108,134,134,134,234,250,250,326,326,336,386,386,228,228,255,255,255,255,285,297,323,335,237,249,261,273],"floor_reached":52,"playtime":3555,"items_purged":["Writhe"],"score":1871,"play_id":"210e44ae-68c3-47ae-b420-832ad4cff916","local_time":"20190830172047","is_ascension_mode":true,"campfire_choices":[{"data":"Bash","floor":6,"key":"SMITH"},{"data":"Whirlwind","floor":13,"key":"SMITH"},{"data":"Wild Strike","floor":15,"key":"SMITH"},{"floor":24,"key":"REST"},{"data":"Heavy Blade","floor":29,"key":"SMITH"},{"floor":32,"key":"REST"},{"floor":41,"key":"REST"},{"data":"Limit Break","floor":47,"key":"SMITH"},{"floor":49,"key":"REST"}],"neow_cost":"NO_GOLD","seed_source_timestamp":67005580485400,"circlet_count":0,"master_deck":["AscendersBane","Defend_R","Defend_R","Bash+1","Pommel Strike+1","Rage","Pummel","Impervious","Dark Embrace","Whirlwind+1","Wild Strike+1","Shrug It Off","Flame Barrier","Warcry","Feed","Offering","Spot Weakness","Power Through","True Grit","Inflame+1","Heavy Blade+1","Warcry","Battle Trance+1","Limit Break+1","Immolate"],"relics":["Burning Blood","Happy Flower","Meat on the Bone","Bottled Tornado","Snecko Eye","Pen Nib","Juzu Bracelet","Centennial Puzzle","Bag of Marbles","Self Forming Clay","FossilizedHelix","Matryoshka","Empty Cage","StoneCalendar","Darkstone Periapt","MawBank","Lantern"],"potions_floor_usage":[16,16,21,30,33,40,50],"damage_taken":[{"damage":9,"enemies":"Jaw Worm","floor":1,"turns":4},{"damage":1,"enemies":"Cultist","floor":2,"turns":3},{"damage":4,"enemies":"Small Slimes","floor":3,"turns":3},{"damage":11,"enemies":"Looter","floor":4,"turns":3},{"damage":33,"enemies":"Gremlin Nob","floor":8,"turns":4},{"damage":29,"enemies":"3 Sentries","floor":11,"turns":9},{"damage":1,"enemies":"3 Louse","floor":12,"turns":3},{"damage":0,"enemies":"2 Fungi Beasts","floor":14,"turns":3},{"damage":73,"enemies":"Slime Boss","floor":16,"turns":11},{"damage":10,"enemies":"2 Thieves","floor":18,"turns":4},{"damage":24,"enemies":"3 Byrds","floor":19,"turns":4},{"damage":12,"enemies":"Snake Plant","floor":20,"turns":2},{"damage":22,"enemies":"3 Cultists","floor":21,"turns":5},{"damage":36,"enemies":"Book of Stabbing","floor":23,"turns":4},{"damage":24,"enemies":"Slavers","floor":25,"turns":4},{"damage":13,"enemies":"Book of Stabbing","floor":27,"turns":3},{"damage":6,"enemies":"Colosseum Slavers","floor":30,"turns":5},{"damage":31,"enemies":"Colosseum Nobs","floor":30,"turns":5},{"damage":0,"enemies":"Shelled Parasite and Fungi","floor":31,"turns":1},{"damage":64,"enemies":"Automaton","floor":33,"turns":10},{"damage":42,"enemies":"3 Shapes","floor":35,"turns":5},{"damage":0,"enemies":"2 Orb Walkers","floor":36,"turns":1},{"damage":53,"enemies":"Nemesis","floor":40,"turns":7},{"damage":0,"enemies":"Orb Walker","floor":44,"turns":2},{"damage":14,"enemies":"4 Shapes","floor":46,"turns":1},{"damage":13,"enemies":"Donu and Deca","floor":50,"turns":4},{"damage":30,"enemies":"Time Eater","floor":51,"turns":6}],"seed_played":"-5035291975730571645","potions_obtained":[{"floor":4,"key":"BloodPotion"},{"floor":11,"key":"PowerPotion"},{"floor":19,"key":"Explosive Potion"},{"floor":21,"key":"Explosive Potion"},{"floor":30,"key":"FairyPotion"},{"floor":31,"key":"EssenceOfSteel"},{"floor":35,"key":"Poison Potion"},{"floor":40,"key":"Strength Potion"}],"is_trial":false,"path_per_floor":["M","M","M","M","?","R","?","E","T","$","E","M","R","M","R","B",null,"M","M","M","M","$","E","R","E","T","E","?","R","?","M","R","B",null,"M","?","?","$","?","E","R","?","T","M","?","M","R","?","R","B","B",null],"character_chosen":"IRONCLAD","items_purchased":["Wild Strike","Shrug It Off","Inflame","Heavy Blade","Immolate"],"campfire_rested":4,"item_purchase_floors":[10,10,22,22,38],"current_hp_per_floor":[65,70,72,67,67,67,67,40,40,40,29,46,46,52,52,19,63,59,56,50,46,46,31,56,50,50,55,55,55,48,54,81,35,76,52,58,58,58,58,23,50,50,50,56,56,60,60,60,85,78,54],"gold":285,"neow_bonus":"REMOVE_TWO","is_prod":false,"is_daily":false,"chose_seed":false,"campfire_upgraded":5,"win_rate":0,"timestamp":1567200047,"path_taken":["M","M","M","M","?","R","?","E","T","$","E","?","R","M","R","BOSS","M","?","M","M","$","E","R","E","T","E","?","R","?","M","R","BOSS","M","?","?","$","?","E","R","?","T","M","?","M","R","?","R","BOSS","BOSS"],"build_version":"2019-07-17","purchased_purges":1,"victory":true,"max_hp_per_floor":[75,75,75,75,75,75,75,75,75,75,75,75,75,75,75,78,78,78,81,81,81,81,84,84,84,84,84,84,84,90,90,90,90,90,90,90,90,90,90,90,90,90,90,90,85,85,85,85,85,85,85],"card_choices":[{"not_picked":["Iron Wave","Clash"],"picked":"Pommel Strike","floor":1},{"not_picked":["Sever Soul","Twin Strike"],"picked":"Rage","floor":2},{"not_picked":["Fire Breathing","Rampage"],"picked":"Pummel","floor":3},{"not_picked":["Rage","Flex"],"picked":"Impervious","floor":4},{"not_picked":["Shrug It Off","Sever Soul"],"picked":"Whirlwind","floor":8},{"not_picked":["Fire Breathing","Bloodletting"],"picked":"Flame Barrier","floor":11},{"not_picked":["Perfected Strike","Clash"],"picked":"Warcry","floor":12},{"not_picked":["Shrug It Off","Sword Boomerang"],"picked":"Feed","floor":14},{"not_picked":["Brutality","Exhume"],"picked":"Offering","floor":16},{"not_picked":["Clash+1","Sword Boomerang","Bloodletting+1"],"picked":"SKIP","floor":18},{"not_picked":["Headbutt","Rampage"],"picked":"Spot Weakness","floor":19},{"not_picked":["Infernal Blade","Rampage"],"picked":"Power Through","floor":20},{"not_picked":["Sword Boomerang","Searing Blow"],"picked":"True Grit","floor":21},{"not_picked":["Feel No Pain","Blood for Blood","Double Tap"],"picked":"SKIP","floor":23},{"not_picked":["True Grit","Pommel Strike"],"picked":"Warcry","floor":25},{"not_picked":["Whirlwind","Second Wind"],"picked":"Battle Trance+1","floor":27},{"not_picked":["Blood for Blood","Pommel Strike","Feel No Pain"],"picked":"SKIP","floor":31},{"not_picked":["Double Tap","Juggernaut"],"picked":"Limit Break","floor":33},{"not_picked":["Perfected Strike","Wild Strike","Pommel Strike+1"],"picked":"SKIP","floor":35},{"not_picked":["Infernal Blade","Sword Boomerang","Brutality"],"picked":"SKIP","floor":40},{"not_picked":["Clash","Metallicize","Iron Wave"],"picked":"SKIP","floor":44},{"not_picked":["Wild Strike","Burning Pact","Twin Strike+1"],"picked":"SKIP","floor":46}],"player_experience":209704,"relics_obtained":[{"floor":8,"key":"Happy Flower"},{"floor":9,"key":"Meat on the Bone"},{"floor":11,"key":"Bottled Tornado"},{"floor":23,"key":"Pen Nib"},{"floor":25,"key":"Juzu Bracelet"},{"floor":26,"key":"Centennial Puzzle"},{"floor":27,"key":"Bag of Marbles"},{"floor":30,"key":"FossilizedHelix"},{"floor":30,"key":"Matryoshka"},{"floor":36,"key":"StoneCalendar"},{"floor":40,"key":"Darkstone Periapt"},{"floor":43,"key":"MawBank"},{"floor":43,"key":"Lantern"}],"event_choices":[{"damage_healed":0,"gold_gain":0,"cards_transformed":["Strike_R"],"player_choice":"Change","damage_taken":0,"max_hp_gain":0,"max_hp_loss":0,"event_name":"Living Wall","floor":5,"gold_loss":0,"cards_obtained":["Dark Embrace"]},{"damage_healed":0,"gold_gain":0,"player_choice":"Forge","damage_taken":0,"max_hp_gain":0,"max_hp_loss":0,"event_name":"Accursed Blacksmith","floor":7,"gold_loss":0,"cards_upgraded":["Pommel Strike"]},{"damage_healed":0,"gold_gain":0,"player_choice":"Opened","damage_taken":0,"relics_obtained":["Self Forming Clay"],"max_hp_gain":0,"max_hp_loss":0,"event_name":"The Mausoleum","floor":28,"gold_loss":0,"cards_obtained":["Writhe"]},{"damage_healed":0,"gold_gain":0,"player_choice":"Fight","damage_taken":0,"max_hp_gain":0,"max_hp_loss":0,"event_name":"Colosseum","floor":30,"gold_loss":0},{"damage_healed":0,"gold_gain":0,"player_choice":"Fought Nobs","damage_taken":0,"max_hp_gain":0,"max_hp_loss":0,"event_name":"Colosseum","floor":30,"gold_loss":0},{"damage_healed":0,"gold_gain":0,"player_choice":"Fight","damage_taken":0,"max_hp_gain":0,"max_hp_loss":0,"event_name":"Mysterious Sphere","floor":36,"gold_loss":0},{"cards_removed":["Defend_R"],"damage_healed":0,"gold_gain":0,"player_choice":"Removed Skill","damage_taken":0,"max_hp_gain":0,"max_hp_loss":0,"event_name":"Falling","floor":37,"gold_loss":0},{"damage_healed":0,"gold_gain":0,"player_choice":"Leave","damage_taken":0,"max_hp_gain":0,"max_hp_loss":0,"event_name":"FaceTrader","floor":39,"gold_loss":0},{"damage_healed":0,"gold_gain":0,"player_choice":"Ignored","damage_taken":0,"max_hp_gain":0,"max_hp_loss":0,"event_name":"SecretPortal","floor":42,"gold_loss":0},{"damage_healed":0,"gold_gain":0,"player_choice":"Max HP","damage_taken":0,"max_hp_gain":0,"max_hp_loss":5,"event_name":"Winding Halls","floor":45,"gold_loss":0},{"cards_removed":["Defend_R"],"damage_healed":0,"gold_gain":0,"player_choice":"Upgrade and Remove","damage_taken":0,"max_hp_gain":0,"max_hp_loss":0,"event_name":"Designer","floor":48,"gold_loss":110,"cards_upgraded":["Inflame"]}],"is_beta":false,"boss_relics":[{"not_picked":["White Beast Statue","Philosopher\u0027s Stone"],"picked":"Snecko Eye"},{"not_picked":["Black Star","Velvet Choker"],"picked":"Empty Cage"}],"items_purged_floors":[38],"is_endless":false,"potions_floor_spawned":[4,11,12,19,21,30,31,35,36,40],"ascension_level":20}