{"gold_per_floor":[111,127,137,150,5,5,25,25,25,25,44,58,75,75,75,177,177,188,198,210,220,319,319,329,329],"floor_reached":25,"playtime":1661,"items_purged":[],"score":211,"play_id":"19cd8623-c687-46a5-996a-bcc726e8647a","local_time":"20190831063153","is_ascension_mode":true,"campfire_choices":[{"data":"Dualcast","floor":6,"key":"SMITH"},{"data":"Zap","floor":8,"key":"SMITH"},{"floor":15,"key":"REST"},{"data":"Genetic Algorithm","floor":23,"key":"SMITH"}],"neow_cost":"NONE","seed_source_timestamp":1243237700854946,"circlet_count":0,"master_deck":["Zap+1","Dualcast+1","Storm","Conserve Battery","Reboot","Turbo","Fission","Beam Cell","Reinforced Body","Go for the Eyes","White Noise","Cold Snap","Genetic Algorithm+1","Capacitor+1"],"relics":["Cracked Core","DataDisk","Blue Candle","Pandora\u0027s Box"],"potions_floor_usage":[7,16,16,20],"damage_taken":[{"damage":1,"enemies":"2 Louse","floor":1,"turns":2},{"damage":8,"enemies":"Jaw Worm","floor":2,"turns":3},{"damage":0,"enemies":"Small Slimes","floor":3,"turns":2},{"damage":9,"enemies":"Blue Slaver","floor":4,"turns":4},{"damage":25,"enemies":"Exordium Thugs","floor":7,"turns":4},{"damage":14,"enemies":"Exordium Wildlife","floor":11,"turns":4},{"damage":0,"enemies":"Looter","floor":12,"turns":3},{"damage":13,"enemies":"Large Slime","floor":13,"turns":5},{"damage":31,"enemies":"Hexaghost","floor":16,"turns":7},{"damage":0,"enemies":"Shell Parasite","floor":18,"turns":7},{"damage":0,"enemies":"Chosen","floor":19,"turns":6},{"damage":10,"enemies":"Centurion and Healer","floor":20,"turns":14},{"damage":13,"enemies":"Snake Plant","floor":21,"turns":4},{"damage":11,"enemies":"Sentry and Sphere","floor":24,"turns":6},{"damage":44,"enemies":"Gremlin Leader","floor":25,"turns":6}],"seed_played":"6981143551145306406","potions_obtained":[{"floor":2,"key":"SteroidPotion"},{"floor":4,"key":"Energy Potion"},{"floor":11,"key":"LiquidBronze"},{"floor":13,"key":"PowerPotion"},{"floor":19,"key":"Swift Potion"}],"is_trial":false,"path_per_floor":["M","M","M","M","$","R","M","R","T","$","M","M","M","?","R","B",null,"M","M","M","M","?","R","M","E"],"character_chosen":"DEFECT","items_purchased":["DataDisk"],"campfire_rested":1,"item_purchase_floors":[5],"current_hp_per_floor":[74,66,66,57,57,57,32,32,32,32,18,18,5,30,52,21,75,75,75,65,52,52,52,41,0],"gold":329,"neow_bonus":"TRANSFORM_CARD","is_prod":false,"is_daily":false,"chose_seed":false,"campfire_upgraded":3,"win_rate":0,"timestamp":1567200713,"path_taken":["M","M","M","M","$","R","M","R","T","$","M","M","M","?","R","BOSS","M","M","M","M","?","R","M","E"],"build_version":"2019-07-05","purchased_purges":0,"victory":false,"max_hp_per_floor":[75,75,75,75,75,75,75,75,75,75,75,75,75,75,75,75,75,75,75,75,75,75,75,75,75],"card_choices":[{"not_picked":["Go for the Eyes","White Noise","Darkness"],"picked":"SKIP","floor":1},{"not_picked":["Skim","Redo","Glacier"],"picked":"SKIP","floor":2},{"not_picked":["Coolheaded","Glacier"],"picked":"Conserve Battery","floor":3},{"not_picked":["Aggregate","Chaos","Redo"],"picked":"SKIP","floor":4},{"not_picked":["Stack","Undo","Gash"],"picked":"SKIP","floor":7},{"not_picked":["Hyperbeam","Sweeping Beam","Turbo"],"picked":"SKIP","floor":11},{"not_picked":["Rebound","Ball Lightning","Undo"],"picked":"SKIP","floor":12},{"not_picked":["Hologram","Steam","Sweeping Beam"],"picked":"SKIP","floor":13},{"not_picked":["Thunder Strike","Multi-Cast"],"picked":"Reboot","floor":16},{"not_picked":["Auto Shields","Static Discharge+1"],"picked":"Genetic Algorithm","floor":18},{"not_picked":["Skim","BootSequence+1","Rebound"],"picked":"SKIP","floor":19},{"not_picked":["Recycle","Rip and Tear+1"],"picked":"Capacitor+1","floor":20},{"not_picked":["Doom and Gloom","Turbo","Ball Lightning"],"picked":"SKIP","floor":21},{"not_picked":["Rip and Tear","Leap","Genetic Algorithm"],"picked":"SKIP","floor":24}],"player_experience":641597,"relics_obtained":[{"floor":9,"key":"Blue Candle"}],"event_choices":[{"damage_healed":25,"gold_gain":0,"player_choice":"Banana","damage_taken":0,"max_hp_gain":0,"max_hp_loss":0,"event_name":"Big Fish","floor":14,"gold_loss":0},{"damage_healed":0,"gold_gain":99,"player_choice":"Stole From Cult","damage_taken":0,"max_hp_gain":0,"max_hp_loss":0,"event_name":"Nest","floor":22,"gold_loss":0}],"is_beta":false,"boss_relics":[{"not_picked":["Calling Bell","Sozu"],"picked":"Pandora\u0027s Box"}],"items_purged_floors":[],"is_endless":false,"potions_floor_spawned":[2,4,11,13,19],"killed_by":"Gremlin Leader","ascension_level":1}