{"gold_per_floor":[115,290,290,306,316,316,316,316,342,352,367,377,394,409,409,409],"floor_reached":16,"playtime":774,"items_purged":[],"score":115,"play_id":"a29c8535-338d-4dfd-830b-6f18f2bec58c","local_time":"20181109154401","is_ascension_mode":true,"campfire_choices":[{"data":"Iron Wave","floor":6,"key":"SMITH"},{"data":"Shrug It Off","floor":15,"key":"SMITH"}],"neow_cost":"NONE","seed_source_timestamp":505441366436846,"circlet_count":0,"master_deck":["Strike_R","Strike_R","Strike_R","Strike_R","Defend_R","Defend_R","Defend_R","Defend_R","Bash+1","Doubt","Iron Wave+1","Iron Wave+1","Intimidate","Shrug It Off+1","Shrug It Off","Flex"],"relics":["Burning Blood","Bag of Marbles"],"potions_floor_usage":[13,13,16],"damage_taken":[{"damage":6,"enemies":"Small Slimes","floor":1,"turns":3},{"damage":1,"enemies":"Cultist","floor":4,"turns":3},{"damage":12,"enemies":"Jaw Worm","floor":5,"turns":2},{"damage":0,"enemies":"Large Slime","floor":10,"turns":5},{"damage":11,"enemies":"2 Fungi Beasts","floor":11,"turns":3},{"damage":6,"enemies":"3 Louse","floor":12,"turns":5},{"damage":18,"enemies":"Lots of Slimes","floor":13,"turns":6},{"damage":2,"enemies":"Exordium Wildlife","floor":14,"turns":5},{"damage":87,"enemies":"Hexaghost","floor":16,"turns":14}],"seed_played":"-5301953950272100184","potions_obtained":[{"floor":4,"key":"BloodPotion"},{"floor":5,"key":"SteroidPotion"},{"floor":11,"key":"Block Potion"},{"floor":12,"key":"Regen Potion"}],"is_trial":false,"path_per_floor":["M","?","?","M","M","R","?","?","T","M","M","M","M","M","R","B"],"character_chosen":"IRONCLAD","items_purchased":[],"campfire_rested":0,"item_purchase_floors":[],"current_hp_per_floor":[80,80,80,80,74,74,74,74,74,80,75,75,80,80,80,0],"gold":409,"neow_bonus":"REMOVE_CARD","is_prod":false,"is_daily":false,"chose_seed":false,"campfire_upgraded":2,"win_rate":0,"timestamp":1541774641,"path_taken":["M","?","?","M","?","R","?","?","T","M","M","M","M","M","R","BOSS"],"build_version":"2018-11-08","purchased_purges":0,"victory":false,"max_hp_per_floor":[80,80,80,80,80,80,80,80,80,80,80,80,80,80,80,80],"card_choices":[{"not_picked":["Havoc","Pommel Strike","Fire Breathing"],"picked":"SKIP","floor":1},{"not_picked":["True Grit","Intimidate"],"picked":"Iron Wave","floor":4},{"not_picked":["Flex","Bloodletting"],"picked":"Iron Wave","floor":5},{"not_picked":["Power Through","Whirlwind"],"picked":"Intimidate","floor":10},{"not_picked":["True Grit","Intimidate"],"picked":"Shrug It Off","floor":11},{"not_picked":["Twin Strike","Combust","Perfected Strike"],"picked":"SKIP","floor":12},{"not_picked":["Hemokinesis","Exhume"],"picked":"Shrug It Off","floor":13},{"not_picked":["Havoc","Cleave"],"picked":"Flex","floor":14}],"player_experience":255677,"relics_obtained":[{"floor":9,"key":"Bag of Marbles"}],"event_choices":[{"damage_healed":0,"gold_gain":175,"player_choice":"AGREE","damage_taken":0,"max_hp_gain":0,"max_hp_loss":0,"event_name":"Liars Game","floor":2,"gold_loss":0,"cards_obtained":["Doubt"]},{"damage_healed":0,"gold_gain":0,"player_choice":"Upgraded","damage_taken":0,"max_hp_gain":0,"max_hp_loss":0,"event_name":"Upgrade Shrine","floor":3,"gold_loss":0,"cards_upgraded":["Bash"]},{"damage_healed":0,"gold_gain":0,"player_choice":"Grow","damage_taken":0,"max_hp_gain":0,"max_hp_loss":0,"event_name":"Living Wall","floor":7,"gold_loss":0,"cards_upgraded":["Iron Wave"]},{"damage_healed":0,"gold_gain":0,"player_choice":"Leave","damage_taken":0,"max_hp_gain":0,"max_hp_loss":0,"event_name":"The Cleric","floor":8,"gold_loss":0}],"is_beta":false,"boss_relics":[],"items_purged_floors":[],"is_endless":false,"potions_floor_spawned":[4,5,11,12],"killed_by":"Hexaghost","ascension_level":4}