{"gold_per_floor":[110,129,129,141,157,157,192,192,192,209,209,225,244,244,244,244],"floor_reached":16,"playtime":1044,"items_purged":[],"score":104,"play_id":"7451f95e-9e1c-40eb-9736-050c742cf22e","local_time":"20190815004859","is_ascension_mode":false,"campfire_choices":[{"data":"Genetic Algorithm","floor":6,"key":"SMITH"},{"floor":11,"key":"REST"},{"floor":15,"key":"REST"}],"neow_cost":"NONE","seed_source_timestamp":1973245149079596,"circlet_count":0,"master_deck":["Strike_B","Strike_B","Strike_B","Strike_B","Defend_B","Defend_B","Defend_B","Zap","Dualcast","Genetic Algorithm+1","Machine Learning","Coolheaded","Loop","Capacitor","Defragment"],"relics":["Cracked Core","Peace Pipe","Toxic Egg 2","Bottled Tornado"],"potions_floor_usage":[7,16],"damage_taken":[{"damage":1,"enemies":"2 Louse","floor":1,"turns":2},{"damage":5,"enemies":"Jaw Worm","floor":2,"turns":3},{"damage":0,"enemies":"Small Slimes","floor":4,"turns":3},{"damage":3,"enemies":"3 Louse","floor":5,"turns":5},{"damage":35,"enemies":"3 Sentries","floor":7,"turns":8},{"damage":8,"enemies":"Exordium Wildlife","floor":10,"turns":5},{"damage":4,"enemies":"Large Slime","floor":12,"turns":9},{"damage":2,"enemies":"Blue Slaver","floor":13,"turns":4},{"damage":45,"enemies":"Hexaghost","floor":16,"turns":11}],"seed_played":"-5357359225560632029","potions_obtained":[{"floor":4,"key":"Explosive Potion"},{"floor":7,"key":"Swift Potion"},{"floor":10,"key":"GamblersBrew"}],"is_trial":false,"path_per_floor":["M","M","?","M","M","R","E","?","T","M","R","M","M","T","R","B"],"character_chosen":"DEFECT","items_purchased":[],"campfire_rested":2,"item_purchase_floors":[],"current_hp_per_floor":[74,69,74,74,71,71,36,11,11,3,27,23,21,21,45,0],"gold":244,"neow_bonus":"TRANSFORM_CARD","is_prod":false,"is_daily":false,"chose_seed":false,"campfire_upgraded":1,"win_rate":0,"timestamp":1565797739,"path_taken":["M","M","?","M","M","R","E","?","T","M","R","M","M","?","R","BOSS"],"build_version":"2019-07-05","purchased_purges":0,"victory":false,"max_hp_per_floor":[75,75,80,80,80,80,80,80,80,80,80,80,80,80,80,80],"card_choices":[{"not_picked":["Beam Cell","Gash","Barrage"],"picked":"SKIP","floor":1},{"not_picked":["Ball Lightning","Steam","Undo"],"picked":"SKIP","floor":2},{"not_picked":["FTL","Sweeping Beam","Beam Cell"],"picked":"SKIP","floor":4},{"not_picked":["Compile Driver","Cold Snap"],"picked":"Machine Learning","floor":5},{"not_picked":["Go for the Eyes","Aggregate"],"picked":"Coolheaded","floor":7},{"not_picked":["Compile Driver","BootSequence+1"],"picked":"Loop","floor":10},{"not_picked":["Lockon","Hologram+1"],"picked":"Capacitor","floor":12},{"not_picked":["Rebound","Rainbow+1"],"picked":"Defragment","floor":13}],"player_experience":488253,"relics_obtained":[{"floor":7,"key":"Peace Pipe"},{"floor":14,"key":"Bottled Tornado"}],"event_choices":[{"damage_healed":0,"gold_gain":0,"player_choice":"Donut","damage_taken":0,"max_hp_gain":5,"max_hp_loss":0,"event_name":"Big Fish","floor":3,"gold_loss":0},{"damage_healed":0,"gold_gain":0,"player_choice":"Success","damage_taken":25,"relics_obtained":["Toxic Egg 2"],"max_hp_gain":0,"max_hp_loss":0,"event_name":"Scrap Ooze","floor":8,"gold_loss":0}],"is_beta":false,"boss_relics":[],"items_purged_floors":[],"is_endless":false,"potions_floor_spawned":[4,7,10],"killed_by":"Hexaghost","ascension_level":0}