{"gold_per_floor":[10,23,23,37,52,52,80,91,91,91,91,104,123,48,48,153,153,171,270,281,301,64,64,64,74,74,84,100,100,100,100,100,100],"floor_reached":33,"playtime":1719,"items_purged":["Strike_R"],"score":301,"play_id":"2779c83b-e884-45d7-ada9-5d4f2ac21c11","local_time":"20190101220605","is_ascension_mode":true,"campfire_choices":[{"data":"Whirlwind","floor":6,"key":"SMITH"},{"floor":15,"key":"REST"},{"floor":29,"key":"REST"},{"floor":32,"key":"REST"}],"neow_cost":"NO_GOLD","seed_source_timestamp":282707882417170,"circlet_count":0,"master_deck":["Defend_R+1","Defend_R+1","Defend_R+1","Defend_R+1","Bash","Thunderclap","Cleave","Shrug It Off","Whirlwind+1","Spot Weakness","Clothesline","True Grit","Bloodletting+1","Flex","Master of Strategy","Headbutt","Writhe"],"relics":["Burning Blood","Unceasing Top","Frozen Egg 2","Mark of Pain","Strawberry","Bottled Lightning"],"potions_floor_usage":[7,12,20,31,31,33],"damage_taken":[{"damage":0,"enemies":"Small Slimes","floor":1,"turns":3},{"damage":5,"enemies":"2 Louse","floor":2,"turns":3},{"damage":4,"enemies":"Jaw Worm","floor":4,"turns":4},{"damage":11,"enemies":"Lots of Slimes","floor":5,"turns":3},{"damage":14,"enemies":"3 Sentries","floor":7,"turns":4},{"damage":9,"enemies":"Looter","floor":8,"turns":3},{"damage":14,"enemies":"Large Slime","floor":12,"turns":5},{"damage":10,"enemies":"Exordium Thugs","floor":13,"turns":3},{"damage":64,"enemies":"The Guardian","floor":16,"turns":10},{"damage":0,"enemies":"3 Byrds","floor":18,"turns":3},{"damage":25,"enemies":"Spheric Guardian","floor":20,"turns":5},{"damage":11,"enemies":"Cultist and Chosen","floor":21,"turns":4},{"damage":3,"enemies":"3 Cultists","floor":25,"turns":3},{"damage":16,"enemies":"Chosen and Byrds","floor":27,"turns":5},{"damage":39,"enemies":"Snake Plant","floor":28,"turns":7},{"damage":36,"enemies":"Colosseum Slavers","floor":31,"turns":5},{"damage":56,"enemies":"Champ","floor":33,"turns":6}],"seed_played":"6670660851501110007","potions_obtained":[{"floor":5,"key":"AttackPotion"},{"floor":7,"key":"Ancient Potion"},{"floor":8,"key":"GamblersBrew"},{"floor":13,"key":"PowerPotion"},{"floor":16,"key":"Swift Potion"},{"floor":20,"key":"PowerPotion"},{"floor":28,"key":"Swift Potion"}],"is_trial":false,"path_per_floor":["M","M","?","M","M","R","E","M","T","?","?","M","M","$","R","B",null,"M","?","M","M","$","?","?","M","T","M","M","R","?","?","R","B"],"character_chosen":"IRONCLAD","items_purchased":["Master of Strategy","Headbutt"],"campfire_rested":3,"item_purchase_floors":[22,22],"current_hp_per_floor":[80,80,80,80,75,75,67,64,64,57,57,49,45,45,69,11,80,80,80,61,56,56,56,63,66,66,56,23,49,49,19,45,0],"gold":100,"neow_bonus":"REMOVE_TWO","is_prod":false,"is_daily":false,"chose_seed":false,"campfire_upgraded":1,"win_rate":0,"timestamp":1546347965,"path_taken":["M","M","?","M","M","R","E","M","T","?","?","M","?","?","R","BOSS","M","?","M","M","$","?","?","?","T","M","M","R","?","?","R","BOSS"],"build_version":"2018-12-20","purchased_purges":1,"victory":false,"max_hp_per_floor":[80,80,80,80,80,80,80,80,80,80,80,80,80,80,80,80,80,80,80,80,80,80,80,87,87,87,87,87,87,87,87,87,87],"card_choices":[{"not_picked":["Havoc","Carnage"],"picked":"Thunderclap","floor":1},{"not_picked":["Clash","Rampage"],"picked":"Cleave","floor":2},{"not_picked":["Burning Pact","Flex"],"picked":"Shrug It Off","floor":4},{"not_picked":["Heavy Blade","Perfected Strike"],"picked":"Whirlwind","floor":5},{"not_picked":["Clash","Corruption"],"picked":"Spot Weakness","floor":7},{"not_picked":["Sword Boomerang","Pummel","Perfected Strike"],"picked":"SKIP","floor":8},{"not_picked":["Sentinel","Heavy Blade"],"picked":"Clothesline","floor":12},{"not_picked":["Berserk+1","Perfected Strike"],"picked":"True Grit","floor":13},{"not_picked":["True Grit+1","Anger"],"picked":"Bloodletting+1","floor":18},{"not_picked":["Pommel Strike","Havoc","Warcry"],"picked":"SKIP","floor":20},{"not_picked":["Clothesline+1","Headbutt+1"],"picked":"Flex","floor":21},{"not_picked":["Carnage","Fire Breathing+1","Wild Strike"],"picked":"SKIP","floor":25},{"not_picked":["Corruption+1","Impervious","Headbutt+1"],"picked":"SKIP","floor":27},{"not_picked":["Ghostly Armor","Clash+1","Thunderclap"],"picked":"SKIP","floor":28}],"player_experience":108301,"relics_obtained":[{"floor":7,"key":"Unceasing Top"},{"floor":9,"key":"Frozen Egg 2"},{"floor":26,"key":"Bottled Lightning"}],"event_choices":[{"cards_removed":["Strike_R"],"damage_healed":0,"gold_gain":0,"player_choice":"Forget","damage_taken":0,"max_hp_gain":0,"max_hp_loss":0,"event_name":"Living Wall","floor":3,"gold_loss":0},{"cards_removed":["Strike_R"],"damage_healed":0,"gold_gain":0,"player_choice":"Card Removal","damage_taken":7,"max_hp_gain":0,"max_hp_loss":0,"event_name":"Golden Wing","floor":10,"gold_loss":0},{"damage_healed":0,"gold_gain":0,"player_choice":"Ignored","damage_taken":0,"max_hp_gain":0,"max_hp_loss":0,"event_name":"Golden Idol","floor":11,"gold_loss":0},{"damage_healed":0,"gold_gain":99,"player_choice":"Stole From Cult","damage_taken":0,"max_hp_gain":0,"max_hp_loss":0,"event_name":"Nest","floor":19,"gold_loss":0},{"damage_healed":0,"gold_gain":0,"player_choice":"Simplicity","damage_taken":0,"max_hp_gain":0,"max_hp_loss":0,"event_name":"Back to Basics","floor":23,"gold_loss":0,"cards_upgraded":["Defend_R","Defend_R","Defend_R","Defend_R"]},{"damage_healed":0,"gold_gain":0,"player_choice":"Opened","damage_taken":0,"relics_obtained":["Strawberry"],"max_hp_gain":0,"max_hp_loss":0,"event_name":"The Mausoleum","floor":24,"gold_loss":0,"cards_obtained":["Writhe"]},{"damage_healed":0,"gold_gain":0,"player_choice":"Ignored","damage_taken":0,"max_hp_gain":0,"max_hp_loss":0,"event_name":"Vampires","floor":30,"gold_loss":0},{"damage_healed":0,"gold_gain":0,"player_choice":"Fight","damage_taken":0,"max_hp_gain":0,"max_hp_loss":0,"event_name":"Colosseum","floor":31,"gold_loss":0},{"damage_healed":0,"gold_gain":0,"player_choice":"Fled From Nobs","damage_taken":0,"max_hp_gain":0,"max_hp_loss":0,"event_name":"Colosseum","floor":31,"gold_loss":0}],"is_beta":false,"boss_relics":[{"not_picked":["Pandora\u0027s Box","Cursed Key"],"picked":"Mark of Pain"}],"items_purged_floors":[14],"is_endless":false,"potions_floor_spawned":[5,7,8,13,16,20,21,28],"killed_by":"Champ","ascension_level":4}