{"gold_per_floor":[109,173,248,263,278,278,289,308,331,346,38,38,38,56,56,154,154,137,147,158,1,16,16,28,46,46,46,58,74,74],"floor_reached":30,"playtime":3644,"items_purged":[],"score":255,"play_id":"2e4d87e4-4a29-4a18-9377-019ea5bd349a","local_time":"20190825224419","is_ascension_mode":false,"campfire_choices":[{"data":"Armaments","floor":6,"key":"SMITH"},{"data":"Spot Weakness","floor":13,"key":"SMITH"},{"data":"Evolve","floor":15,"key":"SMITH"},{"floor":23,"key":"REST"}],"neow_cost":"NONE","seed_source_timestamp":113786113379788,"circlet_count":0,"master_deck":["Strike_R","Strike_R","Strike_R","Strike_R","Defend_R","Defend_R","Defend_R","Defend_R","Bash","Clash","Armaments+1","Cleave","Corruption","Shrug It Off","Twin Strike","Dramatic Entrance","Spot Weakness+1","Evolve+1","Impervious","True Grit","Seeing Red","Clash","Finesse","Bludgeon","Infernal Blade","Rupture","Barricade","Armaments+1","Infernal Blade"],"relics":["Burning Blood","Strawberry","Toolbox","Lizard Tail","Potion Belt"],"potions_floor_usage":[16,18,24,29,30],"damage_taken":[{"damage":0,"enemies":"2 Louse","floor":1,"turns":2},{"damage":0,"enemies":"Small Slimes","floor":4,"turns":3},{"damage":6,"enemies":"Jaw Worm","floor":5,"turns":3},{"damage":8,"enemies":"Gremlin Gang","floor":7,"turns":5},{"damage":12,"enemies":"3 Louse","floor":8,"turns":3},{"damage":1,"enemies":"2 Fungi Beasts","floor":10,"turns":3},{"damage":7,"enemies":"Blue Slaver","floor":14,"turns":3},{"damage":58,"enemies":"The Guardian","floor":16,"turns":8},{"damage":13,"enemies":"2 Thieves","floor":18,"turns":4},{"damage":18,"enemies":"Spheric Guardian","floor":19,"turns":6},{"damage":23,"enemies":"Shelled Parasite and Fungi","floor":20,"turns":6},{"damage":14,"enemies":"Chosen and Byrds","floor":22,"turns":6},{"damage":8,"enemies":"Centurion and Healer","floor":24,"turns":5},{"damage":26,"enemies":"Snecko","floor":25,"turns":6},{"damage":20,"enemies":"Cultist and Chosen","floor":28,"turns":8},{"damage":69,"enemies":"Shelled Parasite and Fungi","floor":29,"turns":12},{"damage":21,"enemies":"Colosseum Slavers","floor":30,"turns":5},{"damage":71,"enemies":"Colosseum Nobs","floor":30,"turns":5}],"seed_played":"4438902364852461668","potions_obtained":[{"floor":10,"key":"Block Potion"},{"floor":16,"key":"Weak Potion"},{"floor":19,"key":"SpeedPotion"},{"floor":22,"key":"EssenceOfSteel"},{"floor":29,"key":"SpeedPotion"}],"is_trial":false,"path_per_floor":["M","?","?","M","M","R","M","M","T","M","$","?","R","M","R","B",null,"M","M","M","$","M","R","M","M","T","?","M","M","?"],"character_chosen":"IRONCLAD","items_purchased":["Toolbox","Dramatic Entrance","Finesse","Bludgeon"],"campfire_rested":1,"item_purchase_floors":[11,11,21,21],"current_hp_per_floor":[88,88,77,83,83,83,81,75,82,87,87,87,87,86,86,34,95,88,76,59,59,51,79,77,57,57,88,74,11,0],"gold":74,"neow_bonus":"TEN_PERCENT_HP_BONUS","is_prod":false,"is_daily":false,"chose_seed":false,"campfire_upgraded":3,"win_rate":0.0,"timestamp":1566744259,"path_taken":["M","?","?","M","M","R","M","M","T","M","$","?","R","M","R","BOSS","M","M","M","$","?","R","M","M","T","?","M","M","?"],"build_version":"2019-07-17","purchased_purges":0,"victory":false,"max_hp_per_floor":[88,88,88,88,88,88,88,88,95,95,95,95,95,95,95,95,95,95,95,95,95,95,95,95,95,95,95,95,95,95],"card_choices":[{"not_picked":["Clothesline","Sword Boomerang"],"picked":"Clash","floor":1},{"not_picked":["Cleave","Wild Strike"],"picked":"Armaments","floor":4},{"not_picked":["Hemokinesis","Brutality"],"picked":"Cleave","floor":5},{"not_picked":["Cleave","Twin Strike"],"picked":"Corruption","floor":7},{"not_picked":["Flex","Body Slam"],"picked":"Shrug It Off","floor":8},{"not_picked":["Disarm","Wild Strike"],"picked":"Twin Strike","floor":10},{"not_picked":["Heavy Blade","Sword Boomerang"],"picked":"Evolve","floor":14},{"not_picked":["Brutality","Immolate"],"picked":"Impervious","floor":16},{"not_picked":["Clothesline","Thunderclap+1"],"picked":"True Grit","floor":18},{"not_picked":["Headbutt","Bludgeon"],"picked":"Seeing Red","floor":19},{"not_picked":["Pommel Strike","Perfected Strike"],"picked":"Clash","floor":20},{"not_picked":["Reckless Charge","Heavy Blade+1"],"picked":"Infernal Blade","floor":22},{"not_picked":["Warcry","Twin Strike"],"picked":"Rupture","floor":24},{"not_picked":["Shrug It Off","True Grit"],"picked":"Barricade","floor":25},{"not_picked":["Blood for Blood","Clash"],"picked":"Armaments+1","floor":28},{"not_picked":["Searing Blow+1","Headbutt"],"picked":"Infernal Blade","floor":29}],"player_experience":76975,"relics_obtained":[{"floor":9,"key":"Strawberry"},{"floor":26,"key":"Potion Belt"}],"event_choices":[{"damage_healed":0,"gold_gain":64,"player_choice":"Gained Gold","damage_taken":0,"max_hp_gain":0,"max_hp_loss":0,"event_name":"Golden Wing","floor":2,"gold_loss":0},{"damage_healed":0,"gold_gain":75,"player_choice":"Gather Gold","damage_taken":11,"max_hp_gain":0,"max_hp_loss":0,"event_name":"World of Goop","floor":3,"gold_loss":0},{"damage_healed":0,"gold_gain":0,"cards_transformed":["Strike_R"],"player_choice":"Transformed","damage_taken":0,"max_hp_gain":0,"max_hp_loss":0,"event_name":"Transmorgrifier","floor":12,"gold_loss":0,"cards_obtained":["Spot Weakness"]},{"damage_healed":31,"gold_gain":0,"player_choice":"Heal","damage_taken":0,"max_hp_gain":0,"max_hp_loss":0,"event_name":"The Library","floor":27,"gold_loss":0},{"damage_healed":0,"gold_gain":0,"player_choice":"Fight","damage_taken":0,"max_hp_gain":0,"max_hp_loss":0,"event_name":"Colosseum","floor":30,"gold_loss":0},{"damage_healed":0,"gold_gain":0,"player_choice":"Fought Nobs","damage_taken":0,"max_hp_gain":0,"max_hp_loss":0,"event_name":"Colosseum","floor":30,"gold_loss":0}],"is_beta":false,"boss_relics":[{"not_picked":["Coffee Dripper","Busted Crown"],"picked":"Lizard Tail"}],"items_purged_floors":[],"is_endless":false,"potions_floor_spawned":[10,16,19,22,29],"killed_by":"Colosseum Nobs","ascension_level":0}