{"gold_per_floor":[119,136,150,150,161,161,177,196,220,220,220,280,83,63,63,162,162,182,182,193,223,235,235,235],"floor_reached":24,"playtime":1995,"items_purged":[],"score":213,"play_id":"0d4f01e6-2e56-493f-a9fe-f44d5befc066","local_time":"20190825200209","is_ascension_mode":false,"campfire_choices":[{"data":"Armaments","floor":6,"key":"SMITH"},{"floor":10,"key":"REST"},{"floor":15,"key":"REST"},{"floor":23,"key":"REST"}],"neow_cost":"NONE","seed_source_timestamp":912391587518800,"circlet_count":0,"master_deck":["Strike_R","Strike_R","Strike_R","Strike_R","Strike_R","Defend_R","Defend_R","Defend_R","Defend_R","Bash","Combust","Combust","Spot Weakness","Armaments+1","Armaments","Rage","Rupture","Battle Trance","Apotheosis","Feed","Rampage","Battle Trance+1","Ghostly Armor"],"relics":["Burning Blood","Strawberry","Pantograph","Runic Cube","Tiny Chest"],"potions_floor_usage":[16,22],"damage_taken":[{"damage":8,"enemies":"Jaw Worm","floor":1,"turns":3},{"damage":8,"enemies":"Small Slimes","floor":2,"turns":3},{"damage":10,"enemies":"2 Louse","floor":3,"turns":2},{"damage":18,"enemies":"2 Fungi Beasts","floor":5,"turns":4},{"damage":18,"enemies":"Exordium Thugs","floor":7,"turns":4},{"damage":19,"enemies":"Exordium Wildlife","floor":8,"turns":4},{"damage":34,"enemies":"3 Sentries","floor":12,"turns":4},{"damage":74,"enemies":"The Guardian","floor":16,"turns":10},{"damage":29,"enemies":"Chosen","floor":18,"turns":6},{"damage":27,"enemies":"Spheric Guardian","floor":20,"turns":4},{"damage":50,"enemies":"Centurion and Healer","floor":22,"turns":7},{"damage":41,"enemies":"Shelled Parasite and Fungi","floor":24,"turns":5}],"seed_played":"3320809046310480448","potions_obtained":[{"floor":1,"key":"Regen Potion"},{"floor":2,"key":"Strength Potion"},{"floor":8,"key":"BloodPotion"},{"floor":22,"key":"Weak Potion"}],"is_trial":false,"path_per_floor":["M","M","M","?","M","R","M","M","T","R","?","?","$","?","R","B",null,"M","?","M","?","M","R","M"],"character_chosen":"IRONCLAD","items_purchased":["Apotheosis"],"campfire_rested":3,"item_purchase_floors":[13],"current_hp_per_floor":[78,76,72,72,60,60,48,35,42,68,68,40,40,40,66,31,87,64,47,30,30,10,38,0],"gold":235,"neow_bonus":"THREE_CARDS","is_prod":false,"is_daily":false,"chose_seed":false,"campfire_upgraded":1,"win_rate":0,"timestamp":1566788529,"path_taken":["M","M","M","?","M","R","M","M","T","R","?","?","?","?","R","BOSS","M","?","M","?","M","R","?"],"build_version":"2019-07-17","purchased_purges":0,"victory":false,"max_hp_per_floor":[80,80,80,80,80,80,80,80,87,87,87,87,87,87,87,87,87,87,92,96,96,96,96,99],"card_choices":[{"not_picked":["Iron Wave","Anger"],"picked":"Combust","floor":0},{"not_picked":["Reckless Charge","Dropkick"],"picked":"Combust","floor":1},{"not_picked":["Anger","Clash"],"picked":"Spot Weakness","floor":2},{"not_picked":["Second Wind","Corruption"],"picked":"Armaments","floor":3},{"not_picked":["Clash","Sever Soul"],"picked":"Armaments","floor":5},{"not_picked":["Clothesline","Twin Strike"],"picked":"Rage","floor":7},{"not_picked":["Shrug It Off","Bludgeon"],"picked":"Rupture","floor":8},{"not_picked":["Reckless Charge","Rage"],"picked":"Battle Trance","floor":12},{"not_picked":["Bludgeon","Berserk"],"picked":"Feed","floor":16},{"not_picked":["Body Slam","Twin Strike"],"picked":"Rampage","floor":18},{"not_picked":["Twin Strike+1","Clothesline+1"],"picked":"Battle Trance+1","floor":20},{"not_picked":["Twin Strike","Iron Wave+1"],"picked":"Ghostly Armor","floor":22}],"player_experience":65953,"relics_obtained":[{"floor":9,"key":"Strawberry"},{"floor":12,"key":"Pantograph"}],"event_choices":[{"damage_healed":0,"gold_gain":0,"player_choice":"Leave","damage_taken":0,"max_hp_gain":0,"max_hp_loss":0,"event_name":"The Cleric","floor":4,"gold_loss":0},{"damage_healed":0,"gold_gain":0,"player_choice":"Ignored","damage_taken":0,"max_hp_gain":0,"max_hp_loss":0,"event_name":"Liars Game","floor":11,"gold_loss":0},{"damage_healed":0,"gold_gain":0,"player_choice":"Searched \u00272\u0027 times","damage_taken":0,"max_hp_gain":0,"max_hp_loss":0,"event_name":"Dead Adventurer","floor":12,"gold_loss":0},{"damage_healed":0,"gold_gain":0,"player_choice":"Left Gold","damage_taken":0,"max_hp_gain":0,"max_hp_loss":0,"event_name":"World of Goop","floor":14,"gold_loss":20},{"damage_healed":0,"gold_gain":0,"player_choice":"Shed Blood","damage_taken":22,"max_hp_gain":5,"max_hp_loss":0,"event_name":"Forgotten Altar","floor":19,"gold_loss":0},{"damage_healed":0,"gold_gain":0,"player_choice":"Gave Potion","damage_taken":0,"relics_obtained":["Tiny Chest"],"max_hp_gain":0,"max_hp_loss":0,"event_name":"WeMeetAgain","floor":21,"gold_loss":0}],"is_beta":false,"boss_relics":[{"not_picked":["Eternal Feather","Velvet Choker"],"picked":"Runic Cube"}],"items_purged_floors":[],"is_endless":false,"potions_floor_spawned":[1,2,8,22],"killed_by":"Shelled Parasite and Fungi","ascension_level":0}