{"gold_per_floor":[111,111,130,143,153,153,181,181,181,181,196,266,278,297,297,393,393,405,468,518,483,215,225,225],"floor_reached":24,"playtime":1343,"items_purged":["Strike_R"],"score":202,"play_id":"4af4b364-2b13-44c2-8cb5-87405baf97a4","local_time":"20181227183213","is_ascension_mode":false,"campfire_choices":[{"data":"Fiend Fire","floor":6,"key":"SMITH"},{"data":"Shockwave","floor":10,"key":"SMITH"},{"floor":15,"key":"REST"}],"neow_cost":"NONE","seed_source_timestamp":254489804353502,"circlet_count":0,"master_deck":["Strike_R","Strike_R","Strike_R","Defend_R","Defend_R","Defend_R","Defend_R","Bash","Fiend Fire+1","Shockwave+1","Clash","Juggernaut","Armaments+1","Cleave","Immolate","True Grit+1","Dropkick","Sadistic Nature+1","Clothesline"],"relics":["Burning Blood","Toxic Egg 2","SsserpentHead","Frozen Egg 2","Black Star","MutagenicStrength","Ornamental Fan"],"potions_floor_usage":[7,16,16,19],"damage_taken":[{"damage":7,"enemies":"2 Louse","floor":1,"turns":4},{"damage":5,"enemies":"Cultist","floor":3,"turns":4},{"damage":1,"enemies":"Jaw Worm","floor":4,"turns":3},{"damage":7,"enemies":"3 Louse","floor":5,"turns":3},{"damage":25,"enemies":"3 Sentries","floor":7,"turns":7},{"damage":8,"enemies":"2 Fungi Beasts","floor":11,"turns":3},{"damage":4,"enemies":"Exordium Thugs","floor":12,"turns":4},{"damage":5,"enemies":"Exordium Wildlife","floor":13,"turns":3},{"damage":7,"enemies":"3 Louse","floor":14,"turns":5},{"damage":34,"enemies":"The Guardian","floor":16,"turns":8},{"damage":45,"enemies":"3 Byrds","floor":18,"turns":6},{"damage":27,"enemies":"Spheric Guardian","floor":19,"turns":5},{"damage":17,"enemies":"Chosen and Byrds","floor":23,"turns":6},{"damage":0,"enemies":"Centurion and Healer","floor":24,"turns":1}],"seed_played":"6542094734842235215","potions_obtained":[{"floor":1,"key":"Swift Potion"},{"floor":4,"key":"Fire Potion"},{"floor":5,"key":"Strength Potion"},{"floor":11,"key":"Strength Potion"},{"floor":14,"key":"SkillPotion"},{"floor":16,"key":"AttackPotion"},{"floor":18,"key":"Explosive Potion"}],"is_trial":false,"path_per_floor":["M","?","M","M","M","R","E","?","T","R","M","M","M","M","R","B",null,"M","M","?","?","$","M","M"],"character_chosen":"IRONCLAD","items_purchased":["Sadistic Nature+1"],"campfire_rested":1,"item_purchase_floors":[22],"current_hp_per_floor":[79,79,80,80,79,79,60,60,60,60,58,60,61,60,80,52,80,41,20,20,20,20,9,9],"gold":225,"neow_bonus":"ONE_RANDOM_RARE_CARD","is_prod":false,"is_daily":false,"chose_seed":false,"campfire_upgraded":2,"win_rate":0,"timestamp":1545903133,"path_taken":["M","?","?","M","M","R","E","?","T","R","M","?","M","M","R","BOSS","M","?","?","?","$","M","M"],"build_version":"2018-12-20","purchased_purges":1,"victory":false,"max_hp_per_floor":[80,80,80,80,80,80,80,80,80,80,80,80,80,80,80,80,80,80,80,80,80,80,80,80],"card_choices":[{"not_picked":["Sever Soul","Rampage"],"picked":"Shockwave","floor":1},{"not_picked":["Heavy Blade","Rampage"],"picked":"Clash","floor":3},{"not_picked":["Sword Boomerang","Hemokinesis","Corruption"],"picked":"SKIP","floor":4},{"not_picked":["Corruption","Cleave"],"picked":"Juggernaut","floor":5},{"not_picked":["Sword Boomerang","Warcry"],"picked":"Armaments","floor":7},{"not_picked":["Searing Blow","Heavy Blade","Wild Strike"],"picked":"SKIP","floor":11},{"not_picked":["Bloodletting+1","Disarm+1"],"picked":"Cleave","floor":12},{"not_picked":["Armaments+1","Heavy Blade","Intimidate+1"],"picked":"SKIP","floor":13},{"not_picked":["Spot Weakness+1","Wild Strike","Pommel Strike"],"picked":"SKIP","floor":14},{"not_picked":["Limit Break+1","Barricade+1"],"picked":"Immolate","floor":16},{"not_picked":["Carnage","Flex+1"],"picked":"True Grit+1","floor":18},{"not_picked":["Twin Strike","Intimidate+1"],"picked":"Dropkick","floor":19},{"not_picked":["Headbutt+1","Twin Strike"],"picked":"Clothesline","floor":23}],"player_experience":16886,"relics_obtained":[{"floor":7,"key":"Toxic Egg 2"},{"floor":9,"key":"Frozen Egg 2"}],"event_choices":[{"cards_removed":["Strike_R"],"damage_healed":0,"gold_gain":0,"player_choice":"Offered Basic","damage_taken":0,"max_hp_gain":0,"max_hp_loss":0,"event_name":"Bonfire Elementals","floor":2,"gold_loss":0},{"damage_healed":0,"gold_gain":0,"player_choice":"Trade","damage_taken":0,"relics_obtained":["SsserpentHead"],"max_hp_gain":0,"max_hp_loss":0,"event_name":"FaceTrader","floor":8,"gold_loss":0},{"damage_healed":0,"gold_gain":0,"player_choice":"Inject Mutagens","damage_taken":0,"relics_obtained":["MutagenicStrength"],"max_hp_gain":0,"max_hp_loss":0,"event_name":"Drug Dealer","floor":20,"gold_loss":0},{"damage_healed":0,"gold_gain":0,"player_choice":"Obtained Relic","damage_taken":0,"relics_obtained":["Ornamental Fan"],"max_hp_gain":0,"max_hp_loss":0,"event_name":"Addict","floor":21,"gold_loss":85}],"is_beta":false,"boss_relics":[{"not_picked":["Tiny House","Busted Crown"],"picked":"Black Star"}],"items_purged_floors":[22],"is_endless":false,"potions_floor_spawned":[1,4,5,11,14,16,18],"killed_by":"Centurion and Healer","ascension_level":0}