{"gold_per_floor":[114,132,151,166,176,176,137,137,137,147,162,162,13,23,23,128,128,146,146,61,77,92,92,92,92,115,129,31,31,31,41,41,41],"floor_reached":33,"playtime":2657,"items_purged":["Pain"],"score":241,"play_id":"e603fdda-c54e-47e6-9d7e-5be66c02e11d","local_time":"20190824080300","is_ascension_mode":false,"campfire_choices":[{"floor":6,"key":"REST"},{"floor":12,"key":"REST"},{"data":"Infernal Blade","floor":15,"key":"SMITH"},{"data":"Armaments","floor":23,"key":"SMITH"},{"data":"Feed","floor":25,"key":"SMITH"},{"data":"Infernal Blade","floor":32,"key":"SMITH"}],"neow_cost":"NONE","seed_source_timestamp":484273224728349,"circlet_count":0,"master_deck":["Strike_R","Strike_R","Strike_R","Strike_R","Strike_R","Defend_R","Defend_R","Defend_R","Defend_R","Rupture","Headbutt","Blood for Blood","Infernal Blade+1","Fire Breathing","Bludgeon","Cleave","Infernal Blade+1","Heavy Blade","Feed+1","Metallicize","Armaments+1","Seeing Red+1","Anger","Combust","Iron Wave"],"relics":["Burning Blood","WarpedTongs","Dodecahedron","Cursed Key","Omamori","Darkstone Periapt","Self Forming Clay","Bag of Marbles"],"potions_floor_usage":[4,5,16,21,22,33,33],"damage_taken":[{"damage":1,"enemies":"Cultist","floor":1,"turns":4},{"damage":2,"enemies":"Small Slimes","floor":2,"turns":5},{"damage":15,"enemies":"Jaw Worm","floor":3,"turns":4},{"damage":34,"enemies":"Gremlin Gang","floor":4,"turns":6},{"damage":15,"enemies":"2 Fungi Beasts","floor":5,"turns":4},{"damage":17,"enemies":"Looter","floor":10,"turns":4},{"damage":12,"enemies":"Blue Slaver","floor":11,"turns":3},{"damage":2,"enemies":"3 Louse","floor":14,"turns":3},{"damage":55,"enemies":"Hexaghost","floor":16,"turns":8},{"damage":5,"enemies":"Chosen","floor":18,"turns":3},{"damage":2,"enemies":"Spheric Guardian","floor":21,"turns":3},{"damage":0,"enemies":"Snecko","floor":22,"turns":4},{"damage":18,"enemies":"3 Cultists","floor":27,"turns":5},{"damage":21,"enemies":"Shelled Parasite and Fungi","floor":31,"turns":4},{"damage":79,"enemies":"Champ","floor":33,"turns":8}],"seed_played":"-3530430905923297748","potions_obtained":[{"floor":1,"key":"Poison Potion"},{"floor":3,"key":"LiquidBronze"},{"floor":10,"key":"FearPotion"},{"floor":14,"key":"Swift Potion"},{"floor":16,"key":"Ancient Potion"},{"floor":22,"key":"AttackPotion"},{"floor":31,"key":"Strength Potion"}],"is_trial":false,"path_per_floor":["M","M","M","M","M","R","?","?","T","M","M","R","$","M","R","B",null,"M","?","?","M","M","R","T","R","T","M","$","$","?","M","R","B"],"character_chosen":"IRONCLAD","items_purchased":["Infernal Blade","Anger","Combust"],"campfire_rested":2,"item_purchase_floors":[13,28,28],"current_hp_per_floor":[80,80,71,43,34,58,58,58,58,47,41,65,65,69,69,20,80,83,83,83,83,87,87,87,87,87,79,79,79,91,76,76,0],"gold":41,"neow_bonus":"REMOVE_CARD","is_prod":false,"is_daily":false,"chose_seed":false,"campfire_upgraded":4,"win_rate":0.0,"timestamp":1566604980,"path_taken":["M","M","M","M","?","R","?","?","T","M","?","R","$","M","R","BOSS","M","?","?","M","M","R","?","R","T","M","?","$","?","M","R","BOSS"],"build_version":"2019-07-17","purchased_purges":1,"victory":false,"max_hp_per_floor":[80,80,80,80,80,80,80,80,80,80,80,80,80,80,80,80,80,83,83,83,83,87,87,87,87,87,91,91,91,91,91,91,91],"card_choices":[{"not_picked":["Iron Wave","Warcry"],"picked":"Rupture","floor":1},{"not_picked":["True Grit","Twin Strike"],"picked":"Headbutt","floor":2},{"not_picked":["Pommel Strike","Burning Pact"],"picked":"Blood for Blood","floor":3},{"not_picked":["Warcry","Anger"],"picked":"Infernal Blade","floor":4},{"not_picked":["Sever Soul","Body Slam"],"picked":"Fire Breathing","floor":5},{"not_picked":["True Grit","Anger"],"picked":"Bludgeon","floor":10},{"not_picked":["Corruption","Blood for Blood"],"picked":"Cleave","floor":11},{"not_picked":["Sever Soul","Flame Barrier"],"picked":"Heavy Blade","floor":14},{"not_picked":["Demon Form","Impervious"],"picked":"Feed","floor":16},{"not_picked":["Iron Wave+1","Reckless Charge"],"picked":"Metallicize","floor":18},{"not_picked":["Cleave","Clash"],"picked":"Ghostly Armor+1","floor":21},{"not_picked":["Pummel","Iron Wave"],"picked":"Armaments","floor":22},{"not_picked":["Evolve+1","Body Slam"],"picked":"Seeing Red+1","floor":27},{"not_picked":["Anger+1","Immolate"],"picked":"Iron Wave","floor":31}],"player_experience":60846,"relics_obtained":[{"floor":9,"key":"Dodecahedron"},{"floor":24,"key":"Self Forming Clay"},{"floor":26,"key":"Bag of Marbles"}],"event_choices":[{"damage_healed":0,"gold_gain":0,"player_choice":"Left Gold","damage_taken":0,"max_hp_gain":0,"max_hp_loss":0,"event_name":"World of Goop","floor":7,"gold_loss":39},{"damage_healed":0,"gold_gain":0,"player_choice":"Rummage","damage_taken":0,"relics_obtained":["WarpedTongs"],"max_hp_gain":0,"max_hp_loss":0,"event_name":"Accursed Blacksmith","floor":8,"gold_loss":0,"cards_obtained":["Pain"]},{"damage_healed":0,"gold_gain":0,"player_choice":"Opened","damage_taken":0,"relics_obtained":["Omamori"],"max_hp_gain":0,"max_hp_loss":0,"event_name":"The Mausoleum","floor":19,"gold_loss":0},{"damage_healed":0,"gold_gain":0,"player_choice":"Obtained Relic","damage_taken":0,"relics_obtained":["Darkstone Periapt"],"max_hp_gain":0,"max_hp_loss":0,"event_name":"Addict","floor":20,"gold_loss":85},{"cards_removed":["Ghostly Armor"],"damage_healed":12,"gold_gain":0,"player_choice":"Offered Uncommon","damage_taken":0,"max_hp_gain":0,"max_hp_loss":0,"event_name":"Bonfire Elementals","floor":30,"gold_loss":0}],"is_beta":false,"boss_relics":[{"not_picked":["Fusion Hammer","Ectoplasm"],"picked":"Cursed Key"}],"items_purged_floors":[13],"is_endless":false,"potions_floor_spawned":[1,3,10,14,16,22,31],"killed_by":"Champ","ascension_level":0}