{"gold_per_floor":[112,287,287,301,315,346,346,346,346,61,61,92,110,138,138,259,259,275,290,3,3,3,31,47,75,75,75,93,93,93,93,93,189,189,205,218,230,184,197,197,227,239,239,273,273,303,303,323,323,323,323,323,0,31,31],"floor_reached":56,"playtime":8698,"items_purged":[],"score":1839,"play_id":"e94a6c79-7504-4222-9c66-1b525f23ebbb","local_time":"20190716224316","is_ascension_mode":true,"campfire_choices":[{"data":"Beam Cell","floor":8,"key":"SMITH"},{"data":"Conserve Battery","floor":11,"key":"SMITH"},{"floor":15,"key":"REST"},{"data":"1","floor":27,"key":"LIFT"},{"data":"2","floor":29,"key":"LIFT"},{"data":"3","floor":32,"key":"LIFT"},{"floor":40,"key":"DIG"},{"floor":45,"key":"REST"},{"floor":47,"key":"RECALL"},{"floor":49,"key":"DIG"},{"floor":52,"key":"DIG"}],"neow_cost":"CURSE","seed_source_timestamp":202103594334420,"circlet_count":0,"master_deck":["AscendersBane","Strike_B+1","Strike_B+1","Strike_B+1","Strike_B+1","Defend_B+1","Defend_B+1","Defend_B+1","Defend_B+1","Zap","Parasite","Beam Cell+1","Doubt","Conserve Battery+1","Consume","Auto Shields","Rip and Tear","Self Repair","Glacier","Reprogram","Reboot","Barrage","Reinforced Body","Apotheosis","Impatience","Hologram","Skim","Compile Driver","Go for the Eyes","Glacier+1","Sweeping Beam","Echo Form","Sweeping Beam+1","Stack","Ball Lightning","Cold Snap","Compile Driver","Hello World+1","Reprogram+1","FTL+1","Undo+1","Loop+1","Turbo","All For One"],"relics":["Cracked Core","Du-Vu Doll","FossilizedHelix","Blue Candle","Toolbox","Happy Flower","Boot","Fusion Hammer","Nloth\u0027s Gift","Girya","Smiling Mask","Shovel","Inserter","Frozen Egg 2","Sundial","Bottled Flame","Vajra","Bottled Lightning","Ornamental Fan","Bag of Preparation","Mango"],"potions_floor_usage":[6,6,6,23,24,28,33,41,42,46,50,55,55],"damage_taken":[{"damage":2,"enemies":"2 Louse","floor":1,"turns":2},{"damage":1,"enemies":"Cultist","floor":4,"turns":3},{"damage":0,"enemies":"Small Slimes","floor":5,"turns":2},{"damage":10,"enemies":"Gremlin Nob","floor":6,"turns":3},{"damage":20,"enemies":"Lagavulin","floor":12,"turns":5},{"damage":7,"enemies":"Gremlin Gang","floor":13,"turns":6},{"damage":9,"enemies":"3 Sentries","floor":14,"turns":9},{"damage":4,"enemies":"Slime Boss","floor":16,"turns":12},{"damage":5,"enemies":"Chosen","floor":18,"turns":5},{"damage":11,"enemies":"Spheric Guardian","floor":19,"turns":5},{"damage":7,"enemies":"Slavers","floor":23,"turns":5},{"damage":0,"enemies":"Centurion and Healer","floor":24,"turns":5},{"damage":0,"enemies":"Gremlin Leader","floor":25,"turns":7},{"damage":0,"enemies":"Cultist and Chosen","floor":28,"turns":6},{"damage":3,"enemies":"Champ","floor":33,"turns":10},{"damage":24,"enemies":"3 Darklings","floor":35,"turns":7},{"damage":0,"enemies":"3 Shapes","floor":36,"turns":5},{"damage":0,"enemies":"Sphere and 2 Shapes","floor":37,"turns":5},{"damage":16,"enemies":"Jaw Worm Horde","floor":39,"turns":5},{"damage":37,"enemies":"Giant Head","floor":41,"turns":9},{"damage":0,"enemies":"Maw","floor":42,"turns":5},{"damage":25,"enemies":"Reptomancer","floor":44,"turns":6},{"damage":15,"enemies":"Giant Head","floor":46,"turns":7},{"damage":0,"enemies":"Sphere and 2 Shapes","floor":48,"turns":5},{"damage":11,"enemies":"Awakened One","floor":50,"turns":9},{"damage":38,"enemies":"Shield and Spear","floor":54,"turns":5},{"damage":33,"enemies":"The Heart","floor":55,"turns":12}],"seed_played":"2600755219963821457","potions_obtained":[{"floor":1,"key":"Strength Potion"},{"floor":5,"key":"EntropicBrew"},{"floor":12,"key":"EssenceOfSteel"},{"floor":14,"key":"Block Potion"},{"floor":19,"key":"AttackPotion"},{"floor":23,"key":"SteroidPotion"},{"floor":24,"key":"FearPotion"},{"floor":28,"key":"SneckoOil"},{"floor":35,"key":"Regen Potion"},{"floor":42,"key":"SteroidPotion"},{"floor":44,"key":"FearPotion"},{"floor":46,"key":"PowerPotion"},{"floor":54,"key":"SpeedPotion"}],"is_trial":false,"path_per_floor":["M","?","?","M","M","E","?","R","T","$","R","E","M","E","R","B",null,"M","M","$","?","?","E","M","E","T","R","M","R","?","?","R","B",null,"M","M","M","$","M","R","E","M","T","E","R","E","R","M","R","B",null,"R","$","E","B",null],"character_chosen":"DEFECT","items_purchased":["Rip and Tear","Toolbox","Apotheosis","Impatience","Hologram","Cold Snap","Loop+1","Turbo","Bag of Preparation","SteroidPotion"],"campfire_rested":2,"item_purchase_floors":[10,10,20,20,20,38,53,53,53,53],"current_hp_per_floor":[66,66,71,70,70,60,60,60,60,60,60,40,40,38,62,65,76,78,74,74,74,74,74,80,80,80,80,80,80,80,80,80,80,80,63,77,77,77,68,68,38,60,60,42,66,61,61,68,68,67,77,77,77,53,30],"gold":31,"neow_bonus":"ONE_RARE_RELIC","is_prod":false,"is_daily":false,"chose_seed":false,"campfire_upgraded":2,"win_rate":0,"timestamp":1563331396,"path_taken":["M","?","?","M","M","E","?","R","T","$","R","E","?","E","R","BOSS","M","M","?","?","?","E","M","E","T","R","?","R","?","?","R","BOSS","M","?","M","$","M","R","E","M","T","E","R","E","R","M","R","BOSS","R","$","E","BOSS"],"build_version":"2019-07-05","purchased_purges":0,"victory":true,"max_hp_per_floor":[75,75,80,80,80,80,80,80,80,80,80,80,80,80,80,80,80,80,80,80,80,80,80,80,80,80,80,80,80,80,80,80,80,80,80,80,80,80,80,80,80,80,80,80,80,80,80,80,80,80,80,80,80,94,94],"card_choices":[{"not_picked":["Cold Snap","Rebound"],"picked":"Beam Cell","floor":1},{"not_picked":["Barrage","Stack"],"picked":"Conserve Battery","floor":4},{"not_picked":["Lockon","Barrage"],"picked":"Consume","floor":5},{"not_picked":["Loop","Force Field"],"picked":"Auto Shields","floor":6},{"not_picked":["Cold Snap","Glacier"],"picked":"Self Repair","floor":12},{"not_picked":["Meteor Strike","Ball Lightning"],"picked":"Glacier","floor":13},{"not_picked":["Defragment","Conserve Battery"],"picked":"Reprogram","floor":14},{"not_picked":["Multi-Cast","Fission"],"picked":"Reboot","floor":16},{"not_picked":["Turbo","Go for the Eyes"],"picked":"Barrage","floor":18},{"not_picked":["Beam Cell","Barrage"],"picked":"Reinforced Body","floor":19},{"not_picked":["Rainbow","Skim+1"],"picked":"Compile Driver","floor":23},{"not_picked":["Hologram","Genetic Algorithm"],"picked":"Go for the Eyes","floor":24},{"not_picked":["Steam","Consume"],"picked":"Glacier+1","floor":25},{"not_picked":["Chill","Storm+1"],"picked":"Sweeping Beam","floor":28},{"not_picked":["Amplify","Machine Learning"],"picked":"Echo Form","floor":33},{"not_picked":["Go for the Eyes","Gash+1"],"picked":"Sweeping Beam+1","floor":35},{"not_picked":["Scrape","Sweeping Beam"],"picked":"Stack","floor":36},{"not_picked":["Glacier","Darkness+1"],"picked":"Ball Lightning","floor":37},{"not_picked":["Sweeping Beam+1","Streamline+1"],"picked":"Compile Driver","floor":39},{"not_picked":["Heatsinks+1","Steam Power"],"picked":"Hello World+1","floor":41},{"not_picked":["Redo","Ball Lightning"],"picked":"Reprogram+1","floor":42},{"not_picked":["Sunder","Reboot","Leap"],"picked":"SKIP","floor":44},{"not_picked":["Compile Driver+1","White Noise+1"],"picked":"FTL+1","floor":46},{"not_picked":["Turbo","Reinforced Body"],"picked":"Undo+1","floor":48},{"not_picked":["Skim","Meteor Strike"],"picked":"All For One","floor":54}],"player_experience":248865,"relics_obtained":[{"floor":6,"key":"FossilizedHelix"},{"floor":9,"key":"Blue Candle"},{"floor":12,"key":"Happy Flower"},{"floor":14,"key":"Boot"},{"floor":23,"key":"Girya"},{"floor":25,"key":"Smiling Mask"},{"floor":26,"key":"Shovel"},{"floor":40,"key":"Frozen Egg 2"},{"floor":41,"key":"Sundial"},{"floor":44,"key":"Bottled Flame"},{"floor":46,"key":"Vajra"},{"floor":49,"key":"Bottled Lightning"},{"floor":52,"key":"Ornamental Fan"},{"floor":54,"key":"Mango"}],"event_choices":[{"damage_healed":0,"gold_gain":175,"player_choice":"AGREE","damage_taken":0,"max_hp_gain":0,"max_hp_loss":0,"event_name":"Liars Game","floor":2,"gold_loss":0,"cards_obtained":["Doubt"]},{"damage_healed":0,"gold_gain":0,"player_choice":"Donut","damage_taken":0,"max_hp_gain":5,"max_hp_loss":0,"event_name":"Big Fish","floor":3,"gold_loss":0},{"damage_healed":0,"gold_gain":0,"player_choice":"Trade","damage_taken":0,"relics_obtained":["GremlinMask"],"max_hp_gain":0,"max_hp_loss":0,"event_name":"FaceTrader","floor":7,"gold_loss":0},{"damage_healed":0,"gold_gain":0,"player_choice":"Read","damage_taken":0,"max_hp_gain":0,"max_hp_loss":0,"event_name":"The Library","floor":21,"gold_loss":0,"cards_obtained":["Skim"]},{"damage_healed":0,"gold_gain":0,"player_choice":"Traded Relic","damage_taken":0,"relics_obtained":["Nloth\u0027s Gift"],"max_hp_gain":0,"max_hp_loss":0,"event_name":"N\u0027loth","floor":22,"relics_lost":["GremlinMask"],"gold_loss":0},{"damage_healed":0,"gold_gain":0,"player_choice":"Simplicity","damage_taken":0,"max_hp_gain":0,"max_hp_loss":0,"event_name":"Back to Basics","floor":30,"gold_loss":0,"cards_upgraded":["Strike_B","Strike_B","Strike_B","Strike_B","Defend_B","Defend_B","Defend_B","Defend_B"]},{"cards_removed":["Dualcast"],"damage_healed":0,"gold_gain":0,"player_choice":"Offered Basic","damage_taken":0,"max_hp_gain":0,"max_hp_loss":0,"event_name":"Bonfire Elementals","floor":31,"gold_loss":0}],"is_beta":false,"boss_relics":[{"not_picked":["Empty Cage","Busted Crown"],"picked":"Fusion Hammer"},{"not_picked":["Runic Pyramid","Sozu"],"picked":"Inserter"}],"items_purged_floors":[],"is_endless":false,"potions_floor_spawned":[1,5,12,14,19,23,24,28,35,42,44,46,54],"ascension_level":11}