{"gold_per_floor":[111,111,123,88,88,118,68,68,68,102,52,52,62,127,127,127],"floor_reached":16,"playtime":1304,"items_purged":["Strike_B","Strike_B"],"score":282,"play_id":"fe2c64fa-b137-4c54-a064-1e4de00e19bb","local_time":"20190803222934","is_ascension_mode":true,"campfire_choices":[{"floor":8,"key":"REST"},{"floor":12,"key":"REST"},{"floor":15,"key":"REST"}],"neow_cost":"NONE","seed_source_timestamp":103793124505565,"circlet_count":0,"master_deck":["AscendersBane","Strike_B+1","Defend_B","Defend_B","Defend_B","Defend_B","Zap","Dualcast","Hologram+1","Streamline","Scrape","Recycle","Fusion","Self Repair"],"relics":["Snecko Eye","Smiling Mask","Bag of Marbles","Vajra","Tiny Chest"],"potions_floor_usage":[10,14],"damage_taken":[{"damage":9,"enemies":"Jaw Worm","floor":1,"turns":4},{"damage":4,"enemies":"2 Louse","floor":3,"turns":3},{"damage":20,"enemies":"3 Sentries","floor":6,"turns":7},{"damage":36,"enemies":"Gremlin Nob","floor":10,"turns":4},{"damage":0,"enemies":"Cultist","floor":13,"turns":2},{"damage":0,"enemies":"Lagavulin","floor":14,"turns":4},{"damage":58,"enemies":"The Guardian","floor":16,"turns":9}],"seed_played":"3108826586341863275","potions_obtained":[{"floor":3,"key":"Strength Potion"},{"floor":10,"key":"Block Potion"}],"is_trial":false,"path_per_floor":["M","?","M","?","?","E","$","R","T","E","$","R","M","E","R","B"],"character_chosen":"DEFECT","items_purchased":[],"campfire_rested":3,"item_purchase_floors":[],"current_hp_per_floor":[55,34,30,47,47,27,27,48,48,12,12,33,33,33,54,0],"gold":127,"neow_bonus":"BOSS_RELIC","is_prod":false,"is_daily":false,"chose_seed":false,"campfire_upgraded":0,"win_rate":0,"timestamp":1564885774,"path_taken":["M","?","M","?","?","E","$","R","T","E","?","R","?","E","R","BOSS"],"build_version":"2019-07-17","purchased_purges":2,"victory":false,"max_hp_per_floor":[71,71,71,71,71,71,71,71,71,71,71,71,71,71,71,71],"card_choices":[{"not_picked":["Go for the Eyes","Turbo"],"picked":"Hologram","floor":1},{"not_picked":["Blizzard","Turbo"],"picked":"Streamline","floor":3},{"not_picked":["Multi-Cast","Steam"],"picked":"Scrape","floor":6},{"not_picked":["Stack","Cold Snap"],"picked":"Recycle","floor":10},{"not_picked":["Rebound","BootSequence"],"picked":"Fusion","floor":13},{"not_picked":["Conserve Battery","Skim"],"picked":"Self Repair","floor":14}],"player_experience":354025,"relics_obtained":[{"floor":6,"key":"Smiling Mask"},{"floor":9,"key":"Bag of Marbles"},{"floor":10,"key":"Vajra"},{"floor":14,"key":"Tiny Chest"}],"event_choices":[{"damage_healed":0,"gold_gain":0,"player_choice":"Entered Light","damage_taken":21,"max_hp_gain":0,"max_hp_loss":0,"event_name":"Shining Light","floor":2,"gold_loss":0,"cards_upgraded":["Hologram","Strike_B"]},{"damage_healed":17,"gold_gain":0,"player_choice":"Healed","damage_taken":0,"max_hp_gain":0,"max_hp_loss":0,"event_name":"The Cleric","floor":4,"gold_loss":35},{"cards_removed":["Strike_B"],"damage_healed":0,"gold_gain":0,"player_choice":"Forget","damage_taken":0,"max_hp_gain":0,"max_hp_loss":0,"event_name":"Living Wall","floor":5,"gold_loss":0}],"is_beta":false,"boss_relics":[],"items_purged_floors":[7,11],"is_endless":false,"potions_floor_spawned":[3,10],"killed_by":"The Guardian","ascension_level":20}