{"gold_per_floor":[110,124,135,155,170,170,183,183,183,33,55,69,69,84,84,185,185,198,214,225,244,257,257,272,272,272,272],"floor_reached":27,"playtime":1596,"items_purged":[],"score":213,"play_id":"6319f060-27ea-4af8-85df-33c74de787e0","local_time":"20190826113304","is_ascension_mode":false,"campfire_choices":[{"data":"Blizzard","floor":6,"key":"SMITH"},{"data":"Dualcast","floor":8,"key":"SMITH"},{"data":"Seek","floor":13,"key":"SMITH"},{"data":"Zap","floor":15,"key":"SMITH"},{"floor":23,"key":"REST"},{"floor":25,"key":"REST"}],"neow_cost":"NONE","seed_source_timestamp":829390806178141,"circlet_count":0,"master_deck":["Strike_B","Strike_B","Strike_B","Defend_B","Defend_B","Zap+1","Dualcast+1","Blizzard+1","Cold Snap","Conserve Battery","Seek+1","Conserve Battery+1"],"relics":["Cracked Core","Pantograph","Ancient Tea Set","Odd Mushroom","Empty Cage","Gambling Chip"],"potions_floor_usage":[11,19,20,21],"damage_taken":[{"damage":1,"enemies":"Cultist","floor":1,"turns":3},{"damage":6,"enemies":"2 Louse","floor":2,"turns":3},{"damage":0,"enemies":"Small Slimes","floor":3,"turns":3},{"damage":0,"enemies":"2 Fungi Beasts","floor":4,"turns":3},{"damage":7,"enemies":"Blue Slaver","floor":5,"turns":3},{"damage":2,"enemies":"3 Louse","floor":7,"turns":2},{"damage":7,"enemies":"The Mushroom Lair","floor":11,"turns":3},{"damage":6,"enemies":"Red Slaver","floor":12,"turns":4},{"damage":0,"enemies":"Blue Slaver","floor":14,"turns":3},{"damage":38,"enemies":"Hexaghost","floor":16,"turns":12},{"damage":8,"enemies":"Shell Parasite","floor":18,"turns":7},{"damage":9,"enemies":"2 Thieves","floor":19,"turns":3},{"damage":22,"enemies":"Snake Plant","floor":20,"turns":7},{"damage":19,"enemies":"Centurion and Healer","floor":21,"turns":8},{"damage":19,"enemies":"Chosen and Byrds","floor":22,"turns":7},{"damage":26,"enemies":"Snake Plant","floor":24,"turns":6},{"damage":0,"enemies":"Masked Bandits","floor":27,"turns":1}],"seed_played":"-1031797053757204543","potions_obtained":[{"floor":2,"key":"Poison Potion"},{"floor":3,"key":"SteroidPotion"},{"floor":12,"key":"EssenceOfSteel"},{"floor":14,"key":"AttackPotion"},{"floor":16,"key":"Regen Potion"},{"floor":18,"key":"Explosive Potion"},{"floor":22,"key":"Poison Potion"},{"floor":24,"key":"FearPotion"}],"is_trial":false,"path_per_floor":["M","M","M","M","M","R","M","R","T","$","?","M","R","M","R","B",null,"M","M","M","M","M","R","M","R","T","?"],"character_chosen":"DEFECT","items_purchased":["Ancient Tea Set"],"campfire_rested":2,"item_purchase_floors":[10],"current_hp_per_floor":[74,68,68,68,61,61,59,59,59,59,52,46,46,46,46,33,75,67,58,51,32,13,35,9,31,31,31],"gold":272,"neow_bonus":"TRANSFORM_CARD","is_prod":false,"is_daily":false,"chose_seed":false,"campfire_upgraded":4,"win_rate":0,"timestamp":1566786784,"path_taken":["M","M","M","M","M","R","M","R","T","$","?","M","R","M","R","BOSS","M","M","M","M","M","R","M","R","T","?"],"build_version":"2019-07-05","purchased_purges":0,"victory":false,"max_hp_per_floor":[75,75,75,75,75,75,75,75,75,75,75,75,75,75,75,75,75,75,75,75,75,75,75,75,75,75,75],"card_choices":[{"not_picked":["Chill","Lockon"],"picked":"Cold Snap","floor":1},{"not_picked":["Barrage","Sunder"],"picked":"Conserve Battery","floor":2},{"not_picked":["Steam","Beam Cell","Rebound"],"picked":"SKIP","floor":3},{"not_picked":["Rip and Tear","Sunder","Sweeping Beam"],"picked":"SKIP","floor":4},{"not_picked":["Undo","Redo","Barrage"],"picked":"SKIP","floor":5},{"not_picked":["Compile Driver","Doom and Gloom","Redo"],"picked":"SKIP","floor":7},{"not_picked":["Fusion","Steam"],"picked":"Seek","floor":12},{"not_picked":["Steam","Conserve Battery","Turbo"],"picked":"SKIP","floor":14},{"not_picked":["Darkness","Steam","Barrage+1"],"picked":"SKIP","floor":18},{"not_picked":["Hologram","Ball Lightning+1"],"picked":"Conserve Battery+1","floor":19},{"not_picked":["Streamline","Beam Cell","Steam+1"],"picked":"SKIP","floor":20},{"not_picked":["Ball Lightning","Storm","Hologram+1"],"picked":"SKIP","floor":21},{"not_picked":["Stack+1","Storm+1","Streamline"],"picked":"SKIP","floor":22},{"not_picked":["Gash","Barrage","Hologram"],"picked":"SKIP","floor":24}],"player_experience":598314,"relics_obtained":[{"floor":9,"key":"Pantograph"},{"floor":11,"key":"Odd Mushroom"},{"floor":26,"key":"Gambling Chip"}],"event_choices":[{"damage_healed":0,"gold_gain":0,"player_choice":"Fought Mushrooms","damage_taken":0,"max_hp_gain":0,"max_hp_loss":0,"event_name":"Mushrooms","floor":11,"gold_loss":0},{"damage_healed":0,"gold_gain":0,"player_choice":"Fought Bandits","damage_taken":0,"max_hp_gain":0,"max_hp_loss":0,"event_name":"Masked Bandits","floor":27,"gold_loss":0}],"is_beta":false,"boss_relics":[{"not_picked":["Ectoplasm","Sozu"],"picked":"Empty Cage"}],"items_purged_floors":[],"is_endless":false,"potions_floor_spawned":[2,3,12,14,16,18,22,24],"killed_by":"Masked Bandits","ascension_level":0}