{"gold_per_floor":[112,91,102,117,117,117,136,136,136,136,146,146,224,276,276,397,397,413,431,431,444,444],"floor_reached":22,"playtime":5467,"items_purged":[],"score":226,"play_id":"e20b4138-6fcc-451a-93ee-5dd9e4d6e287","local_time":"20190824152319","is_ascension_mode":false,"campfire_choices":[{"data":"Perfected Strike","floor":6,"key":"SMITH"},{"floor":15,"key":"REST"}],"neow_cost":"NONE","seed_source_timestamp":805786769357300,"circlet_count":0,"master_deck":["Strike_R+1","Strike_R+1","Strike_R+1","Strike_R+1","Strike_R+1","Defend_R+1","Defend_R+1","Defend_R+1","Defend_R+1","Bash","Perfected Strike+1","Second Wind","Perfected Strike+1","Pommel Strike","Wild Strike","Pommel Strike","Impervious","Bloodletting+1","Wild Strike","Wild Strike"],"relics":["Burning Blood","Juzu Bracelet","Pear","CultistMask","Golden Idol","Gremlin Horn","Eternal Feather"],"potions_floor_usage":[11,22],"damage_taken":[{"damage":1,"enemies":"Cultist","floor":1,"turns":3},{"damage":0,"enemies":"Small Slimes","floor":3,"turns":3},{"damage":9,"enemies":"2 Louse","floor":4,"turns":3},{"damage":0,"enemies":"Large Slime","floor":7,"turns":4},{"damage":9,"enemies":"Gremlin Gang","floor":11,"turns":4},{"damage":47,"enemies":"Lagavulin Event","floor":13,"turns":6},{"damage":0,"enemies":"Slime Boss","floor":16,"turns":5},{"damage":48,"enemies":"3 Byrds","floor":18,"turns":5},{"damage":10,"enemies":"Spheric Guardian","floor":19,"turns":3},{"damage":40,"enemies":"Chosen and Byrds","floor":21,"turns":8},{"damage":12,"enemies":"Centurion and Healer","floor":22,"turns":3}],"seed_played":"-5617259432593946674","potions_obtained":[{"floor":7,"key":"Fire Potion"},{"floor":13,"key":"Swift Potion"},{"floor":16,"key":"SpeedPotion"}],"is_trial":false,"path_per_floor":["M","?","M","M","?","R","M","?","T","?","M","?","?","?","R","B",null,"M","M","?","M","M"],"character_chosen":"IRONCLAD","items_purchased":[],"campfire_rested":1,"item_purchase_floors":[],"current_hp_per_floor":[80,80,80,77,77,77,80,80,90,90,87,65,24,24,51,57,90,48,44,44,10,0],"gold":444,"neow_bonus":"RANDOM_COMMON_RELIC","is_prod":false,"is_daily":false,"chose_seed":false,"campfire_upgraded":1,"win_rate":0,"timestamp":1566685399,"path_taken":["M","?","M","M","?","R","M","?","T","?","M","?","?","?","R","BOSS","M","M","?","M","M"],"build_version":"2019-07-17","purchased_purges":0,"victory":false,"max_hp_per_floor":[80,80,80,80,80,80,80,80,90,90,90,90,90,90,90,90,90,90,90,90,90,90],"card_choices":[{"not_picked":["Armaments","Headbutt"],"picked":"Perfected Strike","floor":1},{"not_picked":["Headbutt","Armaments"],"picked":"Second Wind","floor":3},{"not_picked":["Cleave","Armaments"],"picked":"Perfected Strike","floor":4},{"not_picked":["Double Tap","Flame Barrier"],"picked":"Pommel Strike","floor":7},{"not_picked":["Burning Pact","Dropkick"],"picked":"Wild Strike","floor":11},{"not_picked":["Dual Wield","Shrug It Off"],"picked":"Pommel Strike","floor":13},{"not_picked":["Brutality","Demon Form"],"picked":"Impervious","floor":16},{"not_picked":["Shrug It Off","Headbutt"],"picked":"Bloodletting+1","floor":18},{"not_picked":["Clash+1","Flex"],"picked":"Wild Strike","floor":19},{"not_picked":["Thunderclap","Reckless Charge"],"picked":"Wild Strike","floor":21}],"player_experience":56586,"relics_obtained":[{"floor":9,"key":"Pear"}],"event_choices":[{"damage_healed":0,"gold_gain":0,"player_choice":"Left Gold","damage_taken":0,"max_hp_gain":0,"max_hp_loss":0,"event_name":"World of Goop","floor":2,"gold_loss":21},{"damage_healed":0,"gold_gain":0,"player_choice":"Grow","damage_taken":0,"max_hp_gain":0,"max_hp_loss":0,"event_name":"Living Wall","floor":5,"gold_loss":0,"cards_upgraded":["Perfected Strike"]},{"damage_healed":0,"gold_gain":0,"player_choice":"Ignored","damage_taken":0,"max_hp_gain":0,"max_hp_loss":0,"event_name":"Liars Game","floor":8,"gold_loss":0},{"damage_healed":0,"gold_gain":0,"player_choice":"Trade","damage_taken":0,"relics_obtained":["CultistMask"],"max_hp_gain":0,"max_hp_loss":0,"event_name":"FaceTrader","floor":10,"gold_loss":0},{"damage_healed":0,"gold_gain":0,"player_choice":"Take Damage","damage_taken":22,"relics_obtained":["Golden Idol"],"max_hp_gain":0,"max_hp_loss":0,"event_name":"Golden Idol","floor":12,"gold_loss":0},{"damage_healed":0,"gold_gain":0,"player_choice":"Searched \u00272\u0027 times","damage_taken":0,"relics_obtained":["Gremlin Horn"],"max_hp_gain":0,"max_hp_loss":0,"event_name":"Dead Adventurer","floor":13,"gold_loss":0},{"damage_healed":0,"gold_gain":52,"player_choice":"Gained Gold","damage_taken":0,"max_hp_gain":0,"max_hp_loss":0,"event_name":"Golden Wing","floor":14,"gold_loss":0},{"damage_healed":0,"gold_gain":0,"player_choice":"Simplicity","damage_taken":0,"max_hp_gain":0,"max_hp_loss":0,"event_name":"Back to Basics","floor":20,"gold_loss":0,"cards_upgraded":["Strike_R","Strike_R","Strike_R","Strike_R","Strike_R","Defend_R","Defend_R","Defend_R","Defend_R"]}],"is_beta":false,"boss_relics":[{"not_picked":["Lizard Tail","Coffee Dripper"],"picked":"Eternal Feather"}],"items_purged_floors":[],"is_endless":false,"potions_floor_spawned":[7,13,16],"killed_by":"Centurion and Healer","ascension_level":0}