{"gold_per_floor":[117,137,156,156,174,174,204,204,204,214,289,300,316,336,336,433,433,446,446,476,204,204,204,204,214,214,234,234,245,245,271,271,375,375,385,400,415,415,427,427,649,649,672,687,705,705,724,736,736,736],"floor_reached":51,"playtime":2649,"items_purged":["Conserve Battery"],"score":700,"play_id":"c548bdf1-ec1b-43aa-9594-0995c327572c","local_time":"20190815101200","daily_mods":["SealedDeck"],"is_ascension_mode":false,"campfire_choices":[{"data":"Defragment","floor":6,"key":"SMITH"},{"data":"Tempest","floor":8,"key":"SMITH"},{"data":"Multi-Cast","floor":15,"key":"SMITH"},{"data":"Double Energy","floor":23,"key":"SMITH"},{"data":"Reinforced Body","floor":28,"key":"SMITH"},{"data":"Seek","floor":30,"key":"SMITH"},{"floor":32,"key":"DIG"},{"floor":40,"key":"DIG"},{"floor":42,"key":"DIG"},{"floor":46,"key":"DIG"},{"floor":49,"key":"DIG"}],"neow_cost":"","seed_source_timestamp":2000175434482367,"circlet_count":0,"master_deck":["Tempest+1","Reprogram","Conserve Battery","Conserve Battery","Double Energy+1","Genetic Algorithm","Defragment+1","Multi-Cast+1","Capacitor","Seek+1","Reinforced Body+1","Electrodynamics","Ball Lightning+1"],"relics":["Cracked Core","Whetstone","Kunai","White Beast Statue","Red Mask","Chemical X","MutagenicStrength","Singing Bowl","Shovel","Torii","Nuclear Battery","Meat on the Bone","Pocketwatch","Strawberry","Omamori","Sundial"],"potions_floor_usage":[16,16,20,31,33,50,50,50],"damage_taken":[{"damage":0,"enemies":"2 Louse","floor":1,"turns":2},{"damage":0,"enemies":"Cultist","floor":2,"turns":3},{"damage":0,"enemies":"Jaw Worm","floor":3,"turns":2},{"damage":2,"enemies":"2 Fungi Beasts","floor":5,"turns":4},{"damage":35,"enemies":"3 Sentries","floor":7,"turns":8},{"damage":0,"enemies":"3 Louse","floor":10,"turns":2},{"damage":5,"enemies":"Blue Slaver","floor":12,"turns":4},{"damage":0,"enemies":"2 Fungi Beasts","floor":13,"turns":2},{"damage":0,"enemies":"Red Slaver","floor":14,"turns":2},{"damage":26,"enemies":"Hexaghost","floor":16,"turns":8},{"damage":0,"enemies":"Shell Parasite","floor":18,"turns":4},{"damage":10,"enemies":"Masked Bandits","floor":20,"turns":2},{"damage":0,"enemies":"3 Byrds","floor":25,"turns":1},{"damage":15,"enemies":"Snake Plant","floor":27,"turns":3},{"damage":0,"enemies":"Chosen and Byrds","floor":29,"turns":2},{"damage":18,"enemies":"Gremlin Leader","floor":31,"turns":3},{"damage":11,"enemies":"Automaton","floor":33,"turns":6},{"damage":0,"enemies":"3 Shapes","floor":35,"turns":1},{"damage":0,"enemies":"3 Darklings","floor":36,"turns":2},{"damage":0,"enemies":"Writhing Mass","floor":37,"turns":3},{"damage":0,"enemies":"4 Shapes","floor":39,"turns":2},{"damage":0,"enemies":"Transient","floor":44,"turns":5},{"damage":12,"enemies":"3 Darklings","floor":45,"turns":2},{"damage":0,"enemies":"Jaw Worm Horde","floor":47,"turns":2},{"damage":0,"enemies":"Sphere and 2 Shapes","floor":48,"turns":3},{"damage":33,"enemies":"Donu and Deca","floor":50,"turns":5}],"seed_played":"5956053184392872371","potions_obtained":[{"floor":1,"key":"Regen Potion"},{"floor":2,"key":"Dexterity Potion"},{"floor":10,"key":"AttackPotion"},{"floor":16,"key":"Poison Potion"},{"floor":18,"key":"SpeedPotion"},{"floor":20,"key":"SpeedPotion"},{"floor":25,"key":"Ancient Potion"},{"floor":27,"key":"Regen Potion"},{"floor":31,"key":"Regen Potion"},{"floor":33,"key":"EssenceOfSteel"},{"floor":35,"key":"Swift Potion"},{"floor":37,"key":"PowerPotion"}],"is_trial":true,"path_per_floor":["M","M","M","?","M","R","E","R","T","M","?","M","M","M","R","B",null,"M","?","?","$","?","R","?","M","T","M","R","M","R","E","R","B",null,"M","M","M","?","M","R","?","R","T","M","M","R","M","M","R","B",null],"character_chosen":"DEFECT","items_purchased":["Chemical X"],"campfire_rested":0,"item_purchase_floors":[21],"current_hp_per_floor":[75,75,75,75,73,73,38,38,38,38,27,22,22,22,22,11,75,75,61,51,51,51,51,51,51,51,38,38,40,40,33,33,39,88,90,92,94,89,91,91,91,91,98,98,88,88,90,92,92,59],"gold":736,"neow_bonus":"","is_prod":false,"is_daily":false,"chose_seed":false,"campfire_upgraded":6,"win_rate":0,"timestamp":1565831520,"path_taken":["M","M","M","?","?","R","E","R","T","M","?","M","M","M","R","BOSS","M","?","?","$","?","R","?","?","T","M","R","M","R","E","R","BOSS","M","M","M","?","M","R","?","R","T","M","M","R","M","M","R","BOSS"],"build_version":"2019-07-05","purchased_purges":1,"victory":true,"max_hp_per_floor":[75,75,75,75,75,75,75,75,75,75,75,75,75,75,75,75,75,75,80,80,80,80,80,80,80,80,82,82,84,84,86,86,88,88,90,92,94,89,91,91,91,91,98,98,100,100,102,104,104,104],"card_choices":[{"not_picked":["Turbo","Lockon","Sunder"],"picked":"SKIP","floor":1},{"not_picked":["Ball Lightning","Conserve Battery","Barrage"],"picked":"SKIP","floor":2},{"not_picked":["Rebound","Beam Cell"],"picked":"Multi-Cast","floor":3},{"not_picked":["Leap","Self Repair"],"picked":"Capacitor","floor":5},{"not_picked":["Streamline","Gash","Hologram"],"picked":"SKIP","floor":7},{"not_picked":["Turbo","Conserve Battery","Doom and Gloom"],"picked":"SKIP","floor":10},{"not_picked":["Ball Lightning","FTL","Leap"],"picked":"SKIP","floor":12},{"not_picked":["Leap","Cold Snap"],"picked":"Seek","floor":13},{"not_picked":["Doom and Gloom","Static Discharge","Reinforced Body"],"picked":"SKIP","floor":14},{"not_picked":["Doom and Gloom","Static Discharge"],"picked":"Reinforced Body","floor":14},{"not_picked":["Hyperbeam","Biased Cognition"],"picked":"Electrodynamics","floor":16},{"not_picked":["Rebound","Doom and Gloom","Compile Driver"],"picked":"SKIP","floor":18},{"not_picked":["Gash","Beam Cell","Heatsinks"],"picked":"SKIP","floor":25},{"not_picked":["Steam Power","Stack","Leap"],"picked":"Singing Bowl","floor":27},{"not_picked":["Gash","Consume+1","Ball Lightning+1"],"picked":"Singing Bowl","floor":29},{"not_picked":["Buffer","Beam Cell+1","Ball Lightning"],"picked":"Singing Bowl","floor":31},{"not_picked":["Fission","Machine Learning","Amplify"],"picked":"Singing Bowl","floor":33},{"not_picked":["Turbo+1","Sweeping Beam+1","Compile Driver+1"],"picked":"Singing Bowl","floor":35},{"not_picked":["Chaos+1","Turbo+1","Gash+1"],"picked":"Singing Bowl","floor":36},{"not_picked":["Barrage","Leap","Storm"],"picked":"Singing Bowl","floor":37},{"not_picked":["Auto Shields","Capacitor","Compile Driver"],"picked":"Singing Bowl","floor":39},{"not_picked":["Redo","Go for the Eyes+1"],"picked":"Ball Lightning+1","floor":44},{"not_picked":["Leap+1","Amplify","Conserve Battery+1"],"picked":"Singing Bowl","floor":45},{"not_picked":["Rebound+1","Streamline+1","Turbo+1"],"picked":"Singing Bowl","floor":47},{"not_picked":["Beam Cell","Conserve Battery+1","Force Field+1"],"picked":"Singing Bowl","floor":48}],"player_experience":505968,"relics_obtained":[{"floor":7,"key":"Whetstone"},{"floor":9,"key":"Kunai"},{"floor":20,"key":"Red Mask"},{"floor":26,"key":"Singing Bowl"},{"floor":31,"key":"Shovel"},{"floor":32,"key":"Torii"},{"floor":40,"key":"Meat on the Bone"},{"floor":42,"key":"Pocketwatch"},{"floor":43,"key":"Strawberry"},{"floor":46,"key":"Omamori"},{"floor":49,"key":"Sundial"}],"event_choices":[{"cards_removed":["Streamline"],"damage_healed":0,"gold_gain":0,"player_choice":"Purged","damage_taken":0,"max_hp_gain":0,"max_hp_loss":0,"event_name":"Purifier","floor":4,"gold_loss":0},{"damage_healed":0,"gold_gain":75,"player_choice":"Gather Gold","damage_taken":11,"max_hp_gain":0,"max_hp_loss":0,"event_name":"World of Goop","floor":11,"gold_loss":0},{"damage_healed":0,"gold_gain":0,"player_choice":"Shed Blood","damage_taken":19,"max_hp_gain":5,"max_hp_loss":0,"event_name":"Forgotten Altar","floor":19,"gold_loss":0},{"damage_healed":0,"gold_gain":0,"player_choice":"Fought Bandits","damage_taken":0,"max_hp_gain":0,"max_hp_loss":0,"event_name":"Masked Bandits","floor":20,"gold_loss":0},{"damage_healed":0,"gold_gain":0,"player_choice":"Inject Mutagens","damage_taken":0,"relics_obtained":["MutagenicStrength"],"max_hp_gain":0,"max_hp_loss":0,"event_name":"Drug Dealer","floor":22,"gold_loss":0},{"cards_removed":["Conserve Battery"],"damage_healed":0,"gold_gain":0,"player_choice":"Purged","damage_taken":0,"max_hp_gain":0,"max_hp_loss":0,"event_name":"Purifier","floor":24,"gold_loss":0},{"damage_healed":0,"gold_gain":0,"player_choice":"Max HP","damage_taken":0,"max_hp_gain":0,"max_hp_loss":5,"event_name":"Winding Halls","floor":38,"gold_loss":0},{"damage_healed":0,"gold_gain":222,"player_choice":"Wore Mask","damage_taken":0,"max_hp_gain":0,"max_hp_loss":0,"event_name":"Tomb of Lord Red Mask","floor":41,"gold_loss":0}],"is_beta":false,"boss_relics":[{"not_picked":["Fusion Hammer","Sozu"],"picked":"White Beast Statue"},{"not_picked":["Tiny House","Velvet Choker"],"picked":"Nuclear Battery"}],"items_purged_floors":[21],"is_endless":false,"potions_floor_spawned":[1,2,10,16,18,20,25,27,29,31,33,35,36,37,39,44,45,47,48],"ascension_level":0}