{"path_per_floor":["M","M","M","M","M","R","M","M","T","M","R","M","M","M","R","B",null,"M","M","M","?","T","R"],"character_chosen":"THE_SILENT","items_purchased":[],"gold_per_floor":[116,134,149,164,182,182,200,211,291,302,302,316,326,342,342,442,442,461,473,490,490,570,570],"floor_reached":24,"campfire_rested":2,"playtime":1636,"current_hp_per_floor":[68,65,65,62,62,62,56,56,56,55,55,55,53,51,70,27,70,60,46,16,16,16,37],"items_purged":[],"gold":570,"score":198,"play_id":"9caac93a-eb31-4928-ba78-30ae4ba07586","is_prod":false,"is_daily":false,"is_ascension_mode":false,"campfire_upgraded":2,"path_taken":["M","M","M","M","M","R","M","M","T","M","R","M","M","M","R","BOSS","M","?","M","?","?","R","E"],"build_version":"2018-02-08-PROD1","purchased_purges":0,"victory":false,"master_deck":["Defend_G","Defend_G","Defend_G","Defend_G","Defend_G","Strike_G","Strike_G","Strike_G","Strike_G","Strike_G","Survivor","Neutralize","Prepared","Poisoned Stab","Acrobatics","Backflip","Phantasmal Killer+1","Bane","Dagger Spray+1","Escape Plan","Unload","Blur","Slice","Glass Knife","Noxious Fumes+1","Dash","Slice"],"max_hp_per_floor":[70,70,70,70,70,70,70,70,70,70,70,70,70,70,70,70,70,70,70,70,70,70,70],"relics":["Velvet Choker","Tiny Chest","Black Star","Pen Nib","Toolbox"],"card_choices":[{"not_picked":["Bane","Slice"],"picked":"Prepared"},{"not_picked":["Well Laid Plans","Predator"],"picked":"Poisoned Stab"},{"not_picked":["Well Laid Plans","Outmaneuver"],"picked":"Acrobatics"},{"not_picked":["Acrobatics","Sucker Punch"],"picked":"Backflip"},{"not_picked":["Dagger Throw","Slice"],"picked":"Phantasmal Killer"},{"not_picked":["Prepared","Heel Hook"],"picked":"Bane"},{"not_picked":["Cloak And Dagger","Masterful Stab"],"picked":"Dagger Spray"},{"not_picked":["PiercingWail","Crippling Poison"],"picked":"Escape Plan"},{"not_picked":["Underhanded Strike","Masterful Stab"],"picked":"Unload"},{"not_picked":["Flying Knee","Blade Dance"],"picked":"Blur"},{"not_picked":["Outmaneuver","Distraction"],"picked":"Slice"},{"not_picked":["Storm of Steel","Tactician"],"picked":"Glass Knife"},{"not_picked":["Skewer","Dagger Spray"],"picked":"Noxious Fumes"},{"not_picked":["Underhanded Strike","Well Laid Plans"],"picked":"Dash"},{"not_picked":["Cloak And Dagger","Flying Knee"],"picked":"Slice"}],"player_experience":75129,"potions_floor_usage":[16,16,24,24],"damage_taken":[{"damage":2,"enemies":"Blue Slaver","floor":1,"turns":5},{"damage":3,"enemies":"2 Louse","floor":2,"turns":3},{"damage":0,"enemies":"Small Slimes","floor":3,"turns":3},{"damage":3,"enemies":"Red Slaver","floor":4,"turns":3},{"damage":0,"enemies":"Exordium Wildlife","floor":5,"turns":4},{"damage":6,"enemies":"Lots of Slimes","floor":7,"turns":5},{"damage":0,"enemies":"Looter","floor":8,"turns":3},{"damage":1,"enemies":"Exordium Thugs","floor":10,"turns":3},{"damage":0,"enemies":"Red Slaver","floor":12,"turns":4},{"damage":2,"enemies":"Looter","floor":13,"turns":3},{"damage":2,"enemies":"Exordium Wildlife","floor":14,"turns":4},{"damage":58,"enemies":"Hexaghost","floor":16,"turns":11},{"damage":10,"enemies":"3 Byrds","floor":18,"turns":5},{"damage":14,"enemies":"Shell Parasite","floor":19,"turns":4},{"damage":30,"enemies":"Centurion and Healer","floor":20,"turns":7},{"damage":39,"enemies":"Slavers","floor":24,"turns":3}],"event_choices":[{"event_name":"The Mausoleum","player_choice":"Yes","floor":21,"damage_taken":0}],"boss_relics":[{"not_picked":["Eternal Feather","Philosopher\u0027s Stone"],"picked":"Black Star"}],"potions_floor_spawned":[2,3,4,7,10,13,20],"seed_played":"9030251299283675623","killed_by":"Slavers","ascension_level":0,"is_trial":false}