{"path_per_floor":["M","M","M","?","$","R","E","R","T","E","M","?","R","M","R","B",null,"M","$","M","M","?"],"character_chosen":"DEFECT","items_purchased":["Loop","Ball Lightning","Toxic Egg 2","Coolheaded"],"gold_per_floor":[113,132,152,152,74,74,101,101,101,136,151,151,151,168,168,273,273,292,5,21,37,37,37],"floor_reached":23,"campfire_rested":3,"playtime":1027,"item_purchase_floors":[5,5,19,19],"current_hp_per_floor":[47,46,38,38,38,60,51,73,73,43,43,43,43,43,75,31,75,54,54,54,30,30,0],"items_purged":[],"gold":37,"score":221,"play_id":"52bfb4b3-ffb4-4805-a4dd-511cb682c5a9","local_time":"20180609220547","is_prod":false,"is_daily":false,"chose_seed":false,"is_ascension_mode":true,"campfire_upgraded":1,"win_rate":0,"timestamp":1528574747,"campfire_choices":[{"floor":6,"key":"REST"},{"floor":8,"key":"REST"},{"data":"Static Discharge","floor":13,"key":"SMITH"},{"floor":15,"key":"REST"}],"path_taken":["M","M","M","?","$","R","E","R","T","E","?","?","R","M","R","BOSS","M","$","M","M","?","E"],"build_version":"2018-06-07v3","seed_source_timestamp":787366986479023,"purchased_purges":0,"victory":false,"master_deck":["Zap","Dualcast","Redo","Static Discharge+1","Cold Snap","Loop","Ball Lightning","Electrodynamics","Streamline","BootSequence","Sweeping Beam","Thunder Strike","FTL","Compile Driver","Hologram","Beam Cell","Tempest","Steam","Hologram","Rip and Tear+1","Coolheaded+1","Beam Cell","Ball Lightning"],"max_hp_per_floor":[75,75,75,75,75,75,75,75,75,75,75,75,75,75,75,75,75,75,75,75,75,75,75],"relics":["Cracked Core","Pen Nib","Centennial Puzzle","Regal Pillow","Pandora\u0027s Box","Toxic Egg 2"],"card_choices":[{"not_picked":["Stack","Steam"],"picked":"Redo","floor":1},{"not_picked":["Leap","Steam Power"],"picked":"Static Discharge","floor":2},{"not_picked":["Barrage","Chaos"],"picked":"Cold Snap","floor":3},{"not_picked":["Sweeping Beam","Coolheaded"],"picked":"Electrodynamics","floor":7},{"not_picked":["Steam","Reprogram"],"picked":"Streamline","floor":10},{"not_picked":["Beam Cell","Scrape"],"picked":"BootSequence","floor":11},{"not_picked":["Steam","Rebound"],"picked":"Sweeping Beam","floor":14},{"not_picked":["Seek","Electrodynamics"],"picked":"Thunder Strike","floor":16},{"not_picked":["Streamline","Ball Lightning"],"picked":"Rip and Tear+1","floor":18},{"not_picked":["Compile Driver","Sweeping Beam"],"picked":"Beam Cell","floor":20},{"not_picked":["Electrodynamics","Beam Cell"],"picked":"Ball Lightning","floor":21}],"player_experience":157594,"potions_floor_usage":[7,11,16,16,20,23],"damage_taken":[{"damage":28,"enemies":"Jaw Worm","floor":1,"turns":4},{"damage":1,"enemies":"Cultist","floor":2,"turns":3},{"damage":8,"enemies":"2 Louse","floor":3,"turns":3},{"damage":9,"enemies":"Lagavulin","floor":7,"turns":5},{"damage":30,"enemies":"Gremlin Nob","floor":10,"turns":3},{"damage":0,"enemies":"Gremlin Gang","floor":11,"turns":2},{"damage":0,"enemies":"Large Slime","floor":14,"turns":4},{"damage":44,"enemies":"Hexaghost","floor":16,"turns":6},{"damage":21,"enemies":"2 Thieves","floor":18,"turns":3},{"damage":0,"enemies":"3 Byrds","floor":20,"turns":2},{"damage":24,"enemies":"Snake Plant","floor":21,"turns":4},{"damage":34,"enemies":"Slavers","floor":23,"turns":2}],"relics_obtained":[{"floor":7,"key":"Pen Nib"},{"floor":9,"key":"Centennial Puzzle"},{"floor":10,"key":"Regal Pillow"}],"event_choices":[{"event_name":"Wheel of Change","player_choice":"Card Removal","floor":4,"damage_taken":0},{"event_name":"The Lab","player_choice":"Got Potions","floor":12,"damage_taken":0},{"event_name":"Cursed Tome","player_choice":"Ignored","floor":22,"damage_taken":0}],"boss_relics":[{"not_picked":["Velvet Choker","Cursed Key"],"picked":"Pandora\u0027s Box"}],"items_purged_floors":[],"potions_floor_spawned":[1,3,10,11,14,18],"seed_played":"-4177920055652526755","killed_by":"Slavers","ascension_level":2,"potions_obtained":[{"floor":1,"key":"SkillPotion"},{"floor":3,"key":"Dexterity Potion"},{"floor":10,"key":"Explosive Potion"},{"floor":11,"key":"EssenceOfSteel"},{"floor":12,"key":"GamblersBrew"},{"floor":18,"key":"PowerPotion"}],"is_trial":false}