{"path_per_floor":["M","M","M","M","?","R","M","?","T","R","M","R","E","T","R","B",null,"M","?","M","$","?","R","E","T","T","M"],"character_chosen":"THE_SILENT","items_purchased":["Molten Egg 2","Cloak And Dagger","Sucker Punch","Underhanded Strike","PiercingWail"],"gold_per_floor":[114,126,145,156,156,156,171,227,227,227,242,242,269,269,269,373,373,373,373,373,3,3,3,3,3,3,3],"floor_reached":28,"campfire_rested":4,"playtime":1531,"current_hp_per_floor":[70,63,63,58,44,65,58,28,28,49,48,69,49,49,49,42,70,59,46,49,49,49,71,12,19,19,9],"items_purged":[],"gold":3,"score":250,"play_id":"370c5cb3-f9cc-4573-bd03-4df47bee905a","is_prod":false,"is_daily":false,"is_ascension_mode":true,"campfire_upgraded":1,"path_taken":["M","M","M","M","?","R","M","?","T","R","M","R","E","?","R","BOSS","M","?","M","$","?","R","E","?","T","M","?"],"build_version":"2018-02-22-PROD1","purchased_purges":0,"victory":false,"master_deck":["Defend_G","Defend_G","Defend_G","Defend_G","Defend_G","Strike_G","Strike_G","Strike_G","Strike_G","Strike_G","Survivor+1","Neutralize","Infinite Blades+1","Riddle With Holes","Flying Knee","Setup+1","Cloak And Dagger+1","Bouncing Flask+1","PiercingWail","Footwork","Venomology","Riddle With Holes","Noxious Fumes","Cloak And Dagger","Sucker Punch+1","Underhanded Strike+1","PiercingWail","Bouncing Flask","Dagger Spray+1"],"max_hp_per_floor":[70,70,70,70,70,70,70,70,70,70,70,70,70,70,70,70,70,70,75,75,75,75,75,75,82,82,82],"relics":["Black Star","Pantograph","The Courier","Bag of Preparation","War Paint","Omamori","Ectoplasm","Molten Egg 2","Bottled Tornado","Bottled Flame","Strawberry","Ginger"],"card_choices":[{"not_picked":["Slice","Well Laid Plans"],"picked":"Infinite Blades"},{"not_picked":["Quick Slash","Malaise"],"picked":"Riddle With Holes"},{"not_picked":["Blur","PiercingWail"],"picked":"Flying Knee"},{"not_picked":["Sucker Punch","Flying Knee"],"picked":"Setup"},{"not_picked":["Sucker Punch","Outmaneuver"],"picked":"Cloak And Dagger"},{"not_picked":["Reflex","Flying Knee"],"picked":"Bouncing Flask"},{"not_picked":["Grand Finale","Outmaneuver"],"picked":"PiercingWail"},{"not_picked":["Endless Agony","Escape Plan"],"picked":"Footwork"},{"not_picked":["Storm of Steel","A Thousand Cuts"],"picked":"Venomology"},{"not_picked":["Sucker Punch","Outmaneuver"],"picked":"Riddle With Holes"},{"not_picked":["Catalyst","Cloak And Dagger"],"picked":"Noxious Fumes"},{"not_picked":["Backflip","Deflect"],"picked":"Bouncing Flask"},{"not_picked":["Sucker Punch","Grand Finale"],"picked":"Dagger Spray"}],"player_experience":102324,"potions_floor_usage":[8,8,13,20,24,27,28,28],"damage_taken":[{"damage":0,"enemies":"Jaw Worm","floor":1,"turns":6},{"damage":7,"enemies":"Small Slimes","floor":2,"turns":4},{"damage":0,"enemies":"2 Louse","floor":3,"turns":3},{"damage":5,"enemies":"2 Fungi Beasts","floor":4,"turns":4},{"damage":7,"enemies":"Blue Slaver","floor":7,"turns":4},{"damage":30,"enemies":"Lagavulin Event","floor":8,"turns":7},{"damage":1,"enemies":"Large Slime","floor":11,"turns":6},{"damage":20,"enemies":"Lagavulin","floor":13,"turns":5},{"damage":28,"enemies":"The Guardian","floor":16,"turns":10},{"damage":11,"enemies":"Spheric Guardian","floor":18,"turns":6},{"damage":3,"enemies":"Shell Parasite","floor":20,"turns":5},{"damage":59,"enemies":"Slavers","floor":24,"turns":6},{"damage":10,"enemies":"Sentry and Sphere","floor":27,"turns":6},{"damage":15,"enemies":"Slaver and Parasite","floor":28,"turns":1}],"event_choices":[{"event_name":"Shining Light","player_choice":"Entered Light","floor":5,"damage_taken":0},{"event_name":"Dead Adventurer","player_choice":"Searched \u00271\u0027 times","floor":8,"damage_taken":0},{"event_name":"Forgotten Altar","player_choice":"Shed Blood","floor":19,"damage_taken":0},{"event_name":"Drug Dealer","player_choice":"Ignored","floor":22,"damage_taken":0}],"boss_relics":[{"not_picked":["Velvet Choker","Orrery"],"picked":"Ectoplasm"}],"potions_floor_spawned":[3,4,8,11,13,24,27],"seed_played":"-5804405545380644914","killed_by":"Slaver and Parasite","ascension_level":1,"is_trial":false}