{"gold_per_floor":[118,118,23,37,137,154,154,170,170,186,186,206,206,5,5,110,110,127,143,143,68,68,68,79,89,89,89,107,123,123,123,123,123],"floor_reached":33,"playtime":3004,"items_purged":[],"score":239,"play_id":"73f39193-6863-4687-a079-aa578de5d1ee","local_time":"20190823165849","is_ascension_mode":false,"campfire_choices":[{"data":"Barrage","floor":7,"key":"SMITH"},{"data":"Buffer","floor":15,"key":"SMITH"},{"data":"Chaos","floor":23,"key":"SMITH"},{"data":"Redo","floor":27,"key":"SMITH"},{"floor":32,"key":"REST"}],"neow_cost":"NONE","seed_source_timestamp":727589039902400,"circlet_count":0,"master_deck":["Strike_B+1","Strike_B+1","Strike_B+1","Defend_B+1","Defend_B+1","Defend_B+1","Zap","Dualcast","Cold Snap+1","Darkness","Coolheaded","Compile Driver","Sweeping Beam","Barrage+1","Chaos+1","Buffer+1","Cold Snap","Redo+1","Biased Cognition","Conserve Battery+1","Reprogram+1","Coolheaded","Undo","RitualDagger","Sweeping Beam+1","Seek","Streamline+1","Barrage"],"relics":["Cracked Core","Mummified Hand","Gambling Chip","Whetstone","Astrolabe","Letter Opener","Gremlin Horn"],"potions_floor_usage":[12,16,29,33],"damage_taken":[{"damage":1,"enemies":"2 Louse","floor":1,"turns":4},{"damage":0,"enemies":"Cultist","floor":4,"turns":3},{"damage":4,"enemies":"Jaw Worm","floor":6,"turns":4},{"damage":10,"enemies":"3 Louse","floor":8,"turns":2},{"damage":14,"enemies":"Exordium Wildlife","floor":10,"turns":3},{"damage":11,"enemies":"Red Slaver","floor":12,"turns":3},{"damage":18,"enemies":"The Guardian","floor":16,"turns":12},{"damage":0,"enemies":"Spheric Guardian","floor":18,"turns":5},{"damage":8,"enemies":"2 Thieves","floor":19,"turns":5},{"damage":0,"enemies":"Snecko","floor":24,"turns":4},{"damage":0,"enemies":"Snake Plant","floor":25,"turns":5},{"damage":0,"enemies":"3 Cultists","floor":28,"turns":4},{"damage":0,"enemies":"Centurion and Healer","floor":29,"turns":5},{"damage":84,"enemies":"Champ","floor":33,"turns":17}],"seed_played":"-6431542811970834052","potions_obtained":[{"floor":6,"key":"LiquidBronze"},{"floor":8,"key":"Dexterity Potion"},{"floor":10,"key":"Regen Potion"},{"floor":16,"key":"Fire Potion"},{"floor":19,"key":"GamblersBrew"},{"floor":24,"key":"SpeedPotion"},{"floor":29,"key":"AttackPotion"}],"is_trial":false,"path_per_floor":["M","?","$","M","?","M","R","M","T","M","T","M","?","$","R","B",null,"M","M","T","?","?","R","M","M","T","R","M","M","?","?","R","B"],"character_chosen":"DEFECT","items_purchased":["Coolheaded","Compile Driver","Redo","Whetstone"],"campfire_rested":1,"item_purchase_floors":[3,3,14,14],"current_hp_per_floor":[74,74,74,74,74,70,70,60,60,46,46,44,62,62,62,44,72,72,64,64,64,58,58,58,58,58,58,58,58,58,58,72,0],"gold":123,"neow_bonus":"THREE_CARDS","is_prod":false,"is_daily":false,"chose_seed":false,"campfire_upgraded":4,"win_rate":0.0,"timestamp":1566604729,"path_taken":["M","?","$","M","?","M","R","M","T","?","?","M","?","?","R","BOSS","M","M","?","?","?","R","M","M","T","R","?","M","?","?","R","BOSS"],"build_version":"2019-07-17","purchased_purges":0,"victory":false,"max_hp_per_floor":[75,75,75,75,75,75,75,75,75,75,75,75,75,75,75,75,72,72,72,72,72,72,72,72,72,72,72,72,72,72,72,72,72],"card_choices":[{"not_picked":["Compile Driver","Reprogram"],"picked":"Cold Snap","floor":0},{"not_picked":["Beam Cell","Go for the Eyes"],"picked":"Darkness","floor":1},{"not_picked":["Double Energy","Tempest"],"picked":"Sweeping Beam","floor":4},{"not_picked":["Hologram","Steam"],"picked":"Barrage","floor":6},{"not_picked":["Undo","Coolheaded"],"picked":"Chaos","floor":8},{"not_picked":["BootSequence","Hello World"],"picked":"Buffer","floor":10},{"not_picked":["Rebound","Stack"],"picked":"Cold Snap","floor":12},{"not_picked":["Thunder Strike","Seek"],"picked":"Biased Cognition","floor":16},{"not_picked":["Force Field","Undo"],"picked":"Coolheaded","floor":18},{"not_picked":["Coolheaded","Rip and Tear"],"picked":"Undo","floor":19},{"not_picked":["Barrage","Tempest+1"],"picked":"Sweeping Beam+1","floor":24},{"not_picked":["Steam","Hologram"],"picked":"Seek","floor":25},{"not_picked":["Sweeping Beam","Compile Driver"],"picked":"Streamline+1","floor":28},{"not_picked":["Cold Snap","Heatsinks"],"picked":"Barrage","floor":29}],"player_experience":28409,"relics_obtained":[{"floor":9,"key":"Mummified Hand"},{"floor":11,"key":"Gambling Chip"},{"floor":20,"key":"Letter Opener"},{"floor":26,"key":"Gremlin Horn"}],"event_choices":[{"damage_healed":0,"gold_gain":0,"player_choice":"Ignored","damage_taken":0,"max_hp_gain":0,"max_hp_loss":0,"event_name":"Golden Wing","floor":2,"gold_loss":0},{"damage_healed":0,"gold_gain":100,"player_choice":"Pray","damage_taken":0,"max_hp_gain":0,"max_hp_loss":0,"event_name":"Golden Shrine","floor":5,"gold_loss":0},{"damage_healed":18,"gold_gain":0,"player_choice":"Healed and dodged fight","damage_taken":0,"max_hp_gain":0,"max_hp_loss":0,"event_name":"Mushrooms","floor":13,"gold_loss":0,"cards_obtained":["Parasite"]},{"cards_removed":["Shame"],"damage_healed":0,"gold_gain":0,"player_choice":"Gave Gold","damage_taken":0,"max_hp_gain":0,"max_hp_loss":0,"event_name":"Beggar","floor":21,"gold_loss":75},{"damage_healed":0,"gold_gain":0,"player_choice":"Joined the Cult","damage_taken":6,"max_hp_gain":0,"max_hp_loss":0,"event_name":"Nest","floor":22,"gold_loss":0,"cards_obtained":["RitualDagger"]},{"damage_healed":0,"gold_gain":0,"player_choice":"Ignored","damage_taken":0,"max_hp_gain":0,"max_hp_loss":0,"event_name":"Ghosts","floor":30,"gold_loss":0},{"damage_healed":0,"gold_gain":0,"player_choice":"Simplicity","damage_taken":0,"max_hp_gain":0,"max_hp_loss":0,"event_name":"Back to Basics","floor":31,"gold_loss":0,"cards_upgraded":["Strike_B","Strike_B","Defend_B","Defend_B","Defend_B"]}],"is_beta":false,"boss_relics":[{"not_picked":["Fusion Hammer","Runic Dome"],"picked":"Astrolabe"}],"items_purged_floors":[],"is_endless":false,"potions_floor_spawned":[6,8,10,16,19,24,29],"killed_by":"Champ","ascension_level":0}