{"gold_per_floor":[110,76,94,94,110,110,130,130,130,130,161,177,177,194,194,294,294,312,237,252,28,45,45,45],"floor_reached":24,"playtime":1666,"items_purged":["Strike_G","Strike_G"],"score":218,"play_id":"8e64b7da-cf86-4ff5-8d6f-e87e74e944b4","local_time":"20181229214252","is_ascension_mode":true,"campfire_choices":[{"data":"Neutralize","floor":6,"key":"SMITH"},{"data":"Acrobatics","floor":10,"key":"SMITH"},{"floor":13,"key":"REST"},{"data":"Survivor","floor":15,"key":"SMITH"},{"floor":23,"key":"REST"}],"neow_cost":"NONE","seed_source_timestamp":42381030972250,"circlet_count":0,"master_deck":["Defend_G","Defend_G","Defend_G","Defend_G","Defend_G","Strike_G","Survivor+1","Neutralize+1","Heel Hook","Infinite Blades","Flying Knee","Dash","Acrobatics+1","Flying Knee","Blade Dance","Acrobatics","Burst","Predator","Heel Hook","Prepared"],"relics":["Ring of the Snake","Boot","Letter Opener","Pantograph","Busted Crown"],"potions_floor_usage":[16,16],"damage_taken":[{"damage":1,"enemies":"Small Slimes","floor":1,"turns":4},{"damage":3,"enemies":"Jaw Worm","floor":3,"turns":4},{"damage":1,"enemies":"2 Louse","floor":5,"turns":2},{"damage":2,"enemies":"Lots of Slimes","floor":7,"turns":5},{"damage":10,"enemies":"Gremlin Nob","floor":11,"turns":5},{"damage":0,"enemies":"Blue Slaver","floor":12,"turns":3},{"damage":5,"enemies":"3 Louse","floor":14,"turns":3},{"damage":38,"enemies":"Slime Boss","floor":16,"turns":8},{"damage":8,"enemies":"3 Byrds","floor":18,"turns":5},{"damage":11,"enemies":"2 Thieves","floor":20,"turns":4},{"damage":20,"enemies":"Snake Plant","floor":22,"turns":6},{"damage":52,"enemies":"Gremlin Leader","floor":24,"turns":7}],"seed_played":"-2392928051746864339","potions_obtained":[{"floor":1,"key":"LiquidBronze"},{"floor":3,"key":"Block Potion"},{"floor":12,"key":"FearPotion"},{"floor":18,"key":"AttackPotion"},{"floor":20,"key":"Ancient Potion"}],"is_trial":false,"path_per_floor":["M","$","M","?","M","R","M","?","T","R","E","M","R","M","R","B",null,"M","$","M","$","M","R","E"],"character_chosen":"THE_SILENT","items_purchased":["Infinite Blades","Heel Hook","Prepared"],"campfire_rested":2,"item_purchase_floors":[2,21,21],"current_hp_per_floor":[69,69,66,66,65,65,63,56,56,56,46,46,67,62,62,32,70,62,62,51,51,31,52,0],"gold":45,"neow_bonus":"RANDOM_COMMON_RELIC","is_prod":false,"is_daily":false,"chose_seed":false,"campfire_upgraded":3,"win_rate":0,"timestamp":1546087372,"path_taken":["M","$","M","?","M","R","M","?","T","R","E","M","R","M","R","BOSS","M","$","M","$","M","R","E"],"build_version":"2018-12-20","purchased_purges":2,"victory":false,"max_hp_per_floor":[70,70,70,70,70,70,70,70,70,70,70,70,70,70,70,70,70,70,70,70,70,70,70,70],"card_choices":[{"not_picked":["Deflect","Flying Knee"],"picked":"Heel Hook","floor":1},{"not_picked":["Bane","Slice"],"picked":"Flying Knee","floor":3},{"not_picked":["Envenom","Dagger Spray"],"picked":"Dash","floor":5},{"not_picked":["Crippling Poison","Endless Agony"],"picked":"Acrobatics","floor":7},{"not_picked":["Slice","Burst"],"picked":"Flying Knee","floor":11},{"not_picked":["Dagger Spray","Outmaneuver"],"picked":"Blade Dance","floor":12},{"not_picked":["Underhanded Strike","Calculated Gamble"],"picked":"Acrobatics","floor":14},{"not_picked":["Bullet Time","Glass Knife"],"picked":"Burst","floor":16},{"not_picked":["Infinite Blades"],"picked":"SKIP","floor":18},{"not_picked":[],"picked":"Predator","floor":20},{"not_picked":["Tactician"],"picked":"SKIP","floor":22}],"player_experience":54164,"relics_obtained":[{"floor":9,"key":"Letter Opener"},{"floor":11,"key":"Pantograph"}],"event_choices":[{"cards_removed":["Strike_G"],"damage_healed":0,"gold_gain":0,"player_choice":"Forget","damage_taken":0,"max_hp_gain":0,"max_hp_loss":0,"event_name":"Living Wall","floor":4,"gold_loss":0},{"cards_removed":["Strike_G"],"damage_healed":0,"gold_gain":0,"player_choice":"Card Removal","damage_taken":7,"max_hp_gain":0,"max_hp_loss":0,"event_name":"Golden Wing","floor":8,"gold_loss":0}],"is_beta":false,"boss_relics":[{"not_picked":["Fusion Hammer","Runic Dome"],"picked":"Busted Crown"}],"items_purged_floors":[19,21],"is_endless":false,"potions_floor_spawned":[1,3,12,14,18,20],"killed_by":"Gremlin Leader","ascension_level":2}