{"gold_per_floor":[113,19,38,38,54,87,102,116,146,146],"floor_reached":10,"playtime":736,"items_purged":[],"score":70,"play_id":"39720b0d-9c9c-4543-98db-6559fd30bed2","local_time":"20190822165502","is_ascension_mode":false,"campfire_choices":[],"neow_cost":"NONE","seed_source_timestamp":643231998954400,"circlet_count":0,"master_deck":["Strike_B+1","Strike_B","Strike_B+1","Strike_B+1","Defend_B","Defend_B","Defend_B","Defend_B","Zap+1","Dualcast","Static Discharge","Fusion","Steam","Darkness","Cold Snap","Ball Lightning"],"relics":["Cracked Core","Lantern","Whetstone","Tiny Chest"],"potions_floor_usage":[],"damage_taken":[{"damage":0,"enemies":"2 Louse","floor":1,"turns":2},{"damage":1,"enemies":"Cultist","floor":3,"turns":3},{"damage":6,"enemies":"Jaw Worm","floor":5,"turns":3},{"damage":26,"enemies":"Lagavulin","floor":6,"turns":6},{"damage":10,"enemies":"3 Louse","floor":7,"turns":3},{"damage":16,"enemies":"Lots of Slimes","floor":8,"turns":5},{"damage":7,"enemies":"Exordium Wildlife","floor":10,"turns":1}],"seed_played":"-6941216130851382841","potions_obtained":[{"floor":5,"key":"PowerPotion"},{"floor":7,"key":"Poison Potion"},{"floor":8,"key":"FocusPotion"}],"is_trial":false,"path_per_floor":["M","?","M","?","M","E","M","M","T","M"],"character_chosen":"DEFECT","items_purchased":[],"campfire_rested":0,"item_purchase_floors":[],"current_hp_per_floor":[82,82,81,65,59,33,23,7,7,0],"gold":146,"neow_bonus":"TEN_PERCENT_HP_BONUS","is_prod":false,"is_daily":false,"chose_seed":false,"campfire_upgraded":0,"win_rate":0.0,"timestamp":1566518102,"path_taken":["M","?","?","?","M","E","M","M","T","M"],"build_version":"2019-07-17","purchased_purges":0,"victory":false,"max_hp_per_floor":[82,82,82,82,82,82,82,82,82,82],"card_choices":[{"not_picked":["Stack","Compile Driver"],"picked":"Static Discharge","floor":1},{"not_picked":["Compile Driver","Barrage"],"picked":"Fusion","floor":3},{"not_picked":["Rip and Tear","Gash"],"picked":"Steam","floor":5},{"not_picked":["Leap","Compile Driver"],"picked":"Darkness","floor":6},{"not_picked":["Barrage","Go for the Eyes"],"picked":"Cold Snap","floor":7},{"not_picked":["Steam","Double Energy"],"picked":"Ball Lightning","floor":8}],"player_experience":18302,"relics_obtained":[{"floor":6,"key":"Whetstone"},{"floor":9,"key":"Tiny Chest"}],"event_choices":[{"damage_healed":0,"gold_gain":0,"player_choice":"Paid Gold","damage_taken":0,"relics_obtained":["Lantern"],"max_hp_gain":0,"max_hp_loss":0,"event_name":"WeMeetAgain","floor":2,"gold_loss":94},{"damage_healed":0,"gold_gain":0,"player_choice":"Entered Light","damage_taken":16,"max_hp_gain":0,"max_hp_loss":0,"event_name":"Shining Light","floor":4,"gold_loss":0,"cards_upgraded":["Zap","Strike_B"]}],"is_beta":false,"boss_relics":[],"items_purged_floors":[],"is_endless":false,"potions_floor_spawned":[5,7,8],"killed_by":"Exordium Wildlife","ascension_level":0}