{"gold_per_floor":[118,118,118,118,136,163,178,197,197,197,214,232,232,266,266,370,370,386,485,465,189,206,206,88,105,129,149,149,149,64,84,84,84],"floor_reached":33,"playtime":1311,"items_purged":["Defend_R"],"score":411,"play_id":"03837f58-4584-4964-9b79-a4cd0603a842","local_time":"20190825201046","is_ascension_mode":true,"campfire_choices":[{"data":"Flex","floor":10,"key":"SMITH"},{"floor":13,"key":"REST"},{"data":"Heavy Blade","floor":15,"key":"SMITH"},{"floor":23,"key":"REST"},{"floor":28,"key":"REST"},{"floor":32,"key":"REST"}],"neow_cost":"NONE","seed_source_timestamp":900296025269300,"circlet_count":0,"master_deck":["AscendersBane","Strike_R","Strike_R","Defend_R","Defend_R","Defend_R","Bash","Clothesline","Headbutt","Flex+1","Heavy Blade+1","Anger","Shrug It Off","Twin Strike","Reaper","Flex+1","Heavy Blade+1","Thunderclap","Immolate","Shrug It Off","Bloodletting+1","Metallicize","Power Through"],"relics":["Burning Blood","Blood Vial","PreservedInsect","WingedGreaves","Pear","Pen Nib","Empty Cage","DollysMirror","Juzu Bracelet","Kunai","Smiling Mask"],"potions_floor_usage":[6,14,14,25,31,33],"damage_taken":[{"damage":2,"enemies":"Jaw Worm","floor":1,"turns":3},{"damage":6,"enemies":"Cultist","floor":5,"turns":4},{"damage":24,"enemies":"Gremlin Nob","floor":6,"turns":4},{"damage":2,"enemies":"2 Louse","floor":7,"turns":3},{"damage":13,"enemies":"Blue Slaver","floor":8,"turns":2},{"damage":17,"enemies":"Large Slime","floor":11,"turns":5},{"damage":6,"enemies":"Red Slaver","floor":12,"turns":3},{"damage":23,"enemies":"3 Sentries","floor":14,"turns":8},{"damage":58,"enemies":"Hexaghost","floor":16,"turns":9},{"damage":7,"enemies":"Chosen","floor":18,"turns":4},{"damage":22,"enemies":"2 Thieves","floor":22,"turns":4},{"damage":45,"enemies":"Centurion and Healer","floor":25,"turns":4},{"damage":25,"enemies":"Cultist and Chosen","floor":27,"turns":5},{"damage":29,"enemies":"Chosen and Byrds","floor":31,"turns":5},{"damage":95,"enemies":"Automaton","floor":33,"turns":8}],"seed_played":"-8385830689105834070","potions_obtained":[{"floor":5,"key":"Weak Potion"},{"floor":7,"key":"Dexterity Potion"},{"floor":12,"key":"SkillPotion"},{"floor":18,"key":"SkillPotion"},{"floor":20,"key":"PowerPotion"},{"floor":22,"key":"EssenceOfSteel"}],"is_trial":false,"path_per_floor":["M","?","?","?","M","E","M","M","T","R","M","M","R","E","R","B",null,"M","?","?","$","M","R","$","M","T","M","R","T","?","M","R","B"],"character_chosen":"IRONCLAD","items_purchased":["DollysMirror","Immolate","Shrug It Off"],"campfire_rested":4,"item_purchase_floors":[21,24,24],"current_hp_per_floor":[78,71,76,69,71,55,61,56,66,66,57,59,87,72,72,22,77,78,78,78,78,64,92,92,55,55,38,66,66,66,45,73,0],"gold":84,"neow_bonus":"RANDOM_COMMON_RELIC","is_prod":false,"is_daily":false,"chose_seed":false,"campfire_upgraded":2,"win_rate":0,"timestamp":1566731446,"path_taken":["M","?","?","?","M","E","M","M","T","R","?","M","R","E","R","BOSS","M","?","?","$","?","R","$","M","T","M","R","?","?","M","R","BOSS"],"build_version":"2019-07-17","purchased_purges":1,"victory":false,"max_hp_per_floor":[80,80,85,85,85,85,85,85,95,95,95,95,95,95,95,95,95,95,95,95,95,95,95,95,95,95,95,95,95,95,95,95,95],"card_choices":[{"not_picked":["Cleave","Burning Pact"],"picked":"Clothesline","floor":1},{"not_picked":["Rage","Searing Blow"],"picked":"Headbutt","floor":6},{"not_picked":["Headbutt","Body Slam"],"picked":"Flex","floor":7},{"not_picked":["Perfected Strike","Headbutt"],"picked":"Heavy Blade","floor":8},{"not_picked":["Juggernaut","Bloodletting"],"picked":"Anger","floor":11},{"not_picked":["Cleave","Flex"],"picked":"Shrug It Off","floor":12},{"not_picked":["Cleave","Corruption"],"picked":"Twin Strike","floor":14},{"not_picked":["Juggernaut","Berserk"],"picked":"Reaper","floor":16},{"not_picked":["Heavy Blade","Shrug It Off"],"picked":"Flex+1","floor":18},{"not_picked":["Reckless Charge+1","Searing Blow"],"picked":"Thunderclap","floor":22},{"not_picked":["Heavy Blade","Whirlwind"],"picked":"Bloodletting+1","floor":25},{"not_picked":["Thunderclap+1","Disarm"],"picked":"Metallicize","floor":27},{"not_picked":["Reckless Charge+1","Anger"],"picked":"Power Through","floor":31}],"player_experience":210302,"relics_obtained":[{"floor":6,"key":"WingedGreaves"},{"floor":9,"key":"Pear"},{"floor":14,"key":"Pen Nib"},{"floor":26,"key":"Juzu Bracelet"},{"floor":29,"key":"Kunai"}],"event_choices":[{"cards_removed":["Strike_R"],"damage_healed":0,"gold_gain":0,"player_choice":"Card Removal","damage_taken":7,"max_hp_gain":0,"max_hp_loss":0,"event_name":"Golden Wing","floor":2,"gold_loss":0},{"damage_healed":0,"gold_gain":0,"player_choice":"Donut","damage_taken":0,"max_hp_gain":5,"max_hp_loss":0,"event_name":"Big Fish","floor":3,"gold_loss":0},{"damage_healed":0,"gold_gain":0,"player_choice":"Success","damage_taken":7,"relics_obtained":["PreservedInsect"],"max_hp_gain":0,"max_hp_loss":0,"event_name":"Scrap Ooze","floor":4,"gold_loss":0},{"damage_healed":0,"gold_gain":99,"player_choice":"Stole From Cult","damage_taken":0,"max_hp_gain":0,"max_hp_loss":0,"event_name":"Nest","floor":19,"gold_loss":0},{"damage_healed":0,"gold_gain":0,"player_choice":"Bought 1 Potion","damage_taken":0,"max_hp_gain":0,"max_hp_loss":0,"event_name":"The Woman in Blue","floor":20,"gold_loss":0},{"damage_healed":0,"gold_gain":0,"player_choice":"Obtained Relic","damage_taken":0,"relics_obtained":["Smiling Mask"],"max_hp_gain":0,"max_hp_loss":0,"event_name":"Addict","floor":30,"gold_loss":85}],"is_beta":false,"boss_relics":[{"not_picked":["Tiny House","White Beast Statue"],"picked":"Empty Cage"}],"items_purged_floors":[21],"is_endless":false,"potions_floor_spawned":[5,7,12,18,22],"killed_by":"Automaton","ascension_level":10}