{"gold_per_floor":[116,126,126,138,138,168,343,343,343,412,412,432,467,479,479,479],"floor_reached":16,"playtime":612,"items_purged":[],"score":132,"play_id":"cdfbe4e7-62ff-4fe9-8706-90185c125853","local_time":"20181124135226","is_ascension_mode":true,"campfire_choices":[{"floor":8,"key":"REST"},{"data":"Thunderclap","floor":11,"key":"SMITH"},{"data":"Shrug It Off","floor":15,"key":"SMITH"}],"neow_cost":"NONE","seed_source_timestamp":567632931426819,"circlet_count":0,"master_deck":["Strike_R","Strike_R","Strike_R","Strike_R","Strike_R+1","Defend_R","Defend_R","Defend_R","Defend_R","Bash+1","Headbutt","Dropkick","Thunderclap+1","Juggernaut+1","Doubt","Shrug It Off+1","Iron Wave"],"relics":["Burning Blood","Anchor","Frozen Egg 2","Turnip","Shuriken","Kunai","Centennial Puzzle"],"potions_floor_usage":[6,13],"damage_taken":[{"damage":2,"enemies":"2 Louse","floor":1,"turns":2},{"damage":6,"enemies":"Cultist","floor":2,"turns":3},{"damage":2,"enemies":"Jaw Worm","floor":4,"turns":2},{"damage":23,"enemies":"3 Sentries","floor":6,"turns":7},{"damage":0,"enemies":"Large Slime","floor":12,"turns":3},{"damage":20,"enemies":"Lagavulin","floor":13,"turns":5},{"damage":0,"enemies":"Lots of Slimes","floor":14,"turns":3},{"damage":73,"enemies":"Hexaghost","floor":16,"turns":9}],"seed_played":"-2218816928573132172","potions_obtained":[{"floor":1,"key":"Block Potion"},{"floor":12,"key":"PowerPotion"}],"is_trial":false,"path_per_floor":["M","M","?","M","?","E","?","R","T","T","R","M","E","M","R","B"],"character_chosen":"IRONCLAD","items_purchased":[],"campfire_rested":1,"item_purchase_floors":[],"current_hp_per_floor":[80,80,64,68,65,48,48,72,72,72,72,78,64,70,70,0],"gold":479,"neow_bonus":"RANDOM_COMMON_RELIC","is_prod":false,"is_daily":false,"chose_seed":false,"campfire_upgraded":2,"win_rate":0,"timestamp":1543063946,"path_taken":["M","M","?","M","?","E","?","R","T","?","R","M","E","?","R","BOSS"],"build_version":"2018-11-15","purchased_purges":0,"victory":false,"max_hp_per_floor":[80,80,80,80,80,80,80,80,80,80,80,80,80,80,80,80],"card_choices":[{"not_picked":["Fire Breathing","Shrug It Off"],"picked":"Headbutt","floor":1},{"not_picked":["Cleave","Body Slam"],"picked":"Dropkick","floor":2},{"not_picked":["Clash","Flame Barrier"],"picked":"Thunderclap","floor":4},{"not_picked":["Dropkick","Clash"],"picked":"Juggernaut+1","floor":6},{"not_picked":["Sever Soul","Heavy Blade","Twin Strike"],"picked":"SKIP","floor":12},{"not_picked":["Cleave","Twin Strike"],"picked":"Shrug It Off","floor":13},{"not_picked":["True Grit","Anger"],"picked":"Iron Wave","floor":14}],"player_experience":306562,"relics_obtained":[{"floor":6,"key":"Turnip"},{"floor":9,"key":"Shuriken"},{"floor":10,"key":"Kunai"},{"floor":13,"key":"Centennial Puzzle"}],"event_choices":[{"damage_healed":0,"gold_gain":0,"player_choice":"Entered Light","damage_taken":16,"max_hp_gain":0,"max_hp_loss":0,"event_name":"Shining Light","floor":3,"gold_loss":0,"cards_upgraded":["Strike_R","Bash"]},{"damage_healed":0,"gold_gain":0,"player_choice":"Success","damage_taken":3,"relics_obtained":["Frozen Egg 2"],"max_hp_gain":0,"max_hp_loss":0,"event_name":"Scrap Ooze","floor":5,"gold_loss":0},{"damage_healed":0,"gold_gain":175,"player_choice":"AGREE","damage_taken":0,"max_hp_gain":0,"max_hp_loss":0,"event_name":"Liars Game","floor":7,"gold_loss":0,"cards_obtained":["Doubt"]}],"is_beta":false,"boss_relics":[],"items_purged_floors":[],"is_endless":false,"potions_floor_spawned":[1,12],"killed_by":"Hexaghost","ascension_level":4}