{"gold_per_floor":[117,67,67,67,77,77,88,88,113,142,152,184,195,184,184,284,284,298,213,33,33,45,45,56,56,56,56],"floor_reached":27,"playtime":2134,"items_purged":[],"score":245,"play_id":"3ac04824-eafe-47b4-8429-dacb186e6f3a","local_time":"20190822100047","is_ascension_mode":true,"campfire_choices":[{"floor":6,"key":"REST"},{"floor":8,"key":"RECALL"},{"floor":15,"key":"REST"},{"floor":23,"key":"REST"},{"floor":25,"key":"REST"}],"neow_cost":"PERCENT_DAMAGE","seed_source_timestamp":215626127610600,"circlet_count":0,"master_deck":["Strike_R","Strike_R","Strike_R","Strike_R","Strike_R","Defend_R","Defend_R","Defend_R","Bash+1","Forethought+1","Panacea+1","Clash","Battle Trance","Iron Wave","Disarm","Armaments","Demon Form","Wild Strike","Havoc","Limit Break+1","Shrug It Off","Anger","Pummel","Flex","Bloodletting+1","Inflame"],"relics":["Burning Blood","Blood Vial","Dodecahedron","Velvet Choker","Kunai","Regal Pillow"],"potions_floor_usage":[12,12,16,16,27],"damage_taken":[{"damage":9,"enemies":"2 Louse","floor":1,"turns":4},{"damage":2,"enemies":"Jaw Worm","floor":5,"turns":2},{"damage":8,"enemies":"Small Slimes","floor":7,"turns":2},{"damage":39,"enemies":"3 Sentries","floor":10,"turns":9},{"damage":13,"enemies":"Gremlin Gang","floor":11,"turns":4},{"damage":6,"enemies":"Lagavulin","floor":12,"turns":5},{"damage":10,"enemies":"Looter","floor":13,"turns":4},{"damage":13,"enemies":"Exordium Thugs","floor":14,"turns":4},{"damage":39,"enemies":"The Guardian","floor":16,"turns":8},{"damage":33,"enemies":"Shell Parasite","floor":18,"turns":6},{"damage":11,"enemies":"2 Thieves","floor":22,"turns":4},{"damage":35,"enemies":"Snake Plant","floor":24,"turns":4},{"damage":73,"enemies":"Gremlin Leader","floor":27,"turns":7}],"seed_played":"6182477895648661994","potions_obtained":[{"floor":1,"key":"Poison Potion"},{"floor":10,"key":"EssenceOfSteel"},{"floor":13,"key":"Energy Potion"},{"floor":14,"key":"SpeedPotion"},{"floor":22,"key":"Weak Potion"}],"is_trial":false,"path_per_floor":["M","?","?","?","M","R","M","R","T","E","M","E","M","M","R","B",null,"M","?","$","?","M","R","M","R","T","E"],"character_chosen":"IRONCLAD","items_purchased":["Anger","Pummel","Flex"],"campfire_rested":4,"item_purchase_floors":[20,20,20],"current_hp_per_floor":[53,53,37,37,41,65,63,63,63,30,25,27,25,20,44,13,80,53,53,53,53,50,74,47,71,71,0],"gold":56,"neow_bonus":"RANDOM_COLORLESS_2","is_prod":false,"is_daily":false,"chose_seed":false,"campfire_upgraded":0,"win_rate":0,"timestamp":1566493247,"path_taken":["M","?","?","?","?","R","M","R","T","E","?","E","M","M","R","BOSS","M","?","$","?","?","R","M","R","T","E"],"build_version":"2019-07-17","purchased_purges":0,"victory":false,"max_hp_per_floor":[80,80,80,80,80,80,80,80,80,80,80,80,80,80,80,80,80,80,80,80,80,80,80,80,80,80,80],"card_choices":[{"not_picked":["Armaments","Warcry"],"picked":"Clash","floor":1},{"not_picked":["Body Slam","Headbutt"],"picked":"Battle Trance","floor":5},{"not_picked":["Havoc","Warcry"],"picked":"Iron Wave","floor":7},{"not_picked":["Entrench","Sword Boomerang"],"picked":"Disarm","floor":10},{"not_picked":["Heavy Blade","Pommel Strike"],"picked":"Armaments","floor":11},{"not_picked":["Brutality","Flex"],"picked":"Demon Form","floor":12},{"not_picked":["Armaments","Dual Wield"],"picked":"Wild Strike","floor":13},{"not_picked":["Burning Pact","Second Wind"],"picked":"Havoc","floor":14},{"not_picked":["Juggernaut","Offering"],"picked":"Limit Break","floor":16},{"not_picked":["Iron Wave+1","Havoc"],"picked":"Shrug It Off","floor":18},{"not_picked":["Sentinel","Pommel Strike"],"picked":"Bloodletting+1","floor":22},{"not_picked":["Shockwave","Rampage"],"picked":"Inflame","floor":24}],"player_experience":58150,"relics_obtained":[{"floor":10,"key":"Blood Vial"},{"floor":12,"key":"Dodecahedron"},{"floor":26,"key":"Regal Pillow"}],"event_choices":[{"cards_removed":["Defend_R"],"damage_healed":0,"gold_gain":0,"player_choice":"Card Removal","damage_taken":0,"max_hp_gain":0,"max_hp_loss":0,"event_name":"The Cleric","floor":2,"gold_loss":50},{"damage_healed":0,"gold_gain":0,"player_choice":"Entered Light","damage_taken":16,"max_hp_gain":0,"max_hp_loss":0,"event_name":"Shining Light","floor":3,"gold_loss":0,"cards_upgraded":["Panacea","Forethought"]},{"damage_healed":0,"gold_gain":0,"player_choice":"Upgraded","damage_taken":0,"max_hp_gain":0,"max_hp_loss":0,"event_name":"Upgrade Shrine","floor":4,"gold_loss":0,"cards_upgraded":["Bash"]},{"damage_healed":0,"gold_gain":0,"player_choice":"Obtained Relic","damage_taken":0,"relics_obtained":["Kunai"],"max_hp_gain":0,"max_hp_loss":0,"event_name":"Addict","floor":19,"gold_loss":85},{"damage_healed":0,"gold_gain":0,"player_choice":"Upgraded","damage_taken":0,"max_hp_gain":0,"max_hp_loss":0,"event_name":"Upgrade Shrine","floor":21,"gold_loss":0,"cards_upgraded":["Limit Break"]}],"is_beta":false,"boss_relics":[{"not_picked":["Black Star","Tiny House"],"picked":"Velvet Choker"}],"items_purged_floors":[],"is_endless":false,"potions_floor_spawned":[1,10,13,14,22],"killed_by":"Gremlin Leader","ascension_level":2}