{"gold_per_floor":[119,135,147,147,160,191,23,23,46,72,72,104,119,145,145,223,223,242,242,242,275,288,288,313,326,326,14,14,26,43,61,61,134,184,196,245,245,264,46,46,73,88,88,88,101,112,144,87,87,87],"floor_reached":51,"playtime":2426,"items_purged":[],"score":1613,"play_id":"7fddbde1-6fe3-4d42-86ba-3cf667d322b6","local_time":"20190830130855","is_ascension_mode":true,"campfire_choices":[{"floor":8,"key":"REST"},{"data":"Armaments","floor":15,"key":"SMITH"},{"floor":23,"key":"REST"},{"data":"Perfected Strike","floor":28,"key":"SMITH"},{"floor":32,"key":"REST"},{"data":"Perfected Strike","floor":40,"key":"SMITH"},{"floor":49,"key":"REST"}],"neow_cost":"NONE","seed_source_timestamp":917812484952800,"circlet_count":0,"master_deck":["AscendersBane","Strike_R+1","Strike_R+1","Strike_R","Strike_R","Strike_R+1","Defend_R","Defend_R","Defend_R","Bash","Armaments+1","Perfected Strike+1","Evolve","Anger","Offering","Infernal Blade","Shrug It Off","Headbutt","Feed","Feed","Perfected Strike","Wild Strike","Blood for Blood+1","Wild Strike","Perfected Strike+1","Wild Strike","Shrug It Off","Perfected Strike","Twin Strike","Double Tap","Headbutt","Perfected Strike","Perfected Strike","Disarm","Perfected Strike+1","Shrug It Off","Twin Strike","Twin Strike","Warcry+1","Wild Strike"],"relics":["Burning Blood","PreservedInsect","Whetstone","Omamori","Blood Vial","Bag of Marbles","Bag of Preparation","Cursed Key","Red Mask","Potion Belt","Question Card","Vajra","Tiny House","Torii","DollysMirror","Orichalcum","Bottled Lightning","FossilizedHelix"],"potions_floor_usage":[6,10,16,16,33,33,36,41,45,45,50,50,50],"damage_taken":[{"damage":2,"enemies":"Jaw Worm","floor":1,"turns":5},{"damage":0,"enemies":"2 Louse","floor":2,"turns":5},{"damage":11,"enemies":"Small Slimes","floor":3,"turns":4},{"damage":17,"enemies":"Looter","floor":5,"turns":3},{"damage":30,"enemies":"Lagavulin","floor":6,"turns":5},{"damage":11,"enemies":"3 Sentries","floor":10,"turns":6},{"damage":6,"enemies":"Gremlin Nob","floor":12,"turns":2},{"damage":6,"enemies":"2 Fungi Beasts","floor":13,"turns":2},{"damage":26,"enemies":"Lagavulin","floor":14,"turns":4},{"damage":35,"enemies":"The Guardian","floor":16,"turns":12},{"damage":30,"enemies":"3 Byrds","floor":18,"turns":7},{"damage":8,"enemies":"Masked Bandits","floor":21,"turns":3},{"damage":6,"enemies":"Spheric Guardian","floor":22,"turns":3},{"damage":22,"enemies":"Slavers","floor":24,"turns":5},{"damage":21,"enemies":"Snake Plant","floor":25,"turns":3},{"damage":2,"enemies":"Centurion and Healer","floor":29,"turns":2},{"damage":6,"enemies":"Snecko","floor":30,"turns":2},{"damage":15,"enemies":"Snake Plant","floor":31,"turns":3},{"damage":66,"enemies":"Collector","floor":33,"turns":7},{"damage":19,"enemies":"3 Shapes","floor":35,"turns":2},{"damage":14,"enemies":"2 Orb Walkers","floor":36,"turns":2},{"damage":0,"enemies":"Orb Walker","floor":38,"turns":1},{"damage":46,"enemies":"Nemesis","floor":41,"turns":3},{"damage":0,"enemies":"Spire Growth","floor":42,"turns":2},{"damage":0,"enemies":"Transient","floor":45,"turns":6},{"damage":6,"enemies":"Maw","floor":46,"turns":4},{"damage":7,"enemies":"Giant Head","floor":47,"turns":3},{"damage":83,"enemies":"Time Eater","floor":50,"turns":8}],"seed_played":"-4390449777338428247","potions_obtained":[{"floor":2,"key":"Energy Potion"},{"floor":3,"key":"FearPotion"},{"floor":12,"key":"AttackPotion"},{"floor":14,"key":"Weak Potion"},{"floor":21,"key":"GamblersBrew"},{"floor":24,"key":"LiquidBronze"},{"floor":31,"key":"Weak Potion"},{"floor":33,"key":"Strength Potion"},{"floor":34,"key":"Swift Potion"},{"floor":36,"key":"SteroidPotion"},{"floor":41,"key":"FearPotion"},{"floor":45,"key":"Poison Potion"},{"floor":46,"key":"Swift Potion"}],"is_trial":false,"path_per_floor":["M","M","M","?","M","E","$","R","T","E","$","E","M","E","R","B",null,"M","?","?","?","M","R","E","M","T","$","R","M","M","M","R","B",null,"M","?","?","M","$","R","E","M","T","?","M","M","E","$","R","B",null],"character_chosen":"IRONCLAD","items_purchased":["Offering","Perfected Strike","Wild Strike","Vajra","Shrug It Off","DollysMirror","Wild Strike"],"campfire_rested":4,"item_purchase_floors":[7,27,27,27,27,39,48],"current_hp_per_floor":[72,75,70,70,59,35,35,57,57,52,52,54,56,38,38,11,59,45,45,45,52,54,81,70,60,60,60,60,66,68,61,89,31,85,80,77,77,85,85,85,47,55,55,55,63,65,66,66,99,24],"gold":87,"neow_bonus":"RANDOM_COMMON_RELIC","is_prod":false,"is_daily":false,"chose_seed":false,"campfire_upgraded":3,"win_rate":0,"timestamp":1567195735,"path_taken":["M","M","M","?","M","E","$","R","T","E","$","E","M","E","R","BOSS","M","?","?","?","M","R","E","M","T","$","R","M","M","M","R","BOSS","M","?","?","M","$","R","E","M","T","?","M","?","E","$","R","BOSS"],"build_version":"2019-07-17","purchased_purges":0,"victory":true,"max_hp_per_floor":[75,75,75,75,75,75,75,75,75,75,75,75,75,75,75,75,75,83,83,83,90,90,90,93,96,96,96,96,96,96,96,96,96,101,107,110,110,110,110,110,110,110,110,110,110,110,110,110,110,110],"card_choices":[{"not_picked":["Cleave","Spot Weakness"],"picked":"Armaments","floor":1},{"not_picked":["Corruption","Warcry"],"picked":"Perfected Strike","floor":2},{"not_picked":["Shrug It Off","Heavy Blade"],"picked":"Evolve","floor":3},{"not_picked":["Flex","Whirlwind","Clash"],"picked":"SKIP","floor":5},{"not_picked":["Blood for Blood","Carnage"],"picked":"Anger","floor":6},{"not_picked":["Limit Break","Havoc"],"picked":"Infernal Blade","floor":10},{"not_picked":["Searing Blow","True Grit"],"picked":"Shrug It Off","floor":12},{"not_picked":["True Grit","Pummel"],"picked":"Headbutt","floor":13},{"not_picked":["Exhume","Fire Breathing"],"picked":"Feed","floor":14},{"not_picked":["Limit Break","Barricade"],"picked":"Feed","floor":16},{"not_picked":["Armaments","Havoc","Clash"],"picked":"SKIP","floor":18},{"not_picked":["Twin Strike","Headbutt"],"picked":"Wild Strike","floor":22},{"not_picked":["Body Slam","Shrug It Off"],"picked":"Blood for Blood+1","floor":24},{"not_picked":["Thunderclap+1","Second Wind"],"picked":"Wild Strike","floor":25},{"not_picked":["Dual Wield","Carnage+1","Searing Blow+1"],"picked":"Perfected Strike","floor":29},{"not_picked":["Searing Blow","Clash+1","Blood for Blood","Corruption"],"picked":"SKIP","floor":30},{"not_picked":["Cleave","Rupture","Sword Boomerang"],"picked":"Twin Strike","floor":31},{"not_picked":["Bludgeon","Exhume","Juggernaut"],"picked":"Double Tap","floor":33},{"not_picked":["Clash","Thunderclap+1","Armaments"],"picked":"Headbutt","floor":34},{"not_picked":["Shrug It Off","Twin Strike","Whirlwind"],"picked":"Perfected Strike","floor":35},{"not_picked":["Rage","Pummel","Rampage"],"picked":"Perfected Strike","floor":36},{"not_picked":["Anger","Armaments+1","Clothesline"],"picked":"Disarm","floor":38},{"not_picked":["True Grit+1","Burning Pact","Iron Wave"],"picked":"Shrug It Off","floor":41},{"not_picked":["Clothesline","Warcry","Body Slam"],"picked":"Twin Strike","floor":42},{"not_picked":["Carnage","Hemokinesis+1","Limit Break","Cleave"],"picked":"SKIP","floor":45},{"not_picked":["Rupture","Sword Boomerang+1","Reckless Charge+1"],"picked":"Twin Strike","floor":46},{"not_picked":["Immolate","Body Slam","Whirlwind"],"picked":"Warcry+1","floor":47}],"player_experience":322202,"relics_obtained":[{"floor":6,"key":"Whetstone"},{"floor":9,"key":"Omamori"},{"floor":10,"key":"Blood Vial"},{"floor":12,"key":"Bag of Marbles"},{"floor":14,"key":"Bag of Preparation"},{"floor":21,"key":"Red Mask"},{"floor":24,"key":"Potion Belt"},{"floor":26,"key":"Question Card"},{"floor":36,"key":"Torii"},{"floor":41,"key":"Orichalcum"},{"floor":43,"key":"Bottled Lightning"},{"floor":47,"key":"FossilizedHelix"}],"event_choices":[{"damage_healed":0,"gold_gain":0,"player_choice":"Leave","damage_taken":0,"max_hp_gain":0,"max_hp_loss":0,"event_name":"The Cleric","floor":4,"gold_loss":0},{"damage_healed":0,"gold_gain":0,"player_choice":"Read","damage_taken":0,"max_hp_gain":0,"max_hp_loss":0,"event_name":"The Library","floor":19,"gold_loss":0,"cards_obtained":["Perfected Strike"]},{"damage_healed":0,"gold_gain":0,"player_choice":"Ignored","damage_taken":0,"max_hp_gain":0,"max_hp_loss":0,"event_name":"Ghosts","floor":20,"gold_loss":0},{"damage_healed":0,"gold_gain":0,"player_choice":"Fought Bandits","damage_taken":0,"max_hp_gain":0,"max_hp_loss":0,"event_name":"Masked Bandits","floor":21,"gold_loss":0},{"damage_healed":0,"gold_gain":0,"player_choice":"Fight","damage_taken":0,"max_hp_gain":0,"max_hp_loss":0,"event_name":"Mysterious Sphere","floor":36,"gold_loss":0},{"cards_removed":["Defend_R"],"damage_healed":0,"gold_gain":0,"player_choice":"Removed Skill","damage_taken":0,"max_hp_gain":0,"max_hp_loss":0,"event_name":"Falling","floor":37,"gold_loss":0},{"damage_healed":0,"gold_gain":0,"player_choice":"0 cards matched","damage_taken":0,"max_hp_gain":0,"max_hp_loss":0,"event_name":"Match and Keep!","floor":44,"gold_loss":0,"cards_obtained":[]}],"is_beta":false,"boss_relics":[{"not_picked":["Black Star","Sozu"],"picked":"Cursed Key"},{"not_picked":["Black Blood","Busted Crown"],"picked":"Tiny House"}],"items_purged_floors":[],"is_endless":false,"potions_floor_spawned":[2,3,5,12,14,21,24,31,33,36,41,45,46],"ascension_level":18}