{"gold_per_floor":[117,131,131,6,6,6,46,46,118,154,175,175,189,30,30,159,159,159,159,159,159,159,159,159,159,159,10,10],"floor_reached":28,"playtime":1518,"items_purged":["Strike_R"],"score":402,"play_id":"3369c34f-6c54-4ff6-8305-418c9af1a279","local_time":"20190826110845","is_ascension_mode":true,"campfire_choices":[{"data":"Seeing Red","floor":6,"key":"SMITH"},{"data":"Feel No Pain","floor":8,"key":"SMITH"},{"data":"Armaments","floor":12,"key":"SMITH"},{"floor":15,"key":"REST"},{"floor":23,"key":"REST"},{"floor":25,"key":"REST"}],"neow_cost":"NONE","seed_source_timestamp":565921514640100,"circlet_count":0,"master_deck":["AscendersBane","Strike_R+1","Strike_R","Strike_R","Strike_R+1","Defend_R","Defend_R","Defend_R","Defend_R","Bash+1","Headbutt+1","Seeing Red+1","Cleave","Feel No Pain+1","Berserk","Armaments+1","Anger","Seeing Red","Barricade","Iron Wave","Exhume","Pommel Strike","Power Through","Evolve","Metallicize+1","Anger","Pommel Strike"],"relics":["Burning Blood","NeowsBlessing","Golden Idol","Whetstone","Letter Opener","Prayer Wheel","Ectoplasm","MutagenicStrength","Centennial Puzzle","Oddly Smooth Stone"],"potions_floor_usage":[16,20,21,21,22],"damage_taken":[{"damage":0,"enemies":"Jaw Worm","floor":1,"turns":1},{"damage":0,"enemies":"2 Louse","floor":2,"turns":1},{"damage":0,"enemies":"Gremlin Nob","floor":7,"turns":1},{"damage":22,"enemies":"3 Sentries","floor":10,"turns":9},{"damage":2,"enemies":"Small Slimes","floor":11,"turns":3},{"damage":9,"enemies":"Looter","floor":13,"turns":3},{"damage":34,"enemies":"The Guardian","floor":16,"turns":9},{"damage":24,"enemies":"3 Byrds","floor":18,"turns":6},{"damage":9,"enemies":"Shell Parasite","floor":20,"turns":5},{"damage":31,"enemies":"Snecko","floor":21,"turns":6},{"damage":15,"enemies":"Sentry and Sphere","floor":22,"turns":7},{"damage":63,"enemies":"3 Cultists","floor":28,"turns":6}],"seed_played":"-7776833970254740489","potions_obtained":[{"floor":7,"key":"GamblersBrew"},{"floor":13,"key":"Strength Potion"},{"floor":16,"key":"Swift Potion"},{"floor":20,"key":"Swift Potion"},{"floor":21,"key":"Swift Potion"}],"is_trial":false,"path_per_floor":["M","M","?","$","?","R","E","R","T","E","M","R","M","$","R","B",null,"M","?","M","M","M","R","?","R","T","$","M"],"character_chosen":"IRONCLAD","items_purchased":["Cleave","Barricade","Iron Wave","Oddly Smooth Stone"],"campfire_rested":3,"item_purchase_floors":[4,14,14,27],"current_hp_per_floor":[78,80,64,64,44,44,50,50,50,34,38,38,35,35,59,31,68,50,50,47,22,13,37,37,61,61,61,0],"gold":10,"neow_bonus":"THREE_ENEMY_KILL","is_prod":false,"is_daily":false,"chose_seed":false,"campfire_upgraded":3,"win_rate":0,"timestamp":1566842925,"path_taken":["M","M","?","$","?","R","E","R","T","E","M","R","M","?","R","BOSS","M","?","M","M","M","R","?","R","T","?","?"],"build_version":"2019-07-17","purchased_purges":1,"victory":false,"max_hp_per_floor":[80,80,80,80,80,80,80,80,80,80,80,80,80,80,80,80,80,80,80,80,80,80,80,80,80,80,80,80],"card_choices":[{"not_picked":["Flex","Burning Pact"],"picked":"Headbutt","floor":1},{"not_picked":["Warcry","Clothesline"],"picked":"Seeing Red","floor":2},{"not_picked":["Heavy Blade","Uppercut"],"picked":"Feel No Pain","floor":7},{"not_picked":["Twin Strike","Headbutt","Hemokinesis"],"picked":"SKIP","floor":10},{"not_picked":["Sever Soul","Heavy Blade"],"picked":"Berserk","floor":11},{"not_picked":["Headbutt","Bloodletting"],"picked":"Armaments","floor":11},{"not_picked":["Pommel Strike","Searing Blow"],"picked":"Anger","floor":13},{"not_picked":["Shockwave","Twin Strike"],"picked":"Seeing Red","floor":13},{"not_picked":["Double Tap","Brutality"],"picked":"Exhume","floor":16},{"not_picked":["Corruption","Whirlwind"],"picked":"Pommel Strike","floor":18},{"not_picked":["Rupture","Flex","Wild Strike"],"picked":"SKIP","floor":18},{"not_picked":["Headbutt","Anger"],"picked":"Power Through","floor":20},{"not_picked":["Combust","Armaments"],"picked":"Evolve","floor":20},{"not_picked":["True Grit","Shockwave"],"picked":"Metallicize+1","floor":21},{"not_picked":["Iron Wave","Evolve"],"picked":"Anger","floor":21},{"not_picked":["Blood for Blood","Infernal Blade"],"picked":"Pommel Strike","floor":22},{"not_picked":["Heavy Blade","Sword Boomerang+1","Whirlwind"],"picked":"SKIP","floor":22}],"player_experience":190227,"relics_obtained":[{"floor":7,"key":"Whetstone"},{"floor":9,"key":"Letter Opener"},{"floor":10,"key":"Prayer Wheel"},{"floor":26,"key":"Centennial Puzzle"}],"event_choices":[{"damage_healed":0,"gold_gain":0,"player_choice":"Entered Light","damage_taken":16,"max_hp_gain":0,"max_hp_loss":0,"event_name":"Shining Light","floor":3,"gold_loss":0,"cards_upgraded":["Strike_R","Bash"]},{"damage_healed":0,"gold_gain":0,"player_choice":"Take Damage","damage_taken":20,"relics_obtained":["Golden Idol"],"max_hp_gain":0,"max_hp_loss":0,"event_name":"Golden Idol","floor":5,"gold_loss":0},{"damage_healed":0,"gold_gain":0,"player_choice":"Ignored","damage_taken":0,"max_hp_gain":0,"max_hp_loss":0,"event_name":"Vampires","floor":19,"gold_loss":0},{"damage_healed":0,"gold_gain":0,"player_choice":"Inject Mutagens","damage_taken":0,"relics_obtained":["MutagenicStrength"],"max_hp_gain":0,"max_hp_loss":0,"event_name":"Drug Dealer","floor":24,"gold_loss":0}],"is_beta":false,"boss_relics":[{"not_picked":["Velvet Choker","Black Star"],"picked":"Ectoplasm"}],"items_purged_floors":[4],"is_endless":false,"potions_floor_spawned":[7,13,16,20,21],"killed_by":"3 Cultists","ascension_level":12}