{"gold_per_floor":[109,109,109,109,127,162,162,202,252,252,252,252,296,320,320,441,441,459,459,158,158,158,158,158,177,177,177,177,191,191,214,214,344,344,358,379,349,349,82,98,133,133,133,0,0,25,25,25,25,25],"floor_reached":51,"playtime":2191,"items_purged":["Writhe"],"score":801,"play_id":"d74e31e1-7ed6-4b9d-a3cf-c7fd2d0588e3","local_time":"20180715194018","is_ascension_mode":true,"campfire_choices":[{"data":"Blood for Blood","floor":12.0,"key":"SMITH"},{"floor":15.0,"key":"REST"},{"data":"Limit Break","floor":23,"key":"SMITH"},{"floor":30,"key":"REST"},{"floor":32,"key":"REST"},{"floor":42,"key":"REST"},{"floor":47,"key":"REST"},{"floor":49,"key":"REST"}],"neow_cost":"NONE","seed_source_timestamp":0,"circlet_count":0,"master_deck":["Strike_R+1","Strike_R+1","Strike_R+1","Strike_R+1","Strike_R+1","Defend_R+1","Defend_R+1","Bash","Iron Wave","Clash","Inflame+1","Blood for Blood+1","Pommel Strike","Spot Weakness","Limit Break+1","Dual Wield","Rampage+1","Flex","Pommel Strike","Evolve+1","Juggernaut","Clash","Cleave+1","Flame Barrier","Armaments+1","Panache","Warcry+1"],"special_seed":0,"relics":["Burning Blood","Golden Idol","Pen Nib","Self Forming Clay","Bottled Lightning","Juzu Bracelet","Bag of Marbles","Mark of Pain","Boot","Blood Vial","Enchiridion","Dodecahedron","Torii","Fusion Hammer","Lee\u0027s Waffle","Pear","Molten Egg 2","Red Mask"],"potions_floor_usage":[18,31,33,35,40,41,46,50,50,50,50,50],"damage_taken":[{"damage":4.0,"enemies":"Jaw Worm","floor":1.0,"turns":4.0},{"damage":0.0,"enemies":"2 Louse","floor":5.0,"turns":3.0},{"damage":10.0,"enemies":"Gremlin Nob","floor":6.0,"turns":4.0},{"damage":23.0,"enemies":"Lagavulin","floor":8.0,"turns":5.0},{"damage":20.0,"enemies":"Gremlin Nob","floor":13.0,"turns":4.0},{"damage":0.0,"enemies":"Cultist","floor":14.0,"turns":1.0},{"damage":12.0,"enemies":"Slime Boss","floor":16.0,"turns":8.0},{"damage":24,"enemies":"3 Byrds","floor":18,"turns":4},{"damage":12,"enemies":"Chosen","floor":25,"turns":4},{"damage":31,"enemies":"Centurion and Healer","floor":29,"turns":4},{"damage":5,"enemies":"3 Cultists","floor":31,"turns":4},{"damage":23,"enemies":"Champ","floor":33,"turns":6},{"damage":9,"enemies":"Flame Bruiser 1 Orb","floor":35,"turns":3},{"damage":46,"enemies":"3 Darklings","floor":36,"turns":3},{"damage":11,"enemies":"Flame Bruiser 2 Orb","floor":40,"turns":4},{"damage":43,"enemies":"Giant Head","floor":41,"turns":6},{"damage":38,"enemies":"Maw","floor":46,"turns":7},{"damage":102,"enemies":"Time Eater","floor":50,"turns":10}],"seed_played":"1286337520707029802","potions_obtained":[{"floor":1.0,"key":"Regen Potion"},{"floor":5.0,"key":"Swift Potion"},{"floor":13.0,"key":"SpeedPotion"},{"floor":16.0,"key":"AttackPotion"},{"floor":29,"key":"PowerPotion"},{"floor":31,"key":"Explosive Potion"},{"floor":33,"key":"AttackPotion"},{"floor":37,"key":"LiquidBronze"},{"floor":37,"key":"SteroidPotion"},{"floor":40,"key":"Fruit Juice"},{"floor":41,"key":"Block Potion"},{"floor":46,"key":"EntropicBrew"}],"is_trial":false,"path_per_floor":["M","$","?","$","M","E","?","E","T","?","?","R","E","M","R","B",null,"M","?","$","?","T","R","?","M","T","?","?","M","R","M","R","B",null,"M","M","?","?","$","M","E","R","T","?","?","M","R","?","R","B"],"character_chosen":"IRONCLAD","items_purchased":["Boot","Blood Vial","Lee\u0027s Waffle"],"campfire_rested":6,"item_purchase_floors":[20,20,39],"current_hp_per_floor":[88,88,81,81,81,77,44,41,41,41,46,46,32,38,63,57,86,68,68,68,52,52,52,52,48,48,48,48,25,50,53,78,63,86,83,45,45,67,93,88,68,100,100,100,100,70,102,102,108,12],"gold":25,"neow_bonus":"TEN_PERCENT_HP_BONUS","is_prod":false,"is_daily":false,"chose_seed":false,"campfire_upgraded":2,"win_rate":0,"timestamp":1531676418,"path_taken":["M","$","?","?","?","E","?","E","T","?","?","R","E","M","R","BOSS","M","?","?","?","?","R","?","M","T","?","?","M","R","M","R","BOSS","M","M","?","?","$","M","E","R","T","?","?","M","R","?","R","BOSS"],"build_version":"2018-07-12","purchased_purges":1,"victory":true,"max_hp_per_floor":[88,88,81,81,81,81,81,81,81,81,86,86,86,86,86,86,86,86,86,86,86,86,86,86,86,86,86,86,86,86,86,86,86,86,86,86,86,86,93,93,108,108,108,108,108,108,108,108,108,108],"card_choices":[{"not_picked":["Evolve","Intimidate"],"picked":"Iron Wave","floor":1.0},{"not_picked":["Uppercut","Cleave"],"picked":"Clash","floor":5.0},{"not_picked":["Rage","Whirlwind"],"picked":"Inflame","floor":6.0},{"not_picked":["Bludgeon","Impervious"],"picked":"Blood for Blood","floor":8.0},{"not_picked":["Rage","Body Slam"],"picked":"Pommel Strike","floor":13.0},{"not_picked":["Burning Pact","Havoc"],"picked":"Spot Weakness","floor":14.0},{"not_picked":["Barricade","Offering"],"picked":"Limit Break","floor":16.0},{"not_picked":["Anger","Evolve+1"],"picked":"Dual Wield","floor":18},{"not_picked":["Feel No Pain","Searing Blow"],"picked":"Rampage+1","floor":25},{"not_picked":["Seeing Red","Warcry"],"picked":"Pommel Strike","floor":29},{"not_picked":["Uppercut+1","Sever Soul+1"],"picked":"Evolve+1","floor":31},{"not_picked":["Brutality","Exhume"],"picked":"Juggernaut","floor":33},{"not_picked":["Havoc","Hemokinesis+1"],"picked":"Clash","floor":35},{"not_picked":["Warcry","Combust"],"picked":"Cleave+1","floor":36},{"not_picked":["Searing Blow+1","Second Wind"],"picked":"Flame Barrier","floor":40},{"not_picked":["Metallicize","Power Through+1"],"picked":"Armaments+1","floor":41},{"not_picked":["Jack Of All Trades","Panacea"],"picked":"Panache","floor":45},{"not_picked":["Thunderclap+1","Evolve+1"],"picked":"Warcry+1","floor":46}],"player_experience":172797,"relics_obtained":[{"floor":6.0,"key":"Pen Nib"},{"floor":8.0,"key":"Bottled Lightning"},{"floor":9.0,"key":"Juzu Bracelet"},{"floor":13.0,"key":"Bag of Marbles"},{"floor":21,"key":"Enchiridion"},{"floor":22,"key":"Dodecahedron"},{"floor":26,"key":"Torii"},{"floor":41,"key":"Pear"},{"floor":43,"key":"Molten Egg 2"}],"event_choices":[{"event_name":"Golden Idol","player_choice":"Lose Max HP","floor":3.0,"damage_taken":0.0},{"event_name":"Scrap Ooze","player_choice":"success","floor":7.0,"damage_taken":33.0},{"event_name":"Living Wall","player_choice":"Grow","floor":10.0,"damage_taken":0.0},{"event_name":"Big Fish","player_choice":"Donut","floor":11.0,"damage_taken":0.0},{"event_name":"Ghosts","player_choice":"Ignored","floor":19,"damage_taken":0},{"event_name":"Cursed Tome","player_choice":"Obtained Book","floor":21,"damage_taken":0},{"event_name":"Bonfire Elementals","player_choice":"BASIC","floor":24,"damage_taken":0},{"event_name":"Transmorgrifier","player_choice":"Transform","floor":27,"damage_taken":0},{"event_name":"Back to Basics","player_choice":"Simplicity","floor":28,"damage_taken":0},{"event_name":"The Woman in Blue","player_choice":"Bought 2 Potions","floor":37,"damage_taken":0},{"event_name":"Winding Halls","player_choice":"Writhe","floor":38,"damage_taken":0},{"event_name":"Tomb of Lord Red Mask","player_choice":"Paid","floor":44,"damage_taken":0},{"event_name":"SensoryStone","player_choice":"Memory 1","floor":45,"damage_taken":0},{"event_name":"SecretPortal","player_choice":"Rejected Portal.","floor":48,"damage_taken":0}],"boss_relics":[{"not_picked":["Cursed Key","Snecko Eye"],"picked":"Mark of Pain"},{"not_picked":["Black Star","Pandora\u0027s Box"],"picked":"Fusion Hammer"}],"items_purged_floors":[39],"is_endless":false,"potions_floor_spawned":[1,5,13,16,29,31,33,40,41,46],"ascension_level":2}