{"gold_per_floor":[117,137,137,150,161,161,161,161,161,180,8,26,26,38,38,134,134,149,149,149,166,14,33,33],"floor_reached":24,"playtime":2573,"items_purged":[],"score":190,"play_id":"d7ef41db-1611-4a5d-b5d7-3163fdf00291","local_time":"20190820221111","is_ascension_mode":false,"campfire_choices":[{"data":"Metallicize","floor":6,"key":"SMITH"},{"data":"Armaments","floor":8,"key":"SMITH"},{"data":"Chrysalis","floor":13,"key":"SMITH"},{"data":"Flex","floor":15,"key":"SMITH"}],"neow_cost":"NONE","seed_source_timestamp":189633994321567,"circlet_count":0,"master_deck":["Strike_R","Strike_R","Strike_R","Strike_R","Strike_R","Defend_R","Defend_R","Defend_R","Defend_R","Armaments+1","Clash","Thunderclap+1","Metallicize+1","Flex+1","Chrysalis+1","Sword Boomerang","Battle Trance","Double Tap","Body Slam","RitualDagger","PanicButton","Thunderclap","Metallicize"],"relics":["Burning Blood","Ancient Tea Set","White Beast Statue","Boot"],"potions_floor_usage":[21,21,21,24,24],"damage_taken":[{"damage":5,"enemies":"Jaw Worm","floor":1,"turns":5},{"damage":1,"enemies":"Small Slimes","floor":2,"turns":3},{"damage":0,"enemies":"Cultist","floor":4,"turns":4},{"damage":3,"enemies":"2 Fungi Beasts","floor":5,"turns":4},{"damage":12,"enemies":"Gremlin Gang","floor":10,"turns":5},{"damage":10,"enemies":"Blue Slaver","floor":12,"turns":4},{"damage":7,"enemies":"Exordium Wildlife","floor":14,"turns":2},{"damage":20,"enemies":"Slime Boss","floor":16,"turns":9},{"damage":20,"enemies":"2 Thieves","floor":18,"turns":3},{"damage":28,"enemies":"Chosen","floor":21,"turns":7},{"damage":16,"enemies":"Snake Plant","floor":23,"turns":4},{"damage":33,"enemies":"Shelled Parasite and Fungi","floor":24,"turns":2}],"seed_played":"-9002441341786652735","potions_obtained":[{"floor":1,"key":"AttackPotion"},{"floor":16,"key":"EssenceOfSteel"},{"floor":18,"key":"Explosive Potion"},{"floor":21,"key":"Poison Potion"},{"floor":23,"key":"EssenceOfSteel"}],"is_trial":false,"path_per_floor":["M","M","?","M","M","R","?","R","T","M","$","M","R","M","R","B",null,"M","?","?","M","$","M","M"],"character_chosen":"IRONCLAD","items_purchased":["Chrysalis","Boot"],"campfire_rested":0,"item_purchase_floors":[11,22],"current_hp_per_floor":[88,88,88,88,88,88,88,88,88,82,82,78,78,77,77,63,88,74,68,52,30,30,20,0],"gold":33,"neow_bonus":"TEN_PERCENT_HP_BONUS","is_prod":false,"is_daily":false,"chose_seed":false,"campfire_upgraded":4,"win_rate":0.0,"timestamp":1566310271,"path_taken":["M","M","?","M","M","R","?","R","T","M","$","M","R","M","R","BOSS","M","?","?","M","$","M","?"],"build_version":"2019-07-17","purchased_purges":0,"victory":false,"max_hp_per_floor":[88,88,88,88,88,88,88,88,88,88,88,88,88,88,88,88,88,88,88,88,88,88,88,88],"card_choices":[{"not_picked":["Iron Wave","Rupture"],"picked":"Armaments","floor":1},{"not_picked":["Body Slam","Pommel Strike"],"picked":"Clash","floor":2},{"not_picked":["Pummel","Iron Wave"],"picked":"Thunderclap","floor":4},{"not_picked":["Iron Wave","Ghostly Armor"],"picked":"Metallicize","floor":5},{"not_picked":["Corruption","Perfected Strike"],"picked":"Flex","floor":10},{"not_picked":["Twin Strike","Clothesline"],"picked":"Sword Boomerang","floor":12},{"not_picked":["True Grit","Perfected Strike"],"picked":"Battle Trance","floor":14},{"not_picked":["Impervious","Juggernaut"],"picked":"Double Tap","floor":16},{"not_picked":["Feel No Pain+1","Clash"],"picked":"Body Slam","floor":18},{"not_picked":["True Grit","Shrug It Off"],"picked":"Thunderclap","floor":21},{"not_picked":["Seeing Red","Feel No Pain"],"picked":"Metallicize","floor":23}],"player_experience":25829,"relics_obtained":[{"floor":9,"key":"Ancient Tea Set"}],"event_choices":[{"cards_removed":["Bash"],"damage_healed":0,"gold_gain":0,"player_choice":"Forget","damage_taken":0,"max_hp_gain":0,"max_hp_loss":0,"event_name":"Living Wall","floor":3,"gold_loss":0},{"damage_healed":0,"gold_gain":0,"player_choice":"Forge","damage_taken":0,"max_hp_gain":0,"max_hp_loss":0,"event_name":"Accursed Blacksmith","floor":7,"gold_loss":0,"cards_upgraded":["Thunderclap"]},{"damage_healed":0,"gold_gain":0,"player_choice":"Joined the Cult","damage_taken":6,"max_hp_gain":0,"max_hp_loss":0,"event_name":"Nest","floor":19,"gold_loss":0,"cards_obtained":["RitualDagger"]},{"damage_healed":0,"gold_gain":0,"player_choice":"CARD ","damage_taken":16,"max_hp_gain":0,"max_hp_loss":0,"event_name":"Knowing Skull","floor":20,"potions_obtained":[],"gold_loss":0,"cards_obtained":["PanicButton"]}],"is_beta":false,"boss_relics":[{"not_picked":["Philosopher\u0027s Stone","Calling Bell"],"picked":"White Beast Statue"}],"items_purged_floors":[],"is_endless":false,"potions_floor_spawned":[1,16,18,21,23],"killed_by":"Shelled Parasite and Fungi","ascension_level":0}