{"gold_per_floor":[109,284,359,375,385,385,412,430,430,430,140,156,170,28,28,123,123,142,142,142,156,7,19,31,61,97,120,132,163,175],"floor_reached":30,"playtime":1205,"items_purged":[],"score":303,"play_id":"d7c6af2a-eed8-4f65-bbb2-8d25e56cd53d","local_time":"20181006143738","is_ascension_mode":true,"campfire_choices":[{"data":"Bash","floor":6,"key":"SMITH"},{"floor":10,"key":"REST"},{"data":"Armaments","floor":15,"key":"SMITH"},{"data":"Armaments","floor":23,"key":"SMITH"}],"neow_cost":"NONE","seed_source_timestamp":1201386034068080,"circlet_count":0,"master_deck":["Bash+1","Carnage","Flex","Berserk","Anger","Thunderclap","Dropkick","Iron Wave","The Bomb","Disarm","Armaments+1","Feed","Double Tap","Heavy Blade","Twin Strike","Twin Strike","Armaments+1","Spot Weakness","Combust","Sword Boomerang","True Grit","Warcry","Flex","Warcry","Evolve","Inflame"],"relics":["Burning Blood","Art of War","Gremlin Horn","Pandora\u0027s Box","Mango","MawBank","Bronze Scales","Orichalcum"],"potions_floor_usage":[1,7,7,7,7,7,12,13,16,21,27,30],"damage_taken":[{"damage":12,"enemies":"Jaw Worm","floor":1,"turns":2},{"damage":0,"enemies":"Small Slimes","floor":4,"turns":3},{"damage":0,"enemies":"2 Louse","floor":5,"turns":2},{"damage":44,"enemies":"3 Sentries","floor":7,"turns":8},{"damage":12,"enemies":"Looter","floor":8,"turns":3},{"damage":18,"enemies":"Large Slime","floor":12,"turns":2},{"damage":10,"enemies":"Exordium Wildlife","floor":13,"turns":3},{"damage":18,"enemies":"Slime Boss","floor":16,"turns":7},{"damage":31,"enemies":"3 Byrds","floor":18,"turns":3},{"damage":14,"enemies":"Shell Parasite","floor":21,"turns":2},{"damage":16,"enemies":"3 Cultists","floor":25,"turns":3},{"damage":19,"enemies":"Snake Plant","floor":27,"turns":2},{"damage":21,"enemies":"Centurion and Healer","floor":29,"turns":3},{"damage":31,"enemies":"Shelled Parasite and Fungi","floor":30,"turns":3}],"seed_played":"-3117568056793819260","potions_obtained":[{"floor":0,"key":"Dexterity Potion"},{"floor":0,"key":"Explosive Potion"},{"floor":0,"key":"EntropicBrew"},{"floor":1,"key":"SteroidPotion"},{"floor":12,"key":"Regen Potion"},{"floor":13,"key":"FearPotion"},{"floor":16,"key":"GamblersBrew"},{"floor":18,"key":"Fire Potion"},{"floor":27,"key":"Swift Potion"}],"is_trial":false,"path_per_floor":["M","?","?","M","M","R","E","M","T","R","$","M","M","$","R","B",null,"M","?","?","M","$","R","?","M","T","M","T","M"],"character_chosen":"IRONCLAD","items_purchased":["Dropkick","Iron Wave","The Bomb","Feed","MawBank"],"campfire_rested":1,"item_purchase_floors":[11,11,11,14,22],"current_hp_per_floor":[74,74,63,69,75,75,37,31,31,55,55,43,51,51,51,39,80,55,55,69,61,61,61,61,51,51,38,38,23,0],"gold":175,"neow_bonus":"THREE_SMALL_POTIONS","is_prod":false,"is_daily":false,"chose_seed":false,"campfire_upgraded":3,"win_rate":0,"timestamp":1538829458,"path_taken":["M","?","?","M","M","R","E","M","T","R","?","M","M","$","R","BOSS","M","?","?","M","?","R","?","?","T","M","?","M","M"],"build_version":"2018-10-04v2","purchased_purges":0,"victory":false,"max_hp_per_floor":[80,80,80,80,80,80,80,80,80,80,80,80,80,80,80,80,80,80,80,94,94,94,94,94,94,94,94,94,94,97],"card_choices":[{"not_picked":["True Grit","Uppercut"],"picked":"Carnage","floor":1},{"not_picked":["True Grit","Headbutt"],"picked":"Flex","floor":4},{"not_picked":["Clash","Clothesline"],"picked":"Berserk","floor":5},{"not_picked":["True Grit","Havoc"],"picked":"Anger","floor":7},{"not_picked":["Pommel Strike","Reckless Charge"],"picked":"Thunderclap","floor":8},{"not_picked":["Ghostly Armor","Searing Blow"],"picked":"Disarm","floor":12},{"not_picked":["Intimidate","Clothesline"],"picked":"Armaments","floor":13},{"not_picked":["Barricade","Berserk"],"picked":"Double Tap","floor":16},{"not_picked":["Twin Strike","Wild Strike"],"picked":"Warcry","floor":18},{"not_picked":["Havoc+1","Twin Strike"],"picked":"Flex","floor":21},{"not_picked":["Dropkick","Twin Strike"],"picked":"Warcry","floor":25},{"not_picked":["Twin Strike","Pommel Strike"],"picked":"Evolve","floor":27},{"not_picked":["Reckless Charge","Headbutt"],"picked":"Inflame","floor":29}],"player_experience":227204,"relics_obtained":[{"floor":7,"key":"Art of War"},{"floor":9,"key":"Gremlin Horn"},{"floor":26,"key":"Bronze Scales"},{"floor":28,"key":"Orichalcum"}],"event_choices":[{"event_name":"Liars Game","player_choice":"agreed","floor":2,"damage_taken":0},{"event_name":"World of Goop","player_choice":"Gather Gold","floor":3,"damage_taken":0},{"event_name":"Back to Basics","player_choice":"Elegance","floor":19,"damage_taken":0},{"event_name":"The Mausoleum","player_choice":"Yes","floor":20,"damage_taken":0},{"event_name":"Purifier","player_choice":"One Purge","floor":24,"damage_taken":0}],"is_beta":false,"boss_relics":[{"not_picked":["Calling Bell","Lizard Tail"],"picked":"Pandora\u0027s Box"}],"items_purged_floors":[],"is_endless":false,"potions_floor_spawned":[1,12,13,16,18,27],"killed_by":"Shelled Parasite and Fungi","ascension_level":4}