{"gold_per_floor":[112,112,11,29,204,233,133,162,162,178,198,218,247,257,257,360,360,375,375,375,375,385,385,73,86,109,109,109,138,138,138,138,138],"floor_reached":33,"playtime":1411,"items_purged":["Pain","Doubt","Shame"],"score":353,"play_id":"f7b9f59b-a27c-44aa-887b-71dab6ac99fd","local_time":"20181121190523","is_ascension_mode":true,"campfire_choices":[{"floor":15,"key":"REST"},{"floor":23,"key":"DIG"},{"floor":32,"key":"REST"}],"neow_cost":"NONE","seed_source_timestamp":326403962617313,"circlet_count":0,"master_deck":["Strike_R","Strike_R","Strike_R","Strike_R","Strike_R","Defend_R","Defend_R","Defend_R","Defend_R","Bash","Shrug It Off","Flex","Infernal Blade","Warcry","Iron Wave","Impervious","Disarm","Carnage+1","Metamorphosis","Metallicize+1","RitualDagger"],"relics":["Black Blood","Vajra","WarpedTongs","Incense Burner","Mango","Matryoshka","Odd Mushroom","Shovel","Champion Belt","Question Card","Art of War","Juzu Bracelet","Regal Pillow","Nilry\u0027s Codex","Bronze Scales"],"potions_floor_usage":[6,16,33,33,33],"damage_taken":[{"damage":10,"enemies":"2 Louse","floor":1,"turns":2},{"damage":0,"enemies":"Cultist","floor":4,"turns":3},{"damage":24,"enemies":"Gremlin Nob","floor":6,"turns":4},{"damage":40,"enemies":"Lagavulin","floor":8,"turns":5},{"damage":0,"enemies":"Jaw Worm","floor":10,"turns":2},{"damage":13,"enemies":"Exordium Thugs","floor":11,"turns":4},{"damage":3,"enemies":"Looter","floor":12,"turns":3},{"damage":28,"enemies":"The Mushroom Lair","floor":13,"turns":5},{"damage":0,"enemies":"Large Slime","floor":14,"turns":4},{"damage":42,"enemies":"The Guardian","floor":16,"turns":9},{"damage":18,"enemies":"Spheric Guardian","floor":18,"turns":7},{"damage":0,"enemies":"Chosen","floor":22,"turns":4},{"damage":28,"enemies":"Sentry and Sphere","floor":25,"turns":4},{"damage":23,"enemies":"Slavers","floor":29,"turns":6},{"damage":86,"enemies":"Automaton","floor":33,"turns":10}],"seed_played":"5872907170978640911","potions_obtained":[{"floor":4,"key":"Weak Potion"},{"floor":8,"key":"Strength Potion"},{"floor":14,"key":"SpeedPotion"},{"floor":16,"key":"EssenceOfSteel"},{"floor":18,"key":"Swift Potion"},{"floor":25,"key":"Block Potion"}],"is_trial":false,"path_per_floor":["M","?","$","M","?","E","$","E","T","M","M","M","?","M","R","B",null,"M","?","?","?","M","R","$","M","T","?","?","E","$","$","R","B"],"character_chosen":"IRONCLAD","items_purchased":["Flex","Metamorphosis"],"campfire_rested":2,"item_purchase_floors":[3,24],"current_hp_per_floor":[76,76,76,80,80,62,62,42,42,48,41,44,22,28,56,20,94,86,86,86,86,94,94,94,76,76,60,54,41,41,41,84,0],"gold":138,"neow_bonus":"RANDOM_COMMON_RELIC","is_prod":false,"is_daily":false,"chose_seed":false,"campfire_upgraded":0,"win_rate":0,"timestamp":1542823523,"path_taken":["M","?","?","M","?","E","?","E","T","M","M","?","?","M","R","BOSS","M","?","?","?","?","R","?","?","T","?","?","E","?","$","R","BOSS"],"build_version":"2018-11-15","purchased_purges":3,"victory":false,"max_hp_per_floor":[80,80,80,80,80,80,80,94,94,94,94,94,94,94,94,94,94,94,94,94,94,94,94,94,94,94,94,94,94,94,94,94,94],"card_choices":[{"not_picked":["Twin Strike","Clothesline"],"picked":"Shrug It Off","floor":1},{"not_picked":["Armaments","Heavy Blade"],"picked":"Infernal Blade","floor":4},{"not_picked":["Exhume","Bloodletting","Thunderclap"],"picked":"SKIP","floor":6},{"not_picked":["Exhume","Seeing Red","Perfected Strike"],"picked":"SKIP","floor":8},{"not_picked":["Bloodletting","Armaments","Havoc"],"picked":"SKIP","floor":10},{"not_picked":["Heavy Blade","Perfected Strike","Wild Strike"],"picked":"SKIP","floor":11},{"not_picked":["Body Slam","Dropkick"],"picked":"Warcry","floor":12},{"not_picked":["Seeing Red","Cleave"],"picked":"Iron Wave","floor":14},{"not_picked":["Berserk","Demon Form"],"picked":"Impervious","floor":16},{"not_picked":["Body Slam","Warcry+1"],"picked":"Disarm","floor":18},{"not_picked":["Evolve+1","Hemokinesis+1","Battle Trance"],"picked":"Carnage+1","floor":22},{"not_picked":["Rupture","Clash","Uppercut"],"picked":"Metallicize+1","floor":25},{"not_picked":["True Grit+1","Heavy Blade+1","Entrench","Shockwave"],"picked":"SKIP","floor":29}],"player_experience":294095,"relics_obtained":[{"floor":6,"key":"Incense Burner"},{"floor":8,"key":"Mango"},{"floor":9,"key":"Matryoshka"},{"floor":13,"key":"Odd Mushroom"},{"floor":23,"key":"Art of War"},{"floor":26,"key":"Juzu Bracelet"},{"floor":26,"key":"Regal Pillow"},{"floor":27,"key":"Nilry\u0027s Codex"},{"floor":29,"key":"Bronze Scales"}],"event_choices":[{"damage_healed":0,"gold_gain":0,"player_choice":"Rummage","damage_taken":0,"relics_obtained":["WarpedTongs"],"max_hp_gain":0,"max_hp_loss":0,"event_name":"Accursed Blacksmith","floor":2,"gold_loss":0,"cards_obtained":["Pain"]},{"damage_healed":0,"gold_gain":175,"player_choice":"AGREE","damage_taken":0,"max_hp_gain":0,"max_hp_loss":0,"event_name":"Liars Game","floor":5,"gold_loss":0,"cards_obtained":["Doubt"]},{"damage_healed":0,"gold_gain":0,"player_choice":"Fought Mushrooms","damage_taken":0,"max_hp_gain":0,"max_hp_loss":0,"event_name":"Mushrooms","floor":13,"gold_loss":0},{"damage_healed":0,"gold_gain":0,"player_choice":"Opened","damage_taken":0,"relics_obtained":["Shovel"],"max_hp_gain":0,"max_hp_loss":0,"event_name":"The Mausoleum","floor":19,"gold_loss":0},{"damage_healed":0,"gold_gain":0,"player_choice":"Stole Relic","damage_taken":0,"relics_obtained":["Champion Belt"],"max_hp_gain":0,"max_hp_loss":0,"event_name":"Addict","floor":20,"gold_loss":0,"cards_obtained":["Shame"]},{"damage_healed":0,"gold_gain":0,"player_choice":"Gave Potion","damage_taken":0,"relics_obtained":["Question Card"],"max_hp_gain":0,"max_hp_loss":0,"event_name":"WeMeetAgain","floor":21,"gold_loss":0},{"damage_healed":0,"gold_gain":0,"player_choice":"Obtained Book","damage_taken":16,"max_hp_gain":0,"max_hp_loss":0,"event_name":"Cursed Tome","floor":27,"gold_loss":0},{"damage_healed":0,"gold_gain":0,"player_choice":"Joined the Cult","damage_taken":6,"max_hp_gain":0,"max_hp_loss":0,"event_name":"Nest","floor":28,"gold_loss":0,"cards_obtained":["RitualDagger"]}],"is_beta":false,"boss_relics":[{"not_picked":["Fusion Hammer","Ectoplasm"],"picked":"Black Blood"}],"items_purged_floors":[3,7,24],"is_endless":false,"potions_floor_spawned":[4,8,14,16,18,25],"killed_by":"Automaton","ascension_level":4}