{"gold_per_floor":[217,217,392,406,422,71,105,25,25,37,49,14,49,60,60,160,210,220,240,253,253,253,278,293,293,343,343,377,395,18,34,34,136,136,153,169,180,199,199,199,199,231,231,231,241,257,22,34,34,34],"floor_reached":50,"playtime":3236,"items_purged":["Doubt"],"score":738,"play_id":"e8e6f50f-91fe-44af-a8e2-b83558e0dc0c","local_time":"20180730221743","is_ascension_mode":true,"campfire_choices":[{"data":"Prepared","floor":15,"key":"SMITH"},{"floor":25,"key":"REST"},{"floor":27,"key":"REST"},{"floor":32,"key":"REST"},{"floor":40,"key":"REST"},{"floor":44,"key":"REST"},{"floor":49,"key":"REST"}],"neow_cost":"NONE","seed_source_timestamp":279699984617110,"circlet_count":0,"master_deck":["Defend_G","Defend_G","Defend_G","Defend_G","Strike_G","Strike_G","Strike_G","Strike_G","Strike_G","Survivor","Neutralize","Dagger Spray+1","Finisher","Underhanded Strike","Underhanded Strike","Prepared+1","Finisher","Backstab","Noxious Fumes","Prepared+1","Deadly Poison+1","Cloak And Dagger+1","Phantasmal Killer+1","Prepared+1","Concentrate+1","Outmaneuver+1","Underhanded Strike","Acrobatics+1","Distraction+1","Backstab","Dodge and Roll+1","Dramatic Entrance","Backflip+1","Dodge and Roll+1","Cloak And Dagger+1","Phantasmal Killer+1","Backflip+1","Dagger Spray+1","Prepared+1","Thinking Ahead+1","Panacea+1","Bandage Up+1","Bane+1","Masterful Stab+1","Sucker Punch+1","Apotheosis+1","Accuracy+1"],"relics":["Ring of the Snake","Letter Opener","Shuriken","Toxic Egg 2","Bag of Preparation","Tiny House","Dodecahedron","Bronze Scales","Incense Burner","Strange Spoon","Fusion Hammer","Bottled Flame","Ornamental Fan"],"potions_floor_usage":[7,13,13,18,20,24,31,33,33,42,42,48,48],"damage_taken":[{"damage":0,"enemies":"Cultist","floor":1,"turns":5},{"damage":3,"enemies":"2 Louse","floor":4,"turns":3},{"damage":5,"enemies":"Small Slimes","floor":5,"turns":3},{"damage":9,"enemies":"Gremlin Nob","floor":7,"turns":4},{"damage":0,"enemies":"Blue Slaver","floor":10,"turns":1},{"damage":0,"enemies":"Exordium Thugs","floor":11,"turns":1},{"damage":13,"enemies":"Lagavulin","floor":13,"turns":3},{"damage":2,"enemies":"Gremlin Gang","floor":14,"turns":3},{"damage":0,"enemies":"Slime Boss","floor":16,"turns":6},{"damage":25,"enemies":"2 Thieves","floor":18,"turns":3},{"damage":11,"enemies":"Spheric Guardian","floor":19,"turns":3},{"damage":7,"enemies":"Centurion and Healer","floor":20,"turns":3},{"damage":0,"enemies":"Gremlin Leader","floor":23,"turns":3},{"damage":25,"enemies":"Snake Plant","floor":24,"turns":3},{"damage":22,"enemies":"Book of Stabbing","floor":28,"turns":4},{"damage":12,"enemies":"Chosen and Byrds","floor":29,"turns":3},{"damage":1,"enemies":"Snecko","floor":31,"turns":3},{"damage":30,"enemies":"Collector","floor":33,"turns":10},{"damage":16,"enemies":"Orb Walker","floor":35,"turns":2},{"damage":0,"enemies":"Flame Bruiser 1 Orb","floor":36,"turns":2},{"damage":1,"enemies":"Transient","floor":37,"turns":5},{"damage":2,"enemies":"Maw","floor":38,"turns":6},{"damage":47,"enemies":"Giant Head","floor":42,"turns":8},{"damage":18,"enemies":"4 Shapes","floor":45,"turns":2},{"damage":0,"enemies":"3 Darklings","floor":46,"turns":2},{"damage":18,"enemies":"Transient","floor":48,"turns":5},{"damage":66,"enemies":"Time Eater","floor":50,"turns":8}],"seed_played":"-4105745870006521652","potions_obtained":[{"floor":4,"key":"SpeedPotion"},{"floor":5,"key":"GhostInAJar"},{"floor":7,"key":"AttackPotion"},{"floor":11,"key":"Energy Potion"},{"floor":17,"key":"SpeedPotion"},{"floor":19,"key":"GhostInAJar"},{"floor":28,"key":"Weak Potion"},{"floor":29,"key":"SneckoOil"},{"floor":33,"key":"SpeedPotion"},{"floor":36,"key":"SpeedPotion"},{"floor":38,"key":"Fire Potion"},{"floor":46,"key":"EssenceOfSteel"}],"is_trial":false,"path_per_floor":["M","?","?","M","M","$","E","$","T","M","M","?","E","M","R","B",null,"M","M","M","?","?","E","M","R","T","R","E","M","$","M","R","B",null,"M","M","M","M","?","R","?","E","T","R","M","M","$","M","R"],"character_chosen":"THE_SILENT","items_purchased":["Letter Opener","Prepared","Backstab","Strange Spoon","Dramatic Entrance","Backflip+1","Dodge and Roll+1","Apotheosis+1","SkillPotion"],"campfire_rested":6,"item_purchase_floors":[6,6,8,30,30,30,30,47,47],"current_hp_per_floor":[70,70,70,67,62,62,53,53,53,53,53,70,57,55,55,55,75,50,39,32,32,32,32,7,29,29,51,29,17,17,16,38,8,75,59,59,58,56,56,75,65,30,30,52,34,40,40,28,50,0],"gold":34,"neow_bonus":"HUNDRED_GOLD","is_prod":false,"is_daily":false,"chose_seed":false,"campfire_upgraded":1,"win_rate":0,"timestamp":1532981863,"path_taken":["M","?","?","?","M","$","E","?","T","M","M","?","E","M","R","BOSS","M","M","M","?","?","E","M","R","T","R","E","M","$","M","R","BOSS","M","M","M","M","?","R","?","E","T","R","?","M","$","M","R","BOSS"],"build_version":"2018-07-26","purchased_purges":1,"victory":false,"max_hp_per_floor":[70,70,70,70,70,70,70,70,70,70,70,70,70,70,70,70,75,75,75,75,75,75,75,75,75,75,75,75,75,75,75,75,75,75,75,75,75,75,75,75,75,75,75,75,75,75,75,75,75,75],"card_choices":[{"not_picked":["Flying Knee","Tactician"],"picked":"Dagger Spray","floor":1},{"not_picked":["Quick Slash","Calculated Gamble"],"picked":"Underhanded Strike","floor":4},{"not_picked":["Catalyst","Endless Agony"],"picked":"Underhanded Strike","floor":5},{"not_picked":["Deadly Poison","Poisoned Stab"],"picked":"Finisher","floor":7},{"not_picked":["Underhanded Strike","All Out Attack"],"picked":"Noxious Fumes","floor":10},{"not_picked":["All Out Attack","Deadly Poison+1"],"picked":"Prepared+1","floor":11},{"not_picked":["Bouncing Flask+1","Blade Dance+1"],"picked":"Deadly Poison+1","floor":13},{"not_picked":["Finisher","Prepared+1"],"picked":"Cloak And Dagger+1","floor":14},{"not_picked":["Malaise+1","Bullet Time+1"],"picked":"Phantasmal Killer+1","floor":16},{"not_picked":["Underhanded Strike","Finisher"],"picked":"Prepared+1","floor":17},{"not_picked":["Deflect+1","Flying Knee+1"],"picked":"Concentrate+1","floor":18},{"not_picked":["Poisoned Stab","Sucker Punch"],"picked":"Outmaneuver+1","floor":19},{"not_picked":["Bane","Dodge and Roll+1"],"picked":"Underhanded Strike","floor":20},{"not_picked":["Storm of Steel+1","Expertise+1"],"picked":"Acrobatics+1","floor":23},{"not_picked":["Dagger Spray+1","Deflect+1"],"picked":"Distraction+1","floor":24},{"not_picked":["Blur+1","Endless Agony"],"picked":"Backstab","floor":28},{"not_picked":["Deadly Poison+1","Outmaneuver+1"],"picked":"Dodge and Roll+1","floor":29},{"not_picked":["Bane","Quick Slash"],"picked":"Cloak And Dagger+1","floor":31},{"not_picked":["After Image","Glass Knife"],"picked":"Phantasmal Killer+1","floor":33},{"not_picked":["Dash","Noxious Fumes+1"],"picked":"Backflip+1","floor":35},{"not_picked":["Quick Slash","Flying Knee+1"],"picked":"Infinite Blades+1","floor":36},{"not_picked":["Flechettes","Bouncing Flask+1"],"picked":"Dagger Spray+1","floor":37},{"not_picked":["Poisoned Stab","Slice"],"picked":"Prepared+1","floor":38},{"not_picked":["Secret Weapon+1","Mind Blast"],"picked":"Thinking Ahead+1","floor":41},{"not_picked":["Trip+1","Purity+1"],"picked":"Panacea+1","floor":41},{"not_picked":["Transmutation+1","Trip+1"],"picked":"Bandage Up+1","floor":41},{"not_picked":["Dash","Heel Hook+1"],"picked":"Bane+1","floor":42},{"not_picked":["Sucker Punch+1","Outmaneuver+1"],"picked":"Masterful Stab+1","floor":45},{"not_picked":["Acrobatics+1","Outmaneuver+1"],"picked":"Sucker Punch+1","floor":46},{"not_picked":["Dodge and Roll+1","Quick Slash"],"picked":"Accuracy+1","floor":48}],"player_experience":185668,"relics_obtained":[{"floor":7,"key":"Shuriken"},{"floor":9,"key":"Toxic Egg 2"},{"floor":13,"key":"Bag of Preparation"},{"floor":23,"key":"Dodecahedron"},{"floor":26,"key":"Bronze Scales"},{"floor":28,"key":"Incense Burner"},{"floor":42,"key":"Bottled Flame"},{"floor":43,"key":"Ornamental Fan"}],"event_choices":[{"event_name":"Transmorgrifier","player_choice":"Transform","floor":2,"damage_taken":0},{"event_name":"Liars Game","player_choice":"agreed","floor":3,"damage_taken":0},{"event_name":"The Cleric","player_choice":"Healed","floor":12,"damage_taken":0},{"event_name":"Beggar","player_choice":"Ignored","floor":21,"damage_taken":0},{"event_name":"Drug Dealer","player_choice":"Ignored","floor":22,"damage_taken":0},{"event_name":"Falling","player_choice":"Removed Power","floor":39,"damage_taken":0},{"event_name":"SensoryStone","player_choice":"Memory 3","floor":41,"damage_taken":0}],"is_beta":false,"boss_relics":[{"not_picked":["Astrolabe","Velvet Choker"],"picked":"Tiny House"},{"not_picked":["HoveringKite","Black Star"],"picked":"Fusion Hammer"}],"items_purged_floors":[6],"is_endless":false,"potions_floor_spawned":[4,5,7,11,19,28,29,33,36,38,46],"killed_by":"Time Eater","ascension_level":2}