{"gold_per_floor":[112,112,77,77,91,132,156,156,156,187,200,200,200,224,224,314,314,328,351,266,281,304,304,344,344,344,380,380,419,435,435,435,528,528,546,24,48,67,67,67,108,108,108,441,441,459,25,38,38,38,38,38,38,8,41,41],"floor_reached":57,"playtime":4767,"items_purged":["Strike_B"],"score":2800,"play_id":"182ffd48-5713-4da8-a43c-270e7baf77e8","local_time":"20190830201104","is_ascension_mode":true,"campfire_choices":[{"data":"1","floor":8,"key":"LIFT"},{"floor":12,"key":"REST"},{"data":"2","floor":15,"key":"LIFT"},{"floor":23,"key":"REST"},{"floor":25,"key":"REST"},{"floor":28,"key":"REST"},{"floor":32,"key":"REST"},{"data":"3","floor":40,"key":"LIFT"},{"data":"Zap","floor":42,"key":"SMITH"},{"floor":49,"key":"RECALL"},{"data":"Thinking Ahead","floor":53,"key":"SMITH"}],"neow_cost":"NONE","seed_source_timestamp":863830760090500,"circlet_count":0,"master_deck":["AscendersBane","Strike_B","Strike_B","Defend_B+1","Defend_B","Defend_B+1","Defend_B","Zap+1","Dualcast","Static Discharge","Conserve Battery","Melter","Ball Lightning","Glacier","Scrape","Beam Cell","All For One","Coolheaded+1","Aggregate","Defragment+1","Beam Cell+1","Glacier","Go for the Eyes+1","Reinforced Body","Cold Snap+1","Electrodynamics+1","Steam+1","BootSequence","Defragment+1","Force Field+1","Parasite","Steam Power","PanicButton","Tempest","Static Discharge+1","Loop+1","Thinking Ahead+1","Double Energy","Stack","Hologram"],"relics":["Cracked Core","NeowsBlessing","Girya","Bronze Scales","StoneCalendar","DataDisk","Frozen Egg 2","Black Star","Du-Vu Doll","Mummified Hand","Unceasing Top","Molten Egg 2","Lantern","Pantograph","Incense Burner","Regal Pillow","Coffee Dripper","Ice Cream","Boot","PreservedInsect","War Paint","Turnip","Pear"],"potions_floor_usage":[10,18,24,27,33,51],"damage_taken":[{"damage":0,"enemies":"2 Louse","floor":1,"turns":1},{"damage":0,"enemies":"Jaw Worm","floor":5,"turns":1},{"damage":0,"enemies":"Lagavulin","floor":6,"turns":1},{"damage":3,"enemies":"Small Slimes","floor":7,"turns":3},{"damage":26,"enemies":"Gremlin Nob","floor":10,"turns":4},{"damage":10,"enemies":"Exordium Thugs","floor":11,"turns":4},{"damage":1,"enemies":"Looter","floor":14,"turns":3},{"damage":9,"enemies":"Slime Boss","floor":16,"turns":7},{"damage":0,"enemies":"Spheric Guardian","floor":18,"turns":3},{"damage":2,"enemies":"Chosen","floor":19,"turns":3},{"damage":21,"enemies":"Snake Plant","floor":21,"turns":4},{"damage":9,"enemies":"Sentry and Sphere","floor":22,"turns":4},{"damage":46,"enemies":"Slavers","floor":24,"turns":4},{"damage":3,"enemies":"Book of Stabbing","floor":27,"turns":4},{"damage":24,"enemies":"Slavers","floor":29,"turns":3},{"damage":5,"enemies":"Centurion and Healer","floor":30,"turns":4},{"damage":27,"enemies":"Collector","floor":33,"turns":7},{"damage":1,"enemies":"Orb Walker","floor":35,"turns":2},{"damage":22,"enemies":"3 Shapes","floor":37,"turns":4},{"damage":12,"enemies":"Writhing Mass","floor":38,"turns":5},{"damage":0,"enemies":"Nemesis","floor":41,"turns":6},{"damage":3,"enemies":"Maw","floor":46,"turns":7},{"damage":2,"enemies":"Sphere and 2 Shapes","floor":48,"turns":3},{"damage":33,"enemies":"Awakened One","floor":50,"turns":16},{"damage":26,"enemies":"Time Eater","floor":51,"turns":10},{"damage":9,"enemies":"Shield and Spear","floor":55,"turns":3},{"damage":69,"enemies":"The Heart","floor":56,"turns":9}],"seed_played":"-3844033668401174638","potions_obtained":[{"floor":1,"key":"FearPotion"},{"floor":6,"key":"Weak Potion"},{"floor":11,"key":"GamblersBrew"},{"floor":18,"key":"Energy Potion"},{"floor":21,"key":"Dexterity Potion"},{"floor":27,"key":"Energy Potion"},{"floor":29,"key":"SpeedPotion"},{"floor":30,"key":"SteroidPotion"},{"floor":37,"key":"Energy Potion"},{"floor":38,"key":"Block Potion"}],"is_trial":false,"path_per_floor":["M","?","?","?","M","E","M","R","T","E","M","R","T","M","R","B",null,"M","M","?","M","M","R","E","R","T","E","R","E","M","?","R","B",null,"M","$","M","M","?","R","E","R","T","?","?","M","$","M","R","B","B",null,"R","$","E","B",null],"character_chosen":"DEFECT","items_purchased":["BootSequence","Defragment+1","Ice Cream","Loop+1","Thinking Ahead","War Paint","Stack"],"campfire_rested":5,"item_purchase_floors":[36,36,36,47,47,47,54],"current_hp_per_floor":[64,40,57,57,57,57,54,54,54,28,18,39,39,38,38,29,61,61,59,59,38,29,50,4,25,25,22,43,19,14,4,40,38,63,62,62,40,28,28,28,28,28,28,28,28,25,25,23,23,15,14,57,57,57,58,12],"gold":41,"neow_bonus":"THREE_ENEMY_KILL","is_prod":false,"is_daily":false,"chose_seed":false,"campfire_upgraded":2,"win_rate":0,"timestamp":1567210264,"path_taken":["M","?","?","?","?","E","M","R","T","E","M","R","?","M","R","BOSS","M","M","?","M","M","R","E","R","T","E","R","E","M","?","R","BOSS","M","$","?","M","?","R","E","R","T","?","?","M","$","M","R","BOSS","BOSS","R","$","E","BOSS"],"build_version":"2019-07-17","purchased_purges":1,"victory":true,"max_hp_per_floor":[71,71,71,71,71,71,71,71,71,71,71,71,71,71,71,71,71,71,71,71,71,71,71,71,71,71,71,71,71,71,71,71,71,71,71,71,71,71,71,71,71,71,71,71,71,71,71,71,71,71,71,71,71,71,81,81],"card_choices":[{"not_picked":["Rebound","Go for the Eyes"],"picked":"Static Discharge","floor":1},{"not_picked":["Leap","Streamline"],"picked":"Conserve Battery","floor":5},{"not_picked":["Turbo","Leap"],"picked":"Melter","floor":6},{"not_picked":["Turbo","Hologram"],"picked":"Ball Lightning","floor":7},{"not_picked":["Reinforced Body","Skim"],"picked":"Glacier","floor":10},{"not_picked":["Amplify","Fusion"],"picked":"Scrape","floor":11},{"not_picked":["Hologram","Go for the Eyes"],"picked":"Beam Cell","floor":14},{"not_picked":["Electrodynamics+1","Reboot"],"picked":"All For One","floor":16},{"not_picked":["Steam","Stack"],"picked":"Coolheaded+1","floor":18},{"not_picked":["Blizzard","Doom and Gloom"],"picked":"Aggregate","floor":19},{"not_picked":["Hello World+1","Lockon"],"picked":"Defragment+1","floor":21},{"not_picked":["Cold Snap","Redo"],"picked":"Beam Cell+1","floor":22},{"not_picked":["Leap","Compile Driver"],"picked":"Glacier","floor":24},{"not_picked":["Stack","Storm+1"],"picked":"Go for the Eyes+1","floor":27},{"not_picked":["Conserve Battery","Ball Lightning+1"],"picked":"Reinforced Body","floor":29},{"not_picked":["Turbo","Glacier"],"picked":"Cold Snap+1","floor":30},{"not_picked":["Reboot","Creative AI+1"],"picked":"Electrodynamics+1","floor":33},{"not_picked":["Streamline+1","Ball Lightning+1"],"picked":"Steam+1","floor":35},{"not_picked":["Fusion+1","Glacier+1"],"picked":"Force Field+1","floor":37},{"not_picked":["Sweeping Beam+1","Ball Lightning+1"],"picked":"Steam Power","floor":38},{"not_picked":["Good Instincts","Purity"],"picked":"PanicButton","floor":39},{"not_picked":["Melter+1","Glacier"],"picked":"Tempest","floor":41},{"not_picked":["Consume","Barrage+1"],"picked":"Static Discharge+1","floor":46},{"not_picked":["Streamline+1","Hologram"],"picked":"Double Energy","floor":48},{"not_picked":["Aggregate+1","Steam"],"picked":"Hologram","floor":55}],"player_experience":460145,"relics_obtained":[{"floor":6,"key":"Bronze Scales"},{"floor":9,"key":"StoneCalendar"},{"floor":10,"key":"DataDisk"},{"floor":13,"key":"Frozen Egg 2"},{"floor":24,"key":"Mummified Hand"},{"floor":24,"key":"Unceasing Top"},{"floor":26,"key":"Molten Egg 2"},{"floor":27,"key":"Lantern"},{"floor":27,"key":"Pantograph"},{"floor":29,"key":"Incense Burner"},{"floor":29,"key":"Regal Pillow"},{"floor":41,"key":"Boot"},{"floor":41,"key":"PreservedInsect"},{"floor":55,"key":"Turnip"},{"floor":55,"key":"Pear"}],"event_choices":[{"damage_healed":0,"gold_gain":0,"player_choice":"Take Damage","damage_taken":24,"relics_obtained":["Golden Idol"],"max_hp_gain":0,"max_hp_loss":0,"event_name":"Golden Idol","floor":2,"gold_loss":0},{"damage_healed":17,"gold_gain":0,"player_choice":"Healed","damage_taken":0,"max_hp_gain":0,"max_hp_loss":0,"event_name":"The Cleric","floor":3,"gold_loss":35},{"damage_healed":0,"gold_gain":0,"player_choice":"Gave Potion","damage_taken":0,"relics_obtained":["Girya"],"max_hp_gain":0,"max_hp_loss":0,"event_name":"WeMeetAgain","floor":4,"gold_loss":0},{"damage_healed":0,"gold_gain":0,"player_choice":"Obtained Relic","damage_taken":0,"relics_obtained":["Du-Vu Doll"],"max_hp_gain":0,"max_hp_loss":0,"event_name":"Addict","floor":20,"gold_loss":85},{"damage_healed":0,"gold_gain":0,"player_choice":"Damaged","damage_taken":10,"max_hp_gain":0,"max_hp_loss":0,"event_name":"Wheel of Change","floor":31,"gold_loss":0},{"damage_healed":0,"gold_gain":0,"player_choice":"Memory 1","damage_taken":0,"max_hp_gain":0,"max_hp_loss":0,"event_name":"SensoryStone","floor":39,"gold_loss":0},{"damage_healed":0,"gold_gain":333,"player_choice":"Gave Idol","damage_taken":0,"max_hp_gain":0,"max_hp_loss":0,"event_name":"The Moai Head","floor":44,"relics_lost":["Golden Idol"],"gold_loss":0},{"cards_removed":["Strike_B"],"damage_healed":0,"gold_gain":0,"player_choice":"Removed Attack","damage_taken":0,"max_hp_gain":0,"max_hp_loss":0,"event_name":"Falling","floor":45,"gold_loss":0}],"is_beta":false,"boss_relics":[{"not_picked":["Lizard Tail","Nuclear Battery"],"picked":"Black Star"},{"not_picked":["Eternal Feather","Tiny House"],"picked":"Coffee Dripper"}],"items_purged_floors":[36],"is_endless":false,"potions_floor_spawned":[1,6,11,18,21,27,29,30,37,38],"ascension_level":20}