{"path_per_floor":["M","M","M","?","M","R","?","M","T","E","M","M","M","M","R","B",null,"M","M","$","M","?","R","M"],"character_chosen":"IRONCLAD","items_purchased":["Torii","Body Slam","Good Instincts"],"gold_per_floor":[115,132,152,152,165,165,165,184,207,240,257,268,280,297,297,400,400,416,435,5,24,24,24,35],"floor_reached":25,"campfire_rested":1,"playtime":2064,"current_hp_per_floor":[87,83,87,80,84,84,77,68,68,47,33,39,40,46,72,68,87,76,59,59,56,48,48,35],"items_purged":[],"gold":35,"play_id":"2b571996-83c5-4a2c-ba09-39d63fff65b2","is_prod":false,"is_daily":false,"is_ascension_mode":false,"campfire_upgraded":2,"path_taken":["M","M","M","?","M","R","?","M","T","E","M","M","M","M","R","BOSS","M","M","$","M","?","R","M","E"],"build_version":"2018-01-25-PROD3","purchased_purges":1,"victory":false,"master_deck":["Strike_R+1","Strike_R","Strike_R","Strike_R","Strike_R","Defend_R","Defend_R","Defend_R","Bash","Headbutt","Pommel Strike","Whirlwind+1","Armaments+1","Juggernaut","Disarm","Metallicize","Flex","Shrug It Off","Headbutt","Double Tap","Warcry","Iron Wave+1","Body Slam+1","Good Instincts","Headbutt","Clash"],"max_hp_per_floor":[87,87,87,87,87,87,87,87,87,87,87,87,87,87,87,87,87,87,87,87,87,87,87,87],"relics":["Burning Blood","Strawberry","Happy Flower","Omamori","Whetstone","Velvet Choker","Torii"],"card_choices":[{"not_picked":["Dual Wield","Anger"],"picked":"Headbutt"},{"not_picked":["Hemokinesis","Seeing Red"],"picked":"Pommel Strike"},{"not_picked":["Combust","Flex"],"picked":"Whirlwind"},{"not_picked":["Cleave","Anger"],"picked":"Armaments"},{"not_picked":["Clothesline","Spot Weakness"],"picked":"Juggernaut"},{"not_picked":["Uppercut","Fire Breathing"],"picked":"Disarm"},{"not_picked":["Headbutt","Heavy Blade"],"picked":"Metallicize"},{"not_picked":["Second Wind","Pommel Strike"],"picked":"Flex"},{"not_picked":["Clothesline","Heavy Blade"],"picked":"Shrug It Off"},{"not_picked":["Sword Boomerang","Juggernaut"],"picked":"Headbutt"},{"not_picked":["Bludgeon","Reaper"],"picked":"Double Tap"},{"not_picked":["Whirlwind","Flex"],"picked":"Warcry"},{"not_picked":["Cleave","True Grit"],"picked":"Iron Wave"},{"not_picked":["Berserk","Heavy Blade"],"picked":"Headbutt"},{"not_picked":["Searing Blow","Seeing Red"],"picked":"Clash"}],"player_experience":31709,"potions_floor_usage":[21,25],"damage_taken":[{"damage":3.0,"enemies":"Jaw Worm","floor":1.0,"turns":5.0},{"damage":10.0,"enemies":"Small Slimes","floor":2.0,"turns":5.0},{"damage":0.0,"enemies":"Cultist","floor":3.0,"turns":3.0},{"damage":2.0,"enemies":"2 Fungi Beasts","floor":5.0,"turns":3.0},{"damage":15.0,"enemies":"Exordium Wildlife","floor":8.0,"turns":5.0},{"damage":27.0,"enemies":"3 Sentries","floor":10.0,"turns":4.0},{"damage":20.0,"enemies":"Exordium Thugs","floor":11.0,"turns":3.0},{"damage":0.0,"enemies":"Gremlin Gang","floor":12.0,"turns":2.0},{"damage":5.0,"enemies":"Looter","floor":13.0,"turns":2.0},{"damage":0.0,"enemies":"Large Slime","floor":14.0,"turns":4.0},{"damage":10.0,"enemies":"The Guardian","floor":16.0,"turns":9.0},{"damage":17,"enemies":"2 Thieves","floor":18,"turns":3},{"damage":23,"enemies":"Spheric Guardian","floor":19,"turns":4},{"damage":9,"enemies":"Centurion and Healer","floor":21,"turns":4},{"damage":19,"enemies":"Snecko","floor":24,"turns":5},{"damage":37,"enemies":"Slavers","floor":25,"turns":4}],"event_choices":[{"event_name":"Scrap Ooze","player_choice":"success","floor":4.0,"damage_taken":7.0},{"event_name":"Golden Wing","player_choice":"Card Removal","floor":7.0,"damage_taken":0.0},{"event_name":"Knowing Skull","player_choice":"","floor":22,"damage_taken":0}],"boss_relics":[{"not_picked":["Black Blood","Snecko Eye"],"picked":"Velvet Choker"}],"potions_floor_spawned":[1,8,12,13,14,16,19,24],"seed_played":"-761092983252313300","killed_by":"Slavers","ascension_level":0,"is_trial":false}