{"gold_per_floor":[118,118,130,130,141,141,157,175,198,218,42,42,42,42,42,42],"floor_reached":16,"playtime":1653,"items_purged":[],"score":92,"play_id":"a5df8fec-4571-480d-86db-3f5598a65dfe","local_time":"20190826075614","is_ascension_mode":false,"campfire_choices":[{"data":"Sentinel","floor":6,"key":"SMITH"},{"floor":15,"key":"REST"}],"neow_cost":"NONE","seed_source_timestamp":148895596250615,"circlet_count":0,"master_deck":["Strike_R","Strike_R","Strike_R","Strike_R","Strike_R+1","Defend_R","Defend_R","Defend_R","Defend_R","Bash","Rupture","Body Slam","Sentinel+1","Body Slam","True Grit","Ghostly Armor+1","Thunderclap+1","Entrench"],"relics":["Burning Blood","Dream Catcher","PreservedInsect","Red Skull"],"potions_floor_usage":[8,8,10],"damage_taken":[{"damage":2,"enemies":"Small Slimes","floor":1,"turns":4},{"damage":5,"enemies":"Jaw Worm","floor":3,"turns":6},{"damage":5,"enemies":"2 Louse","floor":5,"turns":3},{"damage":13,"enemies":"Gremlin Gang","floor":7,"turns":11},{"damage":24,"enemies":"Exordium Thugs","floor":8,"turns":8},{"damage":19,"enemies":"Lots of Slimes","floor":10,"turns":8},{"damage":63,"enemies":"Slime Boss","floor":16,"turns":18}],"seed_played":"-5991169713557876586","potions_obtained":[{"floor":1,"key":"GamblersBrew"},{"floor":3,"key":"PowerPotion"},{"floor":5,"key":"Regen Potion"},{"floor":8,"key":"Ancient Potion"}],"is_trial":false,"path_per_floor":["M","?","M","?","M","R","M","M","T","M","$","?","?","?","R","B"],"character_chosen":"IRONCLAD","items_purchased":["PreservedInsect","Thunderclap"],"campfire_rested":1,"item_purchase_floors":[11,11],"current_hp_per_floor":[88,88,88,88,88,88,81,78,78,65,65,65,47,35,61,0],"gold":42,"neow_bonus":"TEN_PERCENT_HP_BONUS","is_prod":false,"is_daily":false,"chose_seed":false,"campfire_upgraded":1,"win_rate":0.0,"timestamp":1566777374,"path_taken":["M","?","M","?","M","R","M","M","T","M","$","?","?","?","R","BOSS"],"build_version":"2019-07-17","purchased_purges":0,"victory":false,"max_hp_per_floor":[88,88,88,88,88,88,88,88,88,88,88,88,88,88,88,88],"card_choices":[{"not_picked":["Spot Weakness","Intimidate"],"picked":"Rupture","floor":1},{"not_picked":["Thunderclap","Carnage"],"picked":"Body Slam","floor":3},{"not_picked":["Iron Wave","Cleave"],"picked":"Sentinel","floor":5},{"not_picked":["Clash","Anger"],"picked":"Body Slam","floor":7},{"not_picked":["Anger","Iron Wave"],"picked":"True Grit","floor":8},{"not_picked":["Twin Strike","Shrug It Off"],"picked":"Ghostly Armor","floor":10},{"not_picked":["Heavy Blade","Pommel Strike"],"picked":"Entrench","floor":15}],"player_experience":82073,"relics_obtained":[{"floor":9,"key":"Dream Catcher"}],"event_choices":[{"damage_healed":0,"gold_gain":0,"player_choice":"Ignored","damage_taken":0,"max_hp_gain":0,"max_hp_loss":0,"event_name":"Golden Wing","floor":2,"gold_loss":0},{"damage_healed":0,"gold_gain":0,"player_choice":"Ignored","damage_taken":0,"max_hp_gain":0,"max_hp_loss":0,"event_name":"Liars Game","floor":4,"gold_loss":0},{"damage_healed":0,"gold_gain":0,"player_choice":"Grow","damage_taken":0,"max_hp_gain":0,"max_hp_loss":0,"event_name":"Living Wall","floor":12,"gold_loss":0,"cards_upgraded":["Ghostly Armor"]},{"damage_healed":0,"gold_gain":0,"player_choice":"Entered Light","damage_taken":18,"max_hp_gain":0,"max_hp_loss":0,"event_name":"Shining Light","floor":13,"gold_loss":0,"cards_upgraded":["Thunderclap","Strike_R"]},{"damage_healed":0,"gold_gain":0,"player_choice":"Success","damage_taken":12,"relics_obtained":["Red Skull"],"max_hp_gain":0,"max_hp_loss":0,"event_name":"Scrap Ooze","floor":14,"gold_loss":0}],"is_beta":false,"boss_relics":[],"items_purged_floors":[],"is_endless":false,"potions_floor_spawned":[1,3,5,8],"killed_by":"Slime Boss","ascension_level":0}