{"gold_per_floor":[112,112,112,169,179,179,206,220,220,234,260,45,56,75,75,75],"floor_reached":16,"playtime":772,"items_purged":[],"score":218,"play_id":"82d20744-ad79-48df-87d3-d205a222dc09","local_time":"20190830165554","is_ascension_mode":true,"campfire_choices":[{"data":"Clothesline","floor":6,"key":"SMITH"},{"floor":15,"key":"REST"}],"neow_cost":"NONE","seed_source_timestamp":933099199828600,"circlet_count":0,"master_deck":["AscendersBane","Strike_R","Strike_R","Strike_R","Strike_R","Strike_R","Defend_R","Defend_R","Defend_R","Defend_R","Bash+1","Clothesline+1","Headbutt","Inflame","Ghostly Armor","Magnetism","Disarm","Reaper"],"relics":["Burning Blood","Gremlin Horn","Shuriken","Mercury Hourglass","Question Card"],"potions_floor_usage":[11,16],"damage_taken":[{"damage":2,"enemies":"Cultist","floor":1,"turns":4},{"damage":10,"enemies":"2 Louse","floor":5,"turns":3},{"damage":24,"enemies":"Gremlin Nob","floor":7,"turns":4},{"damage":4,"enemies":"Small Slimes","floor":8,"turns":3},{"damage":13,"enemies":"Blue Slaver","floor":10,"turns":2},{"damage":20,"enemies":"3 Sentries","floor":11,"turns":5},{"damage":13,"enemies":"Red Slaver","floor":13,"turns":5},{"damage":1,"enemies":"2 Fungi Beasts","floor":14,"turns":3},{"damage":49,"enemies":"Slime Boss","floor":16,"turns":9}],"seed_played":"-8294836046702465702","potions_obtained":[{"floor":5,"key":"PowerPotion"},{"floor":10,"key":"FearPotion"}],"is_trial":false,"path_per_floor":["M","?","?","?","M","R","E","M","T","M","E","$","M","M","R","B"],"character_chosen":"IRONCLAD","items_purchased":["Magnetism"],"campfire_rested":1,"item_purchase_floors":[12],"current_hp_per_floor":[72,37,62,62,58,58,40,42,42,35,21,21,14,19,41,4],"gold":75,"neow_bonus":"UPGRADE_CARD","is_prod":false,"is_daily":false,"chose_seed":false,"campfire_upgraded":1,"win_rate":0,"timestamp":1567209354,"path_taken":["M","?","?","?","M","R","E","M","T","M","E","$","M","M","R","BOSS"],"build_version":"2019-07-17","purchased_purges":0,"victory":false,"max_hp_per_floor":[75,75,75,75,75,75,75,75,75,75,75,75,75,75,75,75],"card_choices":[{"not_picked":["Warcry","Armaments"],"picked":"Clothesline","floor":1},{"not_picked":["Inflame","Clothesline"],"picked":"Headbutt","floor":5},{"not_picked":["Rupture","Headbutt","Bloodletting"],"picked":"SKIP","floor":7},{"not_picked":["True Grit","Body Slam"],"picked":"Inflame","floor":8},{"not_picked":["Carnage","Bludgeon"],"picked":"Ghostly Armor","floor":10},{"not_picked":["Headbutt","Clothesline","Pommel Strike"],"picked":"SKIP","floor":11},{"not_picked":["Flame Barrier","Sword Boomerang","Whirlwind"],"picked":"Disarm","floor":13},{"not_picked":["Burning Pact","Iron Wave","Combust"],"picked":"Reaper","floor":14}],"player_experience":331835,"relics_obtained":[{"floor":7,"key":"Shuriken"},{"floor":9,"key":"Mercury Hourglass"},{"floor":11,"key":"Question Card"}],"event_choices":[{"damage_healed":0,"gold_gain":0,"player_choice":"Success","damage_taken":35,"relics_obtained":["Gremlin Horn"],"max_hp_gain":0,"max_hp_loss":0,"event_name":"Scrap Ooze","floor":2,"gold_loss":0},{"damage_healed":25,"gold_gain":0,"player_choice":"Banana","damage_taken":0,"max_hp_gain":0,"max_hp_loss":0,"event_name":"Big Fish","floor":3,"gold_loss":0},{"damage_healed":0,"gold_gain":57,"player_choice":"Gained Gold","damage_taken":0,"max_hp_gain":0,"max_hp_loss":0,"event_name":"Golden Wing","floor":4,"gold_loss":0}],"is_beta":false,"boss_relics":[],"items_purged_floors":[],"is_endless":false,"potions_floor_spawned":[5,10],"killed_by":"Slime Boss","ascension_level":19}