{"gold_per_floor":[109,109,109,125,141,141,153,153,153,153,169,202,202,216,216,321,321,339,359,377,392,392,392,392],"floor_reached":24,"playtime":1248,"items_purged":[],"score":200,"play_id":"d7b2e040-ebfd-49a7-8231-9559db7cc1d7","local_time":"20190815015737","is_ascension_mode":false,"campfire_choices":[{"data":"Defragment","floor":6,"key":"SMITH"},{"data":"Zap","floor":8,"key":"SMITH"},{"floor":13,"key":"REST"},{"floor":15,"key":"REST"},{"floor":23,"key":"REST"}],"neow_cost":"NONE","seed_source_timestamp":1977158093377557,"circlet_count":0,"master_deck":["Strike_B","Strike_B","Defend_B","Defend_B","Defend_B","Defend_B","Zap+1","Dualcast","Defragment+1","Double Energy","Ball Lightning","Lockon","Double Energy+1"],"relics":["Cracked Core","Pen Nib","Bag of Preparation","Bottled Tornado","Smiling Mask","Bag of Marbles","Black Star"],"potions_floor_usage":[18,21,24,24],"damage_taken":[{"damage":5,"enemies":"Small Slimes","floor":1,"turns":2},{"damage":1,"enemies":"Jaw Worm","floor":4,"turns":3},{"damage":1,"enemies":"Cultist","floor":5,"turns":3},{"damage":2,"enemies":"3 Louse","floor":7,"turns":3},{"damage":29,"enemies":"Exordium Thugs","floor":11,"turns":4},{"damage":21,"enemies":"Lagavulin","floor":12,"turns":5},{"damage":3,"enemies":"Red Slaver","floor":14,"turns":3},{"damage":26,"enemies":"Hexaghost","floor":16,"turns":8},{"damage":22,"enemies":"3 Byrds","floor":18,"turns":4},{"damage":9,"enemies":"Shell Parasite","floor":19,"turns":6},{"damage":8,"enemies":"Snecko","floor":20,"turns":5},{"damage":28,"enemies":"Centurion and Healer","floor":21,"turns":5},{"damage":31,"enemies":"Shelled Parasite and Fungi","floor":24,"turns":3}],"seed_played":"7813476095980892313","potions_obtained":[{"floor":1,"key":"Swift Potion"},{"floor":7,"key":"SteroidPotion"},{"floor":14,"key":"SteroidPotion"},{"floor":21,"key":"Swift Potion"}],"is_trial":false,"path_per_floor":["M","?","?","M","M","R","M","R","T","?","M","E","R","M","R","B",null,"M","M","M","M","?","R","M"],"character_chosen":"DEFECT","items_purchased":[],"campfire_rested":3,"item_purchase_floors":[],"current_hp_per_floor":[70,63,63,62,61,61,59,59,59,56,27,6,28,25,47,21,75,53,44,36,8,8,30,0],"gold":392,"neow_bonus":"RANDOM_COMMON_RELIC","is_prod":false,"is_daily":false,"chose_seed":false,"campfire_upgraded":2,"win_rate":0,"timestamp":1565801857,"path_taken":["M","?","?","?","M","R","M","R","T","?","M","E","R","M","R","BOSS","M","M","M","M","?","R","M"],"build_version":"2019-07-05","purchased_purges":0,"victory":false,"max_hp_per_floor":[75,75,75,75,75,75,75,75,75,75,75,75,75,75,75,75,75,75,75,75,75,75,75,75],"card_choices":[{"not_picked":["Turbo","Go for the Eyes"],"picked":"Defragment","floor":1},{"not_picked":["Sweeping Beam","Coolheaded","Storm"],"picked":"SKIP","floor":4},{"not_picked":["Gash","Static Discharge"],"picked":"Double Energy","floor":5},{"not_picked":["Rebound","Force Field","Turbo"],"picked":"SKIP","floor":7},{"not_picked":["Compile Driver","Beam Cell","Redo"],"picked":"SKIP","floor":11},{"not_picked":["Rip and Tear","Stack","Beam Cell"],"picked":"SKIP","floor":12},{"not_picked":["Leap","Steam"],"picked":"Ball Lightning","floor":14},{"not_picked":["Go for the Eyes+1","Rebound","Gash+1"],"picked":"SKIP","floor":18},{"not_picked":["Leap","Undo"],"picked":"Lockon","floor":19},{"not_picked":["Auto Shields","Lockon"],"picked":"Double Energy+1","floor":20},{"not_picked":["Chill+1","Rebound","Glacier"],"picked":"SKIP","floor":21}],"player_experience":492134,"relics_obtained":[{"floor":3,"key":"Bag of Preparation"},{"floor":9,"key":"Bottled Tornado"},{"floor":12,"key":"Bag of Marbles"}],"event_choices":[{"cards_removed":["Strike_B"],"damage_healed":0,"gold_gain":0,"player_choice":"Card Removal","damage_taken":7,"max_hp_gain":0,"max_hp_loss":0,"event_name":"Golden Wing","floor":2,"gold_loss":0},{"damage_healed":0,"gold_gain":0,"player_choice":"Relic","damage_taken":0,"max_hp_gain":0,"max_hp_loss":0,"event_name":"Wheel of Change","floor":3,"gold_loss":0},{"damage_healed":0,"gold_gain":0,"player_choice":"Success","damage_taken":3,"relics_obtained":["Smiling Mask"],"max_hp_gain":0,"max_hp_loss":0,"event_name":"Scrap Ooze","floor":10,"gold_loss":0},{"cards_removed":["Strike_B"],"damage_healed":0,"gold_gain":0,"player_choice":"Purged","damage_taken":0,"max_hp_gain":0,"max_hp_loss":0,"event_name":"Purifier","floor":22,"gold_loss":0}],"is_beta":false,"boss_relics":[{"not_picked":["Tiny House","Velvet Choker"],"picked":"Black Star"}],"items_purged_floors":[],"is_endless":false,"potions_floor_spawned":[1,7,14,21],"killed_by":"Shelled Parasite and Fungi","ascension_level":0}