{"path_per_floor":["M","?","M","?","M","R","T","M","T","M","?","M","$","M","R","B",null,"M","?","?","?","M","E","$","R","T","M","?","M","M","M","R","B",null,"M","?","M","?","?"],"character_chosen":"THE_SILENT","items_purchased":["Pen Nib","Dagger Spray","Omamori","Prayer Wheel","Ancient Tea Set"],"gold_per_floor":[116,291,309,309,322,322,348,365,388,402,402,413,17,37,37,142,142,160,260,260,260,272,300,5,5,5,24,24,42,58,75,75,174,174,192,192,206,206,206],"floor_reached":40,"campfire_rested":2,"playtime":3887,"current_hp_per_floor":[66,66,59,59,59,59,59,54,54,52,70,63,63,55,55,19,70,59,59,59,49,46,22,22,36,36,29,29,13,7,10,24,10,49,48,49,19,19,19],"items_purged":["Doubt"],"gold":206,"play_id":"678309e6-3a38-45d7-b0b8-6bf8a14d3eec","is_prod":false,"is_daily":false,"is_ascension_mode":false,"campfire_upgraded":2,"path_taken":["M","?","M","?","M","R","?","M","T","M","?","M","$","M","R","BOSS","M","?","?","?","M","E","?","R","T","M","?","M","M","M","R","BOSS","M","?","M","?","?","E"],"build_version":"2018-02-01-PROD3","purchased_purges":1,"victory":false,"master_deck":["Defend_G","Defend_G","Defend_G","Defend_G","Defend_G","Survivor","Neutralize+1","Heel Hook","Slice","Dagger Throw","Slice","Infinite Blades+1","Quick Slash","Dagger Spray","Flying Knee","Wraith Form+1","Acrobatics+1","Bite","Bite","Bite","Bite","Bite","Quick Slash","Envenom+1","Finisher","Dagger Spray","Finisher","Dash","PiercingWail+1","A Thousand Cuts+1","Unload","Choke+1","Dagger Throw+1","Noxious Fumes+1","Neutralize"],"max_hp_per_floor":[70,70,70,70,70,70,70,70,70,70,70,70,70,70,70,70,70,70,70,70,49,49,49,49,49,49,49,49,49,49,49,49,49,49,49,49,49,49,49],"relics":["Lizard Tail","Bronze Scales","Juzu Bracelet","Pen Nib","Omamori","Velvet Choker","Frozen Egg 2","Prayer Wheel","Ancient Tea Set","Shuriken","The Specimen"],"card_choices":[{"not_picked":["Malaise","Sucker Punch"],"picked":"Heel Hook"},{"not_picked":["Flying Knee","Backflip"],"picked":"Slice"},{"not_picked":["Underhanded Strike","Distraction"],"picked":"Dagger Throw"},{"not_picked":["Dagger Throw","Dagger Spray"],"picked":"Slice"},{"not_picked":["Bane","Calculated Gamble"],"picked":"Infinite Blades"},{"not_picked":["Reflex","Dodge and Roll"],"picked":"Quick Slash"},{"not_picked":["Prepared","Dagger Spray"],"picked":"Flying Knee"},{"not_picked":["Burst","After Image"],"picked":"Wraith Form"},{"not_picked":["Dodge and Roll","Flechettes"],"picked":"Acrobatics"},{"not_picked":["Flying Knee","Slice"],"picked":"Quick Slash"},{"not_picked":["Flying Knee","Acrobatics"],"picked":"Envenom"},{"not_picked":["Eviscerate","Prepared"],"picked":"Finisher"},{"not_picked":["Dagger Throw","Backflip"],"picked":"Dagger Spray"},{"not_picked":["Endless Agony","Poisoned Stab"],"picked":"Dash"},{"not_picked":["Sucker Punch","Dodge and Roll"],"picked":"PiercingWail"},{"not_picked":["Finisher","Caltrops"],"picked":"A Thousand Cuts"},{"not_picked":["Wraith Form","Glass Knife"],"picked":"Unload"},{"not_picked":["Skewer","Deadly Poison"],"picked":"Choke"},{"not_picked":["Backflip","Skewer"],"picked":"Dagger Throw"}],"player_experience":52288,"potions_floor_usage":[10,16,16,22,30,30,40,40],"damage_taken":[{"damage":4,"enemies":"2 Louse","floor":1,"turns":4},{"damage":7,"enemies":"Jaw Worm","floor":3,"turns":8},{"damage":0,"enemies":"Small Slimes","floor":5,"turns":4},{"damage":5,"enemies":"Looter","floor":8,"turns":3},{"damage":17,"enemies":"Exordium Wildlife","floor":10,"turns":6},{"damage":7,"enemies":"2 Fungi Beasts","floor":12,"turns":4},{"damage":8,"enemies":"Red Slaver","floor":14,"turns":4},{"damage":36,"enemies":"Slime Boss","floor":16,"turns":9},{"damage":11,"enemies":"Chosen","floor":18,"turns":5},{"damage":5,"enemies":"Spheric Guardian","floor":22,"turns":3},{"damage":36,"enemies":"Gremlin Leader","floor":23,"turns":7},{"damage":13,"enemies":"3 Cultists","floor":27,"turns":4},{"damage":24,"enemies":"Snake Plant","floor":29,"turns":4},{"damage":12,"enemies":"Centurion and Healer","floor":30,"turns":3},{"damage":5,"enemies":"Sentry and Sphere","floor":31,"turns":3},{"damage":54,"enemies":"Collector","floor":33,"turns":8},{"damage":5,"enemies":"3 Shapes","floor":35,"turns":4},{"damage":30,"enemies":"Orb Walker","floor":37,"turns":3},{"damage":30,"enemies":"Giant Head","floor":40,"turns":5}],"event_choices":[{"event_name":"Liars Game","player_choice":"agreed","floor":2,"damage_taken":0},{"event_name":"The Cleric","player_choice":"Leave","floor":4,"damage_taken":0},{"event_name":"Wheel of Change","player_choice":"Full Heal","floor":11,"damage_taken":0},{"event_name":"Golden Shrine","player_choice":"Pray","floor":19,"damage_taken":0},{"event_name":"Upgrade Shrine","player_choice":"Upgraded","floor":20,"damage_taken":0},{"event_name":"Vampires","player_choice":"Became a vampire","floor":21,"damage_taken":0},{"event_name":"The Library","player_choice":"Read","floor":28,"damage_taken":0},{"event_name":"Winding Halls","player_choice":"Writhe","floor":36,"damage_taken":0},{"event_name":"Mysterious Sphere","player_choice":"Ignore","floor":38,"damage_taken":0},{"event_name":"Match and Keep!","player_choice":"2 cards matched","floor":39,"damage_taken":0}],"boss_relics":[{"not_picked":["Sozu","Black Star"],"picked":"Velvet Choker"},{"not_picked":["Orrery","Cursed Key"],"picked":"The Specimen"}],"potions_floor_spawned":[1,3,12,16,18,27,35,37],"seed_played":"-8810583403532761198","killed_by":"Giant Head","ascension_level":0,"is_trial":false}