{"gold_per_floor":[114,114,114,35,55,55,72,95,95,107,137,137,62,75,75,180,180,195,158,138,138,138,148,148,158,158,158],"floor_reached":27,"playtime":1091,"items_purged":[],"score":233,"play_id":"ccac15d6-89f0-43ab-836a-a0a138f53b92","local_time":"20181023203504","is_ascension_mode":true,"campfire_choices":[{"data":"Bouncing Flask","floor":6,"key":"SMITH"},{"data":"Neutralize","floor":12,"key":"SMITH"},{"data":"Catalyst","floor":15,"key":"SMITH"},{"floor":24,"key":"REST"}],"neow_cost":"NONE","seed_source_timestamp":438660305450787,"circlet_count":0,"master_deck":["Defend_G","Defend_G","Defend_G","Defend_G","Defend_G","Strike_G","Strike_G","Strike_G","Strike_G","Strike_G","Survivor","Neutralize+1","Deadly Poison","Bouncing Flask+1","Dodge and Roll","Catalyst+1","Dagger Throw","Caltrops","Caltrops","Burst","Prepared","Noxious Fumes","Cloak And Dagger","Poisoned Stab","Well Laid Plans"],"relics":["Ring of the Snake","Oddly Smooth Stone","Letter Opener","Tiny Chest","Lizard Tail","Frozen Egg 2"],"potions_floor_usage":[7,10,16,20,27],"damage_taken":[{"damage":0,"enemies":"Cultist","floor":1,"turns":4},{"damage":1,"enemies":"Jaw Worm","floor":5,"turns":3},{"damage":0,"enemies":"Small Slimes","floor":7,"turns":2},{"damage":9,"enemies":"3 Louse","floor":10,"turns":2},{"damage":0,"enemies":"Blue Slaver","floor":14,"turns":2},{"damage":2,"enemies":"The Guardian","floor":16,"turns":8},{"damage":38,"enemies":"Spheric Guardian","floor":18,"turns":6},{"damage":15,"enemies":"2 Thieves","floor":20,"turns":4},{"damage":31,"enemies":"Shelled Parasite and Fungi","floor":23,"turns":6},{"damage":18,"enemies":"Snake Plant","floor":25,"turns":3},{"damage":53,"enemies":"Colosseum Slavers","floor":27,"turns":4}],"seed_played":"-529233918493544969","potions_obtained":[{"floor":0,"key":"GhostInAJar"},{"floor":0,"key":"Weak Potion"},{"floor":0,"key":"SkillPotion"},{"floor":1,"key":"Energy Potion"},{"floor":16,"key":"GhostInAJar"},{"floor":25,"key":"Fruit Juice"}],"is_trial":false,"path_per_floor":["M","?","?","$","M","R","M","T","T","M","?","R","$","M","R","B",null,"M","$","M","$","?","M","R","M","T"],"character_chosen":"THE_SILENT","items_purchased":["Bouncing Flask","Caltrops","Noxious Fumes"],"campfire_rested":1,"item_purchase_floors":[4,13,19],"current_hp_per_floor":[70,75,75,75,74,74,74,74,74,65,62,62,62,62,62,60,75,37,37,22,22,22,31,53,35,35,0],"gold":158,"neow_bonus":"THREE_SMALL_POTIONS","is_prod":false,"is_daily":false,"chose_seed":false,"campfire_upgraded":3,"win_rate":0,"timestamp":1540319704,"path_taken":["M","?","?","$","M","R","M","?","T","M","?","R","$","?","R","BOSS","M","$","M","$","?","M","R","M","T","?"],"build_version":"2018-10-18","purchased_purges":0,"victory":false,"max_hp_per_floor":[70,75,75,75,75,75,75,75,75,75,75,75,75,75,75,75,75,75,75,75,75,75,75,75,75,75,80],"card_choices":[{"not_picked":["Dodge and Roll","Catalyst"],"picked":"Deadly Poison","floor":1},{"not_picked":["Endless Agony","Reflex"],"picked":"Dodge and Roll","floor":5},{"not_picked":["Acrobatics","Dagger Throw"],"picked":"Catalyst","floor":7},{"not_picked":["Deadly Poison","Backflip"],"picked":"Dagger Throw","floor":10},{"not_picked":["Poisoned Stab","Dodge and Roll"],"picked":"Caltrops","floor":14},{"not_picked":["Night Terror","After Image"],"picked":"Burst","floor":16},{"not_picked":["Cloak And Dagger","Blade Dance+1"],"picked":"Prepared","floor":18},{"not_picked":["Sucker Punch","Concentrate"],"picked":"Cloak And Dagger","floor":20},{"not_picked":["Backflip+1","Outmaneuver"],"picked":"Poisoned Stab","floor":23},{"not_picked":["Endless Agony","Underhanded Strike"],"picked":"Well Laid Plans","floor":25}],"player_experience":232874,"relics_obtained":[{"floor":8,"key":"Oddly Smooth Stone"},{"floor":9,"key":"Letter Opener"},{"floor":26,"key":"Frozen Egg 2"}],"event_choices":[{"damage_healed":0,"gold_gain":0,"player_choice":"Donut","damage_taken":0,"max_hp_gain":5,"max_hp_loss":0,"event_name":"Big Fish","floor":2,"gold_loss":0},{"damage_healed":0,"gold_gain":0,"player_choice":"Ignored","damage_taken":0,"max_hp_gain":0,"max_hp_loss":0,"event_name":"Golden Wing","floor":3,"gold_loss":0},{"damage_healed":0,"gold_gain":0,"player_choice":"Success","damage_taken":3,"relics_obtained":["Tiny Chest"],"max_hp_gain":0,"max_hp_loss":0,"event_name":"Scrap Ooze","floor":11,"gold_loss":0},{"damage_healed":0,"gold_gain":0,"player_choice":"Ignored","damage_taken":0,"max_hp_gain":0,"max_hp_loss":0,"event_name":"Ghosts","floor":22,"gold_loss":0},{"damage_healed":0,"gold_gain":0,"player_choice":"Fight","damage_taken":0,"max_hp_gain":0,"max_hp_loss":0,"event_name":"Colosseum","floor":27,"gold_loss":0}],"is_beta":false,"boss_relics":[{"not_picked":["Sozu","HoveringKite"],"picked":"Lizard Tail"}],"items_purged_floors":[],"is_endless":false,"potions_floor_spawned":[1,16,25],"killed_by":"Colosseum Slavers","ascension_level":3}