{"gold_per_floor":[109,184,359,359,409,441,441,461,461,475,508,508,508,138,138,234,234,245,258,274,274,274,274,274,289,342,342,359,359,375,375,375,375],"floor_reached":33,"playtime":1351,"items_purged":[],"score":373,"play_id":"be4985af-6580-4a3f-a7ec-efc00dd060d3","local_time":"20181218163314","is_ascension_mode":true,"campfire_choices":[{"floor":7,"key":"REST"},{"floor":12,"key":"REST"},{"floor":15,"key":"RECALL"},{"floor":23,"key":"REST"},{"data":"Backstab","floor":27,"key":"SMITH"},{"floor":29,"key":"REST"},{"floor":32,"key":"REST"}],"neow_cost":"NONE","seed_source_timestamp":223121556258195,"circlet_count":0,"master_deck":["Defend_G","Defend_G","Defend_G","Defend_G","Defend_G","Strike_G","Strike_G","Strike_G+1","Strike_G+1","Strike_G","Survivor","Neutralize+1","Poisoned Stab+1","Backstab+1","Flying Knee","PiercingWail","Blur+1","Backstab+1","Deadly Poison+1","Pain","Deflect"],"relics":["Ring of the Snake","Vajra","Singing Bowl","Potion Belt","TheAbacus","Pen Nib","Cursed Key","Whetstone"],"potions_floor_usage":[11,18,25,33,33,33],"damage_taken":[{"damage":2,"enemies":"Small Slimes","floor":1,"turns":4},{"damage":31,"enemies":"3 Sentries","floor":6,"turns":11},{"damage":0,"enemies":"2 Louse","floor":8,"turns":1},{"damage":0,"enemies":"Jaw Worm","floor":10,"turns":1},{"damage":0,"enemies":"Lagavulin","floor":11,"turns":5},{"damage":49,"enemies":"Hexaghost","floor":16,"turns":12},{"damage":0,"enemies":"Spheric Guardian","floor":18,"turns":4},{"damage":9,"enemies":"3 Byrds","floor":19,"turns":7},{"damage":27,"enemies":"Snake Plant","floor":20,"turns":6},{"damage":1,"enemies":"3 Cultists","floor":25,"turns":5},{"damage":17,"enemies":"Centurion and Healer","floor":28,"turns":6},{"damage":14,"enemies":"Shelled Parasite and Fungi","floor":30,"turns":5},{"damage":101,"enemies":"Champ","floor":33,"turns":12}],"seed_played":"-7610116562064321374","potions_obtained":[{"floor":8,"key":"Strength Potion"},{"floor":10,"key":"AttackPotion"},{"floor":16,"key":"GhostInAJar"},{"floor":18,"key":"Energy Potion"},{"floor":20,"key":"Swift Potion"},{"floor":30,"key":"Weak Potion"}],"is_trial":false,"path_per_floor":["M","?","?","?","T","E","R","M","T","M","E","R","?","$","R","B",null,"M","M","M","?","?","R","?","M","T","R","M","R","M","?","R","B"],"character_chosen":"THE_SILENT","items_purchased":["TheAbacus","Pen Nib","PiercingWail"],"campfire_rested":5,"item_purchase_floors":[14,14,14],"current_hp_per_floor":[68,57,57,50,50,19,40,40,40,42,44,66,66,66,66,17,60,60,53,26,26,26,48,86,85,85,85,68,86,74,57,84,0],"gold":375,"neow_bonus":"UPGRADE_CARD","is_prod":false,"is_daily":false,"chose_seed":false,"campfire_upgraded":1,"win_rate":0,"timestamp":1545147194,"path_taken":["M","?","?","?","?","E","R","?","T","M","E","R","?","$","R","BOSS","M","?","M","?","?","R","?","M","T","R","?","R","M","?","R","BOSS"],"build_version":"2018-12-13","purchased_purges":0,"victory":false,"max_hp_per_floor":[70,70,70,70,70,70,70,70,70,72,74,74,74,74,74,74,74,74,76,76,76,76,76,86,86,86,86,86,86,88,93,93,93],"card_choices":[{"not_picked":["Infinite Blades","Dodge and Roll"],"picked":"Poisoned Stab","floor":1},{"not_picked":["Accuracy","Flying Knee"],"picked":"Backstab","floor":6},{"not_picked":["Prepared","Underhanded Strike"],"picked":"Flying Knee","floor":8},{"not_picked":["Prepared","Predator","Dodge and Roll"],"picked":"Singing Bowl","floor":10},{"not_picked":["Prepared","Storm of Steel","Underhanded Strike"],"picked":"Singing Bowl","floor":11},{"not_picked":["Glass Knife","Grand Finale"],"picked":"Burst","floor":16},{"not_picked":["Flying Knee","Heel Hook"],"picked":"Blur+1","floor":18},{"not_picked":["Blade Dance","Outmaneuver+1","Bane"],"picked":"Singing Bowl","floor":19},{"not_picked":["Sucker Punch","Prepared"],"picked":"Backstab+1","floor":20},{"not_picked":["All Out Attack","Dagger Throw+1"],"picked":"Deadly Poison+1","floor":25},{"not_picked":["Glass Knife","Heel Hook"],"picked":"Deflect","floor":28},{"not_picked":["Underhanded Strike","Reflex","Deadly Poison"],"picked":"Singing Bowl","floor":30}],"player_experience":334296,"relics_obtained":[{"floor":6,"key":"Vajra"},{"floor":9,"key":"Singing Bowl"},{"floor":11,"key":"Potion Belt"},{"floor":26,"key":"Whetstone"}],"event_choices":[{"damage_healed":0,"gold_gain":75,"player_choice":"Gather Gold","damage_taken":11,"max_hp_gain":0,"max_hp_loss":0,"event_name":"World of Goop","floor":2,"gold_loss":0},{"damage_healed":0,"gold_gain":175,"player_choice":"AGREE","damage_taken":0,"max_hp_gain":0,"max_hp_loss":0,"event_name":"Liars Game","floor":3,"gold_loss":0,"cards_obtained":["Doubt"]},{"cards_removed":["Doubt"],"damage_healed":0,"gold_gain":0,"player_choice":"Card Removal","damage_taken":7,"max_hp_gain":0,"max_hp_loss":0,"event_name":"Golden Wing","floor":4,"gold_loss":0},{"damage_healed":0,"gold_gain":0,"player_choice":"Upgraded","damage_taken":0,"max_hp_gain":0,"max_hp_loss":0,"event_name":"Upgrade Shrine","floor":13,"gold_loss":0,"cards_upgraded":["Poisoned Stab"]},{"damage_healed":0,"gold_gain":0,"player_choice":"Ignored","damage_taken":0,"max_hp_gain":0,"max_hp_loss":0,"event_name":"Ghosts","floor":21,"gold_loss":0},{"damage_healed":0,"gold_gain":0,"player_choice":"Ignored","damage_taken":0,"max_hp_gain":0,"max_hp_loss":0,"event_name":"Beggar","floor":22,"gold_loss":0},{"cards_removed":["Burst"],"damage_healed":28,"gold_gain":0,"player_choice":"Offered Rare","damage_taken":0,"max_hp_gain":10,"max_hp_loss":0,"event_name":"Bonfire Elementals","floor":24,"gold_loss":0},{"damage_healed":0,"gold_gain":0,"player_choice":"Shed Blood","damage_taken":22,"max_hp_gain":5,"max_hp_loss":0,"event_name":"Forgotten Altar","floor":31,"gold_loss":0}],"is_beta":false,"boss_relics":[{"not_picked":["HoveringKite","Fusion Hammer"],"picked":"Cursed Key"}],"items_purged_floors":[],"is_endless":false,"potions_floor_spawned":[8,10,16,18,20,30],"killed_by":"Champ","ascension_level":5}