{"gold_per_floor":[116,116,130,150,66,66,96,96,120,153,153,163,178,196,196,296,296,310,239,268,284,335,335,351,351],"floor_reached":25,"playtime":2951,"items_purged":[],"score":224,"play_id":"d83f9ad3-cee5-483d-80ff-8b6d83ca3d66","local_time":"20181231155614","is_ascension_mode":true,"campfire_choices":[{"data":"Sweeping Beam","floor":6,"key":"SMITH"},{"floor":8,"key":"REST"},{"floor":15,"key":"REST"},{"floor":23,"key":"REST"}],"neow_cost":"NONE","seed_source_timestamp":172879368973752,"circlet_count":0,"master_deck":["Strike_B","Strike_B","Strike_B","Defend_B","Defend_B","Defend_B","Defend_B","Zap","Dualcast","Rebound","Reinforced Body","Beam Cell","Sweeping Beam+1","Capacitor","Ball Lightning","Turbo","White Noise","Go for the Eyes","Coolheaded","Thunder Strike","Tempest","Consume+1","Tempest"],"relics":["Cracked Core","Bag of Marbles","Happy Flower","Blood Vial","Inserter","Red Mask","Smiling Mask"],"potions_floor_usage":[18,20],"damage_taken":[{"damage":1,"enemies":"Jaw Worm","floor":1,"turns":3},{"damage":1,"enemies":"Cultist","floor":3,"turns":4},{"damage":6,"enemies":"2 Louse","floor":4,"turns":3},{"damage":19,"enemies":"3 Sentries","floor":7,"turns":6},{"damage":7,"enemies":"Lagavulin","floor":10,"turns":5},{"damage":9,"enemies":"Exordium Wildlife","floor":12,"turns":2},{"damage":5,"enemies":"Lots of Slimes","floor":13,"turns":3},{"damage":3,"enemies":"Exordium Thugs","floor":14,"turns":3},{"damage":26,"enemies":"The Guardian","floor":16,"turns":10},{"damage":3,"enemies":"3 Byrds","floor":18,"turns":5},{"damage":33,"enemies":"Masked Bandits","floor":20,"turns":5},{"damage":22,"enemies":"2 Thieves","floor":21,"turns":5},{"damage":22,"enemies":"3 Cultists","floor":24,"turns":5},{"damage":30,"enemies":"Centurion and Healer","floor":25,"turns":6}],"seed_played":"1546600514476337688","potions_obtained":[{"floor":3,"key":"Swift Potion"},{"floor":4,"key":"SkillPotion"},{"floor":14,"key":"Ancient Potion"},{"floor":20,"key":"Poison Potion"},{"floor":24,"key":"SteroidPotion"}],"is_trial":false,"path_per_floor":["M","?","M","M","$","R","E","R","T","E","$","M","M","M","R","B",null,"M","$","?","M","T","R","M","M"],"character_chosen":"DEFECT","items_purchased":["Capacitor","Ball Lightning","Tempest"],"campfire_rested":3,"item_purchase_floors":[5,5,19],"current_hp_per_floor":[74,74,73,67,67,67,48,70,70,63,63,56,53,52,74,49,75,72,72,41,21,21,43,23,0],"gold":351,"neow_bonus":"TRANSFORM_CARD","is_prod":false,"is_daily":false,"chose_seed":false,"campfire_upgraded":1,"win_rate":0,"timestamp":1546239374,"path_taken":["M","?","M","M","$","R","E","R","T","E","?","M","M","?","R","BOSS","M","$","?","M","?","R","?","M"],"build_version":"2018-12-20","purchased_purges":0,"victory":false,"max_hp_per_floor":[75,75,75,75,75,75,75,75,75,75,75,75,75,75,75,75,75,75,75,75,75,75,75,75,75],"card_choices":[{"not_picked":["Compile Driver","Coolheaded"],"picked":"Reinforced Body","floor":1},{"not_picked":["Barrage","Coolheaded"],"picked":"Beam Cell","floor":3},{"not_picked":["Go for the Eyes","Sunder"],"picked":"Sweeping Beam","floor":4},{"not_picked":["Melter","Sunder"],"picked":"Turbo","floor":7},{"not_picked":["Skim","Conserve Battery"],"picked":"White Noise","floor":10},{"not_picked":["Redo","Amplify"],"picked":"Go for the Eyes","floor":12},{"not_picked":["Beam Cell","Sweeping Beam","Blizzard"],"picked":"SKIP","floor":13},{"not_picked":["Compile Driver","Reprogram"],"picked":"Coolheaded","floor":14},{"not_picked":["Fission","Seek"],"picked":"Thunder Strike","floor":16},{"not_picked":["Turbo+1","Heatsinks","Hologram"],"picked":"SKIP","floor":18},{"not_picked":["Blizzard","Capacitor"],"picked":"Consume+1","floor":21},{"not_picked":["Beam Cell+1","Barrage"],"picked":"Tempest","floor":24}],"player_experience":74535,"relics_obtained":[{"floor":7,"key":"Bag of Marbles"},{"floor":9,"key":"Happy Flower"},{"floor":10,"key":"Blood Vial"},{"floor":20,"key":"Red Mask"},{"floor":22,"key":"Smiling Mask"}],"event_choices":[{"damage_healed":0,"gold_gain":0,"player_choice":"Bought 0 Potions","damage_taken":0,"max_hp_gain":0,"max_hp_loss":0,"event_name":"The Woman in Blue","floor":2,"gold_loss":0},{"damage_healed":0,"gold_gain":0,"player_choice":"Fought Bandits","damage_taken":0,"max_hp_gain":0,"max_hp_loss":0,"event_name":"Masked Bandits","floor":20,"gold_loss":0}],"is_beta":false,"boss_relics":[{"not_picked":["Pandora\u0027s Box","Snecko Eye"],"picked":"Inserter"}],"items_purged_floors":[],"is_endless":false,"potions_floor_spawned":[3,4,14,20,24],"killed_by":"Centurion and Healer","ascension_level":1}