{"gold_per_floor":[117,134,144,157,107,136,136,163,186,201,201,201,220,239,239,339,339,354,364,279,295,8,8,8,39,39,51,79,91,91,110,110,209,209,228,238,255,274,294,294,305,305,305,325,325,342,361,393,393,393,393,393,11,45,45],"floor_reached":55,"playtime":3473,"items_purged":["Defend_R"],"score":919,"play_id":"b4353cd0-3f4a-4761-a91f-2da9ebbd80d9","local_time":"20190822132209","is_ascension_mode":true,"campfire_choices":[{"floor":7,"key":"RECALL"},{"floor":11,"key":"REST"},{"floor":15,"key":"REST"},{"floor":23,"key":"REST"},{"floor":30,"key":"REST"},{"data":"Perfected Strike","floor":32,"key":"SMITH"},{"data":"Perfected Strike","floor":40,"key":"SMITH"},{"data":"Perfected Strike","floor":42,"key":"SMITH"},{"data":"Havoc","floor":45,"key":"SMITH"},{"data":"Metallicize","floor":49,"key":"SMITH"},{"data":"Metallicize","floor":52,"key":"SMITH"}],"neow_cost":"NONE","seed_source_timestamp":226368342782300,"circlet_count":0,"master_deck":["Strike_R","Strike_R","Strike_R","Strike_R","Strike_R","Defend_R","Defend_R","Bash","Offering+1","Perfected Strike+1","Cleave","Cleave","Metallicize+1","Spot Weakness","Exhume+1","Wild Strike","Metallicize+1","Wild Strike","Demon Form","Armaments","Perfected Strike+1","Pommel Strike","Evolve","Limit Break","Pommel Strike","Perfected Strike+1","Havoc+1","Wild Strike","Perfected Strike+1","Warcry+1","Spot Weakness","Immolate","Perfected Strike+1","Heavy Blade+1","Pummel","Headbutt+1","Perfected Strike+1","Clothesline+1","Metallicize+1","Blood for Blood","Battle Trance+1","Wild Strike","Perfected Strike+1","Finesse","Immolate"],"relics":["Burning Blood","Ancient Tea Set","Orichalcum","Happy Flower","Philosopher\u0027s Stone","PreservedInsect","Charon\u0027s Ashes","War Paint","Shuriken","Eternal Feather","Sundial","Mummified Hand","DollysMirror","Blood Vial"],"potions_floor_usage":[6,6,8,10,16,27,28,33,39,39,50],"damage_taken":[{"damage":9,"enemies":"2 Louse","floor":1,"turns":2},{"damage":4,"enemies":"Jaw Worm","floor":2,"turns":3},{"damage":6,"enemies":"Small Slimes","floor":3,"turns":2},{"damage":8,"enemies":"3 Louse","floor":4,"turns":3},{"damage":19,"enemies":"3 Sentries","floor":6,"turns":4},{"damage":28,"enemies":"Gremlin Nob","floor":8,"turns":4},{"damage":12,"enemies":"Gremlin Gang","floor":10,"turns":3},{"damage":12,"enemies":"Large Slime","floor":13,"turns":3},{"damage":2,"enemies":"Red Slaver","floor":14,"turns":4},{"damage":70,"enemies":"The Guardian","floor":16,"turns":9},{"damage":22,"enemies":"3 Byrds","floor":18,"turns":5},{"damage":4,"enemies":"Chosen","floor":19,"turns":4},{"damage":46,"enemies":"Shelled Parasite and Fungi","floor":21,"turns":5},{"damage":16,"enemies":"Gremlin Leader","floor":25,"turns":4},{"damage":8,"enemies":"Cultist and Chosen","floor":27,"turns":4},{"damage":6,"enemies":"Slavers","floor":28,"turns":2},{"damage":10,"enemies":"3 Cultists","floor":29,"turns":4},{"damage":13,"enemies":"Shelled Parasite and Fungi","floor":31,"turns":3},{"damage":28,"enemies":"Automaton","floor":33,"turns":6},{"damage":0,"enemies":"Orb Walker","floor":35,"turns":1},{"damage":13,"enemies":"3 Shapes","floor":36,"turns":3},{"damage":23,"enemies":"Spire Growth","floor":37,"turns":4},{"damage":13,"enemies":"Sphere and 2 Shapes","floor":38,"turns":2},{"damage":30,"enemies":"4 Shapes","floor":39,"turns":3},{"damage":21,"enemies":"Writhing Mass","floor":41,"turns":4},{"damage":8,"enemies":"Sphere and 2 Shapes","floor":44,"turns":2},{"damage":15,"enemies":"Spire Growth","floor":46,"turns":3},{"damage":8,"enemies":"4 Shapes","floor":47,"turns":2},{"damage":8,"enemies":"Giant Head","floor":48,"turns":5},{"damage":85,"enemies":"Time Eater","floor":50,"turns":7},{"damage":5,"enemies":"Shield and Spear","floor":54,"turns":3},{"damage":91,"enemies":"The Heart","floor":55,"turns":3}],"seed_played":"-2800565569870709831","potions_obtained":[{"floor":2,"key":"AttackPotion"},{"floor":3,"key":"Dexterity Potion"},{"floor":4,"key":"EssenceOfSteel"},{"floor":8,"key":"Energy Potion"},{"floor":14,"key":"Energy Potion"},{"floor":18,"key":"Strength Potion"},{"floor":21,"key":"FairyPotion"},{"floor":27,"key":"EssenceOfSteel"},{"floor":31,"key":"Weak Potion"},{"floor":37,"key":"AttackPotion"},{"floor":38,"key":"Block Potion"},{"floor":44,"key":"Fire Potion"},{"floor":46,"key":"SpeedPotion"}],"is_trial":false,"path_per_floor":["M","M","M","M","?","E","R","E","T","M","R","?","M","M","R","B",null,"M","M","?","M","$","R","?","E","T","M","E","M","R","M","R","B",null,"M","M","M","M","M","R","M","R","T","M","R","M","M","E","R","B",null,"R","$","E","B"],"character_chosen":"IRONCLAD","items_purchased":["Evolve","Limit Break","Pommel Strike","Wild Strike","DollysMirror","Finesse"],"campfire_rested":4,"item_purchase_floors":[22,22,22,53,53,53],"current_hp_per_floor":[77,79,79,77,77,64,64,42,42,36,60,57,51,55,79,15,80,64,66,66,26,26,50,50,40,40,38,38,34,58,51,51,29,80,80,73,56,49,25,46,31,52,52,50,71,62,60,58,80,14,80,80,80,80,0],"gold":45,"neow_bonus":"ONE_RANDOM_RARE_CARD","is_prod":false,"is_daily":false,"chose_seed":false,"campfire_upgraded":6,"win_rate":0,"timestamp":1566505329,"path_taken":["M","M","M","M","?","E","R","E","T","M","R","?","M","M","R","BOSS","M","M","?","M","$","R","?","E","T","M","E","M","R","M","R","BOSS","M","M","M","M","M","R","M","R","T","M","R","M","M","E","R","BOSS","R","$","E","BOSS"],"build_version":"2019-07-17","purchased_purges":1,"victory":false,"max_hp_per_floor":[80,80,80,80,80,80,80,80,80,80,80,80,80,80,80,80,80,80,80,80,80,80,80,80,80,80,80,80,80,80,80,80,80,80,80,80,80,80,80,80,80,80,80,80,80,80,80,80,80,80,80,80,80,80,80],"card_choices":[{"not_picked":["Thunderclap","Shockwave"],"picked":"Perfected Strike","floor":1},{"not_picked":["Havoc","Pummel"],"picked":"Cleave","floor":2},{"not_picked":["Headbutt","Shrug It Off"],"picked":"Cleave","floor":3},{"not_picked":["Wild Strike","Burning Pact"],"picked":"Metallicize","floor":4},{"not_picked":["Body Slam","Corruption"],"picked":"Spot Weakness","floor":6},{"not_picked":["Armaments","Iron Wave"],"picked":"Exhume","floor":8},{"not_picked":["Heavy Blade","Sword Boomerang"],"picked":"Wild Strike","floor":10},{"not_picked":["Warcry","Armaments"],"picked":"Metallicize","floor":13},{"not_picked":["True Grit","Cleave"],"picked":"Wild Strike","floor":14},{"not_picked":["Fiend Fire","Bludgeon"],"picked":"Demon Form","floor":16},{"not_picked":["True Grit","Havoc"],"picked":"Armaments","floor":18},{"not_picked":["Cleave","Wild Strike"],"picked":"Perfected Strike+1","floor":19},{"not_picked":["Fiend Fire","Clash"],"picked":"Pommel Strike","floor":21},{"not_picked":["Headbutt","Thunderclap"],"picked":"Havoc","floor":25},{"not_picked":["Headbutt","Cleave"],"picked":"Wild Strike","floor":27},{"not_picked":["Flame Barrier","Headbutt"],"picked":"Perfected Strike","floor":28},{"not_picked":["Clash","Flame Barrier+1"],"picked":"Warcry+1","floor":29},{"not_picked":["Havoc+1","Sword Boomerang"],"picked":"Spot Weakness","floor":31},{"not_picked":["Double Tap","Brutality"],"picked":"Immolate","floor":33},{"not_picked":["Wild Strike+1","Spot Weakness+1"],"picked":"Perfected Strike+1","floor":35},{"not_picked":["Evolve","Feel No Pain+1"],"picked":"Heavy Blade+1","floor":36},{"not_picked":["Body Slam+1","Warcry"],"picked":"Pummel","floor":37},{"not_picked":["Rampage+1","True Grit+1"],"picked":"Headbutt+1","floor":38},{"not_picked":["Carnage","Sever Soul+1"],"picked":"Perfected Strike+1","floor":39},{"not_picked":["Feel No Pain+1","Dual Wield+1"],"picked":"Clothesline+1","floor":41},{"not_picked":["Sword Boomerang","Armaments","Iron Wave"],"picked":"SKIP","floor":44},{"not_picked":["Sword Boomerang+1","Pommel Strike+1"],"picked":"Metallicize+1","floor":46},{"not_picked":["Clothesline+1","Flame Barrier+1"],"picked":"Blood for Blood","floor":47},{"not_picked":["Fiend Fire","Clothesline"],"picked":"Battle Trance+1","floor":48},{"not_picked":["Dropkick","Battle Trance+1"],"picked":"Immolate","floor":54}],"player_experience":68758,"relics_obtained":[{"floor":6,"key":"Ancient Tea Set"},{"floor":8,"key":"Orichalcum"},{"floor":25,"key":"Charon\u0027s Ashes"},{"floor":26,"key":"War Paint"},{"floor":28,"key":"Shuriken"},{"floor":43,"key":"Sundial"},{"floor":48,"key":"Mummified Hand"},{"floor":54,"key":"Blood Vial"}],"event_choices":[{"cards_removed":["Defend_R"],"damage_healed":0,"gold_gain":0,"player_choice":"Card Removal","damage_taken":0,"max_hp_gain":0,"max_hp_loss":0,"event_name":"The Cleric","floor":5,"gold_loss":50},{"damage_healed":0,"gold_gain":0,"player_choice":"Success","damage_taken":3,"relics_obtained":["Happy Flower"],"max_hp_gain":0,"max_hp_loss":0,"event_name":"Scrap Ooze","floor":12,"gold_loss":0},{"damage_healed":0,"gold_gain":0,"player_choice":"Obtained Relic","damage_taken":0,"relics_obtained":["PreservedInsect"],"max_hp_gain":0,"max_hp_loss":0,"event_name":"Addict","floor":20,"gold_loss":85},{"damage_healed":0,"gold_gain":0,"player_choice":"Read","damage_taken":0,"max_hp_gain":0,"max_hp_loss":0,"event_name":"The Library","floor":24,"gold_loss":0,"cards_obtained":["Perfected Strike"]}],"is_beta":false,"boss_relics":[{"not_picked":["Snecko Eye","Velvet Choker"],"picked":"Philosopher\u0027s Stone"},{"not_picked":["White Beast Statue","Astrolabe"],"picked":"Eternal Feather"}],"items_purged_floors":[53],"is_endless":false,"potions_floor_spawned":[2,3,4,8,14,18,21,27,31,37,38,44,46,48],"killed_by":"The Heart","ascension_level":3}