{"gold_per_floor":[114,35,35,52,64,64,99,119,143,155,167,167,183,6,6,111,111,122,45,56,70,87,87,105,105,153,3,13,23,23,0,0,102,102,117,23,23,39,39,39,59,75,75,88,102,102,50,150,150,150],"floor_reached":51,"playtime":3623,"items_purged":["Strike_R","Defend_R"],"score":847,"play_id":"97a0b16e-1910-4d70-aab3-87ddd577a796","local_time":"20190824172712","is_ascension_mode":true,"campfire_choices":[{"data":"Carnage","floor":6,"key":"SMITH"},{"floor":15,"key":"REST"},{"floor":23,"key":"REST"},{"floor":30,"key":"REST"},{"data":"Fiend Fire","floor":32,"key":"SMITH"},{"data":"Shockwave","floor":40,"key":"SMITH"},{"floor":49,"key":"REST"}],"neow_cost":"NONE","seed_source_timestamp":801768615467100,"circlet_count":0,"master_deck":["Strike_R","Strike_R","Defend_R","Defend_R","Defend_R","Bash","Dark Embrace","Cleave","Carnage+1","Iron Wave","Pommel Strike","Exhume","Clothesline","Metallicize","Shrug It Off","Disarm","Fiend Fire+1","Shockwave+1","Intimidate","Shrug It Off+1","Metallicize+1","Blood for Blood+1","Double Tap","Blood for Blood+1","Barricade","Battle Trance","Metallicize+1","Ghostly Armor+1","Power Through","Body Slam+1"],"relics":["Burning Blood","Dream Catcher","Happy Flower","Snecko Eye","Orichalcum","Velvet Choker","Bag of Marbles","Gambling Chip","Champion Belt"],"potions_floor_usage":[11,11,11,11,16,16,18,24,33,33,42,50,50],"damage_taken":[{"damage":8,"enemies":"2 Louse","floor":1,"turns":2},{"damage":7,"enemies":"Small Slimes","floor":4,"turns":2},{"damage":6,"enemies":"Cultist","floor":5,"turns":3},{"damage":25,"enemies":"3 Sentries","floor":7,"turns":7},{"damage":27,"enemies":"Lots of Slimes","floor":8,"turns":3},{"damage":4,"enemies":"2 Fungi Beasts","floor":10,"turns":3},{"damage":16,"enemies":"Exordium Thugs","floor":11,"turns":4},{"damage":7,"enemies":"Exordium Wildlife","floor":13,"turns":3},{"damage":37,"enemies":"The Guardian","floor":16,"turns":12},{"damage":13,"enemies":"2 Thieves","floor":18,"turns":4},{"damage":0,"enemies":"3 Byrds","floor":20,"turns":3},{"damage":22,"enemies":"Snake Plant","floor":21,"turns":3},{"damage":38,"enemies":"Centurion and Healer","floor":22,"turns":9},{"damage":9,"enemies":"Shelled Parasite and Fungi","floor":24,"turns":5},{"damage":0,"enemies":"Snecko","floor":28,"turns":3},{"damage":4,"enemies":"Cultist and Chosen","floor":29,"turns":5},{"damage":38,"enemies":"Collector","floor":33,"turns":8},{"damage":0,"enemies":"3 Darklings","floor":35,"turns":5},{"damage":0,"enemies":"3 Shapes","floor":38,"turns":5},{"damage":6,"enemies":"Spire Growth","floor":41,"turns":4},{"damage":47,"enemies":"Writhing Mass","floor":42,"turns":5},{"damage":0,"enemies":"Sphere and 2 Shapes","floor":44,"turns":5},{"damage":0,"enemies":"Jaw Worm Horde","floor":45,"turns":4},{"damage":17,"enemies":"Mind Bloom Boss Battle","floor":48,"turns":4},{"damage":16,"enemies":"Time Eater","floor":50,"turns":12}],"seed_played":"7648507478521422154","potions_obtained":[{"floor":7,"key":"PowerPotion"},{"floor":10,"key":"EntropicBrew"},{"floor":16,"key":"EssenceOfSteel"},{"floor":20,"key":"Weak Potion"},{"floor":22,"key":"SneckoOil"},{"floor":24,"key":"PowerPotion"},{"floor":38,"key":"Weak Potion"},{"floor":42,"key":"SkillPotion"},{"floor":48,"key":"Energy Potion"}],"is_trial":false,"path_per_floor":["M","$","?","M","M","R","E","M","T","M","M","?","M","$","R","B",null,"M","$","M","M","M","R","M","?","T","$","M","M","R","?","R","B",null,"M","?","$","M","?","R","M","M","T","M","M","$","$","?","R","B",null],"character_chosen":"IRONCLAD","items_purchased":["Carnage","Shrug It Off","BloodPotion","Shockwave","Dexterity Potion","SpeedPotion"],"campfire_rested":4,"item_purchase_floors":[2,14,14,19,27,47],"current_hp_per_floor":[70,70,63,62,62,62,43,22,22,24,26,26,25,25,49,38,70,63,63,69,53,21,45,42,42,42,42,48,50,74,74,74,42,71,77,77,77,80,80,80,80,39,39,45,51,51,51,40,64,54],"gold":150,"neow_bonus":"ONE_RANDOM_RARE_CARD","is_prod":false,"is_daily":false,"chose_seed":false,"campfire_upgraded":3,"win_rate":0,"timestamp":1566635232,"path_taken":["M","$","?","M","M","R","E","M","T","M","M","?","?","?","R","BOSS","M","$","M","M","M","R","M","?","T","?","?","M","R","?","R","BOSS","M","?","$","?","?","R","?","M","T","M","M","?","$","?","R","BOSS"],"build_version":"2019-07-17","purchased_purges":2,"victory":true,"max_hp_per_floor":[80,80,80,80,80,80,80,80,80,80,80,80,80,80,80,80,80,80,80,80,80,80,80,80,80,80,80,80,80,80,80,80,80,80,80,80,80,80,80,80,80,80,80,80,80,80,80,80,80,80],"card_choices":[{"not_picked":["Sever Soul","Wild Strike"],"picked":"Cleave","floor":1},{"not_picked":["Fire Breathing","Wild Strike"],"picked":"Iron Wave","floor":4},{"not_picked":["Clash","Cleave"],"picked":"Pommel Strike","floor":5},{"not_picked":["Twin Strike","Feel No Pain"],"picked":"Exhume","floor":7},{"not_picked":["Havoc","Armaments"],"picked":"Clothesline","floor":8},{"not_picked":["Pommel Strike","Iron Wave","Sword Boomerang"],"picked":"SKIP","floor":10},{"not_picked":["Entrench","Armaments","Clash"],"picked":"SKIP","floor":11},{"not_picked":["Searing Blow","Wild Strike"],"picked":"Metallicize","floor":13},{"not_picked":["Dark Embrace","Perfected Strike"],"picked":"Disarm","floor":15},{"not_picked":["Limit Break","Exhume"],"picked":"Fiend Fire","floor":16},{"not_picked":["Clash","Entrench+1","Sentinel"],"picked":"SKIP","floor":18},{"not_picked":["Rupture","Warcry"],"picked":"Intimidate","floor":20},{"not_picked":["Perfected Strike","Burning Pact","Sword Boomerang"],"picked":"SKIP","floor":21},{"not_picked":["Havoc+1","Warcry"],"picked":"Shrug It Off+1","floor":22},{"not_picked":["Anger","Burning Pact"],"picked":"Metallicize+1","floor":23},{"not_picked":["Clothesline","Twin Strike"],"picked":"Blood for Blood+1","floor":24},{"not_picked":["Body Slam+1","Perfected Strike"],"picked":"Double Tap","floor":28},{"not_picked":["Whirlwind","Rage+1"],"picked":"Blood for Blood+1","floor":29},{"not_picked":["Demon Form","Brutality"],"picked":"Barricade","floor":33},{"not_picked":["Infernal Blade","Heavy Blade+1"],"picked":"Battle Trance","floor":35},{"not_picked":["Headbutt+1","Flex","Wild Strike+1"],"picked":"SKIP","floor":38},{"not_picked":["Iron Wave","Twin Strike+1"],"picked":"Ghostly Armor+1","floor":41},{"not_picked":["Armaments","Hemokinesis"],"picked":"Power Through","floor":42},{"not_picked":["Heavy Blade","Sword Boomerang+1","Wild Strike+1"],"picked":"SKIP","floor":44},{"not_picked":["Rupture","Carnage","Brutality"],"picked":"SKIP","floor":45},{"not_picked":["Clash+1","Warcry"],"picked":"Body Slam+1","floor":49}],"player_experience":196612,"relics_obtained":[{"floor":7,"key":"Dream Catcher"},{"floor":9,"key":"Happy Flower"},{"floor":26,"key":"Orichalcum"},{"floor":43,"key":"Gambling Chip"},{"floor":48,"key":"Champion Belt"}],"event_choices":[{"cards_removed":["Strike_R"],"damage_healed":0,"gold_gain":0,"player_choice":"Card Removal","damage_taken":7,"max_hp_gain":0,"max_hp_loss":0,"event_name":"Golden Wing","floor":3,"gold_loss":0},{"cards_removed":["Strike_R"],"damage_healed":0,"gold_gain":0,"player_choice":"Purged","damage_taken":0,"max_hp_gain":0,"max_hp_loss":0,"event_name":"Purifier","floor":12,"gold_loss":0},{"damage_healed":0,"gold_gain":0,"player_choice":"0 cards matched","damage_taken":0,"max_hp_gain":0,"max_hp_loss":0,"event_name":"Match and Keep!","floor":25,"gold_loss":0,"cards_obtained":[]},{"damage_healed":0,"gold_gain":0,"player_choice":"Paid Fearfully","damage_taken":0,"max_hp_gain":0,"max_hp_loss":0,"event_name":"Masked Bandits","floor":31,"gold_loss":23},{"damage_healed":0,"gold_gain":0,"player_choice":"Paid Gold","damage_taken":0,"relics_obtained":["Bag of Marbles"],"max_hp_gain":0,"max_hp_loss":0,"event_name":"WeMeetAgain","floor":36,"gold_loss":94},{"damage_healed":0,"gold_gain":0,"player_choice":"Copied","damage_taken":0,"max_hp_gain":0,"max_hp_loss":0,"event_name":"Duplicator","floor":39,"gold_loss":0,"cards_obtained":["Metallicize"]},{"damage_healed":0,"gold_gain":0,"player_choice":"Fight","damage_taken":0,"max_hp_gain":0,"max_hp_loss":0,"event_name":"MindBloom","floor":48,"gold_loss":0}],"is_beta":false,"boss_relics":[{"not_picked":["Mark of Pain","Lizard Tail"],"picked":"Snecko Eye"},{"not_picked":["Empty Cage","Black Star"],"picked":"Velvet Choker"}],"items_purged_floors":[14,27],"is_endless":false,"potions_floor_spawned":[7,10,16,20,22,24,28,29,38,42,48],"ascension_level":8}