{"gold_per_floor":[119,130,148,162,127,156,156,12,12,26,43,62,62,62,62,161,161,174,273,119,133,133,165,165,165,165,190,205,205,205,205,205,205],"floor_reached":33,"playtime":1492,"items_purged":[],"score":342,"play_id":"a851084d-e495-4e31-bf88-073cba98092d","local_time":"20180801204053","is_ascension_mode":true,"campfire_choices":[{"floor":7,"key":"REST"},{"floor":13,"key":"REST"},{"data":"Caltrops","floor":15,"key":"SMITH"},{"floor":24,"key":"REST"},{"floor":29,"key":"REST"},{"floor":32,"key":"REST"}],"neow_cost":"NONE","seed_source_timestamp":448439797887924,"circlet_count":0,"master_deck":["Defend_G","Defend_G","Defend_G","Defend_G","Defend_G","Strike_G","Strike_G","Strike_G","Strike_G","Strike_G","Survivor","Neutralize","Poisoned Stab","Quick Slash","Flying Knee","Caltrops+1","Riddle With Holes","Underhanded Strike","Underhanded Strike","Night Terror"],"relics":["Snecko Eye","Lantern","Vajra","Singing Bowl","Sozu","Juzu Bracelet","Shovel","Pear","Art of War","Enchiridion","CultistMask"],"potions_floor_usage":[4,10,16],"damage_taken":[{"damage":1,"enemies":"Cultist","floor":1,"turns":4},{"damage":7,"enemies":"2 Louse","floor":2,"turns":3},{"damage":4,"enemies":"Jaw Worm","floor":3,"turns":4},{"damage":24,"enemies":"Gremlin Gang","floor":4,"turns":4},{"damage":29,"enemies":"Gremlin Nob","floor":6,"turns":4},{"damage":6,"enemies":"Exordium Wildlife","floor":10,"turns":4},{"damage":6,"enemies":"Looter","floor":11,"turns":2},{"damage":0,"enemies":"2 Fungi Beasts","floor":12,"turns":3},{"damage":58,"enemies":"Hexaghost","floor":16,"turns":9},{"damage":6,"enemies":"3 Byrds","floor":18,"turns":4},{"damage":26,"enemies":"2 Thieves","floor":21,"turns":3},{"damage":58,"enemies":"Slavers","floor":23,"turns":5},{"damage":40,"enemies":"Centurion and Healer","floor":28,"turns":5},{"damage":76,"enemies":"Automaton","floor":33,"turns":8}],"seed_played":"4770321550963532398","potions_obtained":[{"floor":3,"key":"Weak Potion"},{"floor":4,"key":"Regen Potion"},{"floor":11,"key":"Block Potion"}],"is_trial":false,"path_per_floor":["M","M","M","M","?","E","R","$","T","M","M","M","R","?","R","B",null,"M","?","$","M","?","E","R","?","T","T","M","R","?","?","R"],"character_chosen":"THE_SILENT","items_purchased":["Vajra","Juzu Bracelet"],"campfire_rested":5,"item_purchase_floors":[8,20],"current_hp_per_floor":[69,62,58,34,51,22,43,43,43,51,47,47,69,74,74,16,79,73,73,73,49,91,33,60,60,70,70,32,62,46,46,76,0],"gold":205,"neow_bonus":"BOSS_RELIC","is_prod":false,"is_daily":false,"chose_seed":false,"campfire_upgraded":1,"win_rate":0,"timestamp":1533148853,"path_taken":["M","M","?","M","?","E","R","?","T","M","?","M","R","?","R","BOSS","M","?","$","M","?","E","R","?","T","?","M","R","?","?","R","BOSS"],"build_version":"2018-07-26","purchased_purges":0,"victory":false,"max_hp_per_floor":[70,70,70,70,70,70,70,70,70,72,74,74,74,79,79,79,79,79,79,79,81,91,91,91,91,101,101,103,103,103,103,103,103],"card_choices":[{"not_picked":["Distraction","Deflect"],"picked":"Poisoned Stab","floor":1},{"not_picked":["Deflect","Noxious Fumes"],"picked":"Quick Slash","floor":2},{"not_picked":["Prepared","Deflect"],"picked":"Flying Knee","floor":3},{"not_picked":["Acrobatics","Backstab"],"picked":"Caltrops","floor":4},{"not_picked":["Prepared","Dodge and Roll"],"picked":"Riddle With Holes","floor":6},{"not_picked":["Accuracy","Dagger Spray","Cloak And Dagger"],"picked":"Singing Bowl","floor":10},{"not_picked":["Backflip","Slice","Acrobatics"],"picked":"Singing Bowl","floor":11},{"not_picked":["Poisoned Stab","Dagger Throw"],"picked":"Underhanded Strike","floor":12},{"not_picked":["After Image","Tools of the Trade"],"picked":"Doppelganger","floor":16},{"not_picked":["Dagger Throw+1","Skewer"],"picked":"Underhanded Strike","floor":18},{"not_picked":["Dodge and Roll","Bane+1","Slice"],"picked":"Singing Bowl","floor":21},{"not_picked":["Acrobatics","Sucker Punch"],"picked":"Night Terror","floor":23},{"not_picked":["Quick Slash","Choke","Blade Dance"],"picked":"Singing Bowl","floor":28}],"player_experience":188904,"relics_obtained":[{"floor":6,"key":"Lantern"},{"floor":9,"key":"Singing Bowl"},{"floor":23,"key":"Shovel"},{"floor":26,"key":"Pear"},{"floor":27,"key":"Art of War"},{"floor":30,"key":"Enchiridion"}],"event_choices":[{"event_name":"The Cleric","player_choice":"Healed","floor":5,"damage_taken":0},{"event_name":"Big Fish","player_choice":"Donut","floor":14,"damage_taken":0},{"event_name":"Nest","player_choice":"Stole From Cult","floor":19,"damage_taken":0},{"event_name":"Bonfire Elementals","player_choice":"RARE","floor":22,"damage_taken":0},{"event_name":"Ghosts","player_choice":"Ignored","floor":25,"damage_taken":0},{"event_name":"Cursed Tome","player_choice":"Obtained Book","floor":30,"damage_taken":0},{"event_name":"FaceTrader","player_choice":"Trade","floor":31,"damage_taken":0}],"is_beta":false,"boss_relics":[{"not_picked":["Fusion Hammer","Cursed Key"],"picked":"Sozu"}],"items_purged_floors":[],"is_endless":false,"potions_floor_spawned":[3,4,11,21],"killed_by":"Automaton","ascension_level":2}