{"gold_per_floor":[115,129,147,43,63,90,120,120,120,132,149,9,9,23,23,125,125,136,152,170,190,205,205,205,216,241,256,276,226,226,241,241,341,341,360,3,23,23,23],"floor_reached":39,"playtime":6030,"items_purged":[],"score":416,"play_id":"702ddacb-474a-49e3-a1c3-309acae87671","local_time":"20190819213526","is_ascension_mode":false,"campfire_choices":[{"floor":8,"key":"REST"},{"data":"Clash","floor":15,"key":"SMITH"},{"floor":23,"key":"REST"},{"floor":30,"key":"REST"},{"floor":32,"key":"REST"}],"neow_cost":"NONE","seed_source_timestamp":0,"circlet_count":0,"master_deck":["Strike_R+1","Strike_R","Strike_R","Strike_R","Strike_R","Defend_R","Defend_R","Defend_R","Defend_R","Bash","Battle Trance","Metallicize+1","Clash+1","Thunderclap","Inflame","Searing Blow","Fire Breathing","Headbutt","Rampage","Fiend Fire","Blood for Blood","Impatience","Armaments","Feel No Pain","Demon Form","Spot Weakness","Rampage","Metallicize","Intimidate","Heavy Blade","Shrug It Off","Feel No Pain","Sword Boomerang","Iron Wave","Headbutt","Flex","Barricade","Body Slam+1","Transmutation","Body Slam","Whirlwind+1","Madness","Madness"],"special_seed":0,"relics":["Burning Blood","Ornamental Fan","Odd Mushroom","Paper Frog","Busted Crown","Dream Catcher","Fusion Hammer","Vajra"],"potions_floor_usage":[16,16,18,22,25,27,28,33,39,39],"damage_taken":[{"damage":0.0,"enemies":"2 Louse","floor":1.0,"turns":3.0},{"damage":9.0,"enemies":"Jaw Worm","floor":2.0,"turns":6.0},{"damage":6.0,"enemies":"Small Slimes","floor":3.0,"turns":5.0},{"damage":3.0,"enemies":"Exordium Wildlife","floor":5.0,"turns":4.0},{"damage":21.0,"enemies":"Gremlin Nob","floor":6.0,"turns":4.0},{"damage":17.0,"enemies":"The Mushroom Lair","floor":7.0,"turns":5.0},{"damage":5,"enemies":"Gremlin Gang","floor":10,"turns":4},{"damage":0,"enemies":"2 Fungi Beasts","floor":11,"turns":2},{"damage":0,"enemies":"Exordium Wildlife","floor":14,"turns":3},{"damage":16,"enemies":"Slime Boss","floor":16,"turns":10},{"damage":13,"enemies":"Shell Parasite","floor":18,"turns":4},{"damage":13,"enemies":"Spheric Guardian","floor":19,"turns":4},{"damage":7,"enemies":"Cultist and Chosen","floor":20,"turns":6},{"damage":33,"enemies":"Snake Plant","floor":21,"turns":3},{"damage":22,"enemies":"Centurion and Healer","floor":22,"turns":7},{"damage":10,"enemies":"Cultist and Chosen","floor":25,"turns":5},{"damage":16,"enemies":"Sentry and Sphere","floor":27,"turns":4},{"damage":4,"enemies":"Centurion and Healer","floor":28,"turns":7},{"damage":25,"enemies":"Shelled Parasite and Fungi","floor":31,"turns":6},{"damage":74,"enemies":"Champ","floor":33,"turns":12},{"damage":26,"enemies":"3 Shapes","floor":35,"turns":5},{"damage":22,"enemies":"Orb Walker","floor":37,"turns":4},{"damage":36,"enemies":"Sphere and 2 Shapes","floor":39,"turns":5}],"seed_played":"-8068253366427965803","potions_obtained":[{"floor":1.0,"key":"GamblersBrew"},{"floor":5.0,"key":"Explosive Potion"},{"floor":7.0,"key":"SpeedPotion"},{"floor":14,"key":"BloodPotion"},{"floor":16,"key":"SkillPotion"},{"floor":22,"key":"EssenceOfSteel"},{"floor":25,"key":"Ancient Potion"},{"floor":27,"key":"Energy Potion"},{"floor":31,"key":"Poison Potion"},{"floor":35,"key":"Energy Potion"},{"floor":37,"key":"Dexterity Potion"}],"is_trial":false,"path_per_floor":["M","M","M","$","M","E","?","R","T","M","M","$","?","M","R","B",null,"M","M","M","M","M","R","?","M","T","M","M","?","R","M","R","B",null,"M","$","M","?","M"],"character_chosen":"IRONCLAD","items_purchased":["Inflame","Searing Blow","Impatience","Armaments","Vajra","Transmutation","Body Slam"],"campfire_rested":4,"item_purchase_floors":[4,4,12,12,36,36,36],"current_hp_per_floor":[80,77,77,77,80,65,54,78,78,79,80,80,64,70,70,80,80,73,66,65,38,22,46,72,68,68,58,60,60,80,61,80,12,80,60,60,44,34,0],"gold":23,"neow_bonus":"THREE_CARDS","is_prod":false,"is_daily":false,"chose_seed":false,"campfire_upgraded":1,"win_rate":0.0,"timestamp":1566221726,"path_taken":["M","M","M","$","M","E","?","R","T","M","M","$","?","M","R","BOSS","M","M","M","M","M","R","?","M","T","M","M","?","R","M","R","BOSS","M","$","?","?","M"],"build_version":"2019-07-17","purchased_purges":0,"victory":false,"max_hp_per_floor":[80,80,80,80,80,80,80,80,80,80,80,80,80,80,80,80,80,80,80,80,80,80,80,80,80,80,80,80,80,80,80,80,80,80,80,80,80,80,80],"card_choices":[{"not_picked":["Iron Wave","Clash"],"picked":"Battle Trance","floor":0.0},{"not_picked":["Clash","Heavy Blade"],"picked":"Metallicize","floor":1.0},{"not_picked":["Cleave","Perfected Strike"],"picked":"Clash","floor":2.0},{"not_picked":["Bloodletting","Clash"],"picked":"Thunderclap","floor":3.0},{"not_picked":["Thunderclap","Iron Wave"],"picked":"Fire Breathing","floor":5.0},{"not_picked":["Heavy Blade","Body Slam"],"picked":"Headbutt","floor":6.0},{"not_picked":["Uppercut","Rupture"],"picked":"Rampage","floor":7.0},{"not_picked":["Body Slam","Reckless Charge"],"picked":"Fiend Fire","floor":10},{"not_picked":["Searing Blow","Corruption"],"picked":"Blood for Blood","floor":11},{"not_picked":["Second Wind","Uppercut"],"picked":"Feel No Pain","floor":14},{"not_picked":["Brutality","Reaper"],"picked":"Demon Form","floor":16},{"not_picked":[],"picked":"Spot Weakness","floor":18},{"not_picked":[],"picked":"Rampage","floor":19},{"not_picked":[],"picked":"Metallicize","floor":20},{"not_picked":[],"picked":"Intimidate","floor":21},{"not_picked":[],"picked":"Heavy Blade","floor":22},{"not_picked":[],"picked":"Shrug It Off","floor":25},{"not_picked":[],"picked":"Feel No Pain","floor":27},{"not_picked":[],"picked":"Sword Boomerang","floor":28},{"not_picked":[],"picked":"Iron Wave","floor":30},{"not_picked":[],"picked":"Headbutt","floor":31},{"not_picked":[],"picked":"Flex","floor":32},{"not_picked":[],"picked":"Barricade","floor":33},{"not_picked":[],"picked":"Body Slam+1","floor":35},{"not_picked":[],"picked":"Whirlwind+1","floor":37}],"player_experience":14991,"relics_obtained":[{"floor":6.0,"key":"Ornamental Fan"},{"floor":7.0,"key":"Odd Mushroom"},{"floor":9,"key":"Paper Frog"},{"floor":26,"key":"Dream Catcher"}],"event_choices":[{"damage_healed":0.0,"max_hp_gain":0.0,"max_hp_loss":0.0,"gold_gain":0.0,"event_name":"Mushrooms","player_choice":"Fought Mushrooms","floor":7.0,"gold_loss":0.0,"damage_taken":0.0},{"damage_healed":0,"gold_gain":0,"player_choice":"Entered Light","damage_taken":16,"max_hp_gain":0,"max_hp_loss":0,"event_name":"Shining Light","floor":13,"gold_loss":0,"cards_upgraded":["Strike_R","Metallicize"]},{"damage_healed":26,"gold_gain":0,"player_choice":"Heal","damage_taken":0,"max_hp_gain":0,"max_hp_loss":0,"event_name":"The Library","floor":24,"gold_loss":0},{"damage_healed":0,"gold_gain":0,"player_choice":"Bet on Murderer","damage_taken":0,"max_hp_gain":0,"max_hp_loss":0,"event_name":"The Joust","floor":29,"gold_loss":50},{"damage_healed":0,"gold_gain":0,"player_choice":"Embrace Madness","damage_taken":10,"max_hp_gain":0,"max_hp_loss":0,"event_name":"Winding Halls","floor":38,"gold_loss":0,"cards_obtained":["Madness","Madness"]}],"is_beta":false,"boss_relics":[{"not_picked":["Cursed Key","Runic Cube"],"picked":"Busted Crown"},{"not_picked":["Astrolabe","Runic Pyramid"],"picked":"Fusion Hammer"}],"items_purged_floors":[],"is_endless":false,"potions_floor_spawned":[1,5,7,14,16,22,25,27,31,35,37],"killed_by":"Sphere and 2 Shapes","ascension_level":0}