{"gold_per_floor":[117,117,127,127,138,168,217,217,217,247,247,247,247,275,275,373,373,390,390,40,0,11,11,44,44,67,100,116,131,150,250,250,250],"floor_reached":33,"playtime":2016,"items_purged":["Decay"],"score":461,"play_id":"d6825d9e-d6c4-4ae0-90c9-6596d9c8fff3","local_time":"20190825092201","is_ascension_mode":true,"campfire_choices":[{"data":"Armaments","floor":8,"key":"SMITH"},{"floor":11,"key":"REST"},{"floor":13,"key":"REST"},{"floor":15,"key":"REST"},{"data":"Combust","floor":23,"key":"SMITH"},{"data":"Feed","floor":25,"key":"SMITH"},{"data":"Combust","floor":32,"key":"SMITH"}],"neow_cost":"NONE","seed_source_timestamp":472621251812800,"circlet_count":0,"master_deck":["Strike_R","Strike_R+1","Strike_R","Strike_R","Strike_R","Defend_R","Defend_R","Defend_R","Bash","Double Tap","Shrug It Off","Armaments+1","Combust+1","Rupture+1","Limit Break","Clothesline","Disarm","Feed+1","Shockwave","Combust+1","Cleave","Reaper","Anger","Power Through"],"relics":["Burning Blood","Happy Flower","Anchor","Paper Frog","Dodecahedron","Meat on the Bone","Runic Cube","Lee\u0027s Waffle","Blue Candle","Orichalcum","Pear","Charon\u0027s Ashes","Matryoshka"],"potions_floor_usage":[16,24,27,28,31,31],"damage_taken":[{"damage":11,"enemies":"2 Louse","floor":1,"turns":3},{"damage":2,"enemies":"Cultist","floor":3,"turns":4},{"damage":2,"enemies":"Small Slimes","floor":5,"turns":2},{"damage":40,"enemies":"3 Sentries","floor":6,"turns":7},{"damage":37,"enemies":"Gremlin Nob","floor":10,"turns":4},{"damage":19,"enemies":"3 Sentries","floor":14,"turns":7},{"damage":57,"enemies":"Slime Boss","floor":16,"turns":10},{"damage":14,"enemies":"Shell Parasite","floor":18,"turns":4},{"damage":3,"enemies":"Chosen","floor":22,"turns":5},{"damage":47,"enemies":"Gremlin Leader","floor":24,"turns":6},{"damage":39,"enemies":"Slavers","floor":27,"turns":6},{"damage":8,"enemies":"Sentry and Sphere","floor":28,"turns":3},{"damage":50,"enemies":"3 Cultists","floor":29,"turns":5},{"damage":14,"enemies":"Chosen and Byrds","floor":30,"turns":5},{"damage":22,"enemies":"Colosseum Slavers","floor":31,"turns":3},{"damage":28,"enemies":"Colosseum Nobs","floor":31,"turns":5},{"damage":82,"enemies":"Collector","floor":33,"turns":5}],"seed_played":"6981075582447166897","potions_obtained":[{"floor":1,"key":"FairyPotion"},{"floor":3,"key":"Swift Potion"},{"floor":14,"key":"EssenceOfSteel"},{"floor":24,"key":"Poison Potion"},{"floor":27,"key":"AttackPotion"},{"floor":29,"key":"Strength Potion"},{"floor":30,"key":"Ancient Potion"}],"is_trial":false,"path_per_floor":["M","?","M","?","M","E","T","R","T","E","R","?","R","E","R","B",null,"M","?","$","?","M","R","E","R","T","E","M","M","M","?","R","B"],"character_chosen":"IRONCLAD","items_purchased":["Combust","Lee\u0027s Waffle"],"campfire_rested":3,"item_purchase_floors":[20,20],"current_hp_per_floor":[67,67,71,71,75,41,41,41,41,10,34,18,42,29,53,25,66,58,58,87,87,87,87,58,58,58,47,57,49,63,57,57,0],"gold":250,"neow_bonus":"ONE_RANDOM_RARE_CARD","is_prod":false,"is_daily":false,"chose_seed":false,"campfire_upgraded":4,"win_rate":0,"timestamp":1566750121,"path_taken":["M","?","?","?","?","E","?","R","T","E","R","?","R","E","R","BOSS","M","?","$","?","M","R","E","R","T","E","M","M","M","?","R","BOSS"],"build_version":"2019-07-17","purchased_purges":1,"victory":false,"max_hp_per_floor":[80,80,80,80,80,80,80,80,80,80,80,80,80,80,80,80,80,80,80,87,87,87,87,87,87,87,97,97,97,101,101,101,101],"card_choices":[{"not_picked":["Dual Wield","Armaments"],"picked":"Shrug It Off","floor":1},{"not_picked":["True Grit","Wild Strike"],"picked":"Armaments","floor":3},{"not_picked":["Cleave","Feel No Pain"],"picked":"Rupture","floor":5},{"not_picked":["Hemokinesis","Uppercut"],"picked":"Limit Break","floor":6},{"not_picked":["Sword Boomerang","Armaments"],"picked":"Clothesline","floor":10},{"not_picked":["Havoc","Burning Pact"],"picked":"Disarm","floor":14},{"not_picked":["Bludgeon","Barricade"],"picked":"Feed","floor":16},{"not_picked":["Clash","Headbutt"],"picked":"Shockwave","floor":18},{"not_picked":["Iron Wave+1","Pommel Strike"],"picked":"Cleave","floor":22},{"not_picked":["Iron Wave","Headbutt","Evolve"],"picked":"SKIP","floor":24},{"not_picked":["Ghostly Armor+1","Wild Strike"],"picked":"Reaper","floor":27},{"not_picked":["Headbutt","Perfected Strike","Heavy Blade"],"picked":"SKIP","floor":28},{"not_picked":["Body Slam","Shrug It Off"],"picked":"Anger","floor":29},{"not_picked":["Sentinel","Twin Strike","Burning Pact"],"picked":"SKIP","floor":30},{"not_picked":["Flex","Pommel Strike"],"picked":"Power Through","floor":31}],"player_experience":162835,"relics_obtained":[{"floor":6,"key":"Happy Flower"},{"floor":7,"key":"Anchor"},{"floor":9,"key":"Paper Frog"},{"floor":10,"key":"Dodecahedron"},{"floor":14,"key":"Meat on the Bone"},{"floor":24,"key":"Blue Candle"},{"floor":26,"key":"Orichalcum"},{"floor":27,"key":"Pear"},{"floor":31,"key":"Charon\u0027s Ashes"},{"floor":31,"key":"Matryoshka"}],"event_choices":[{"damage_healed":0,"gold_gain":0,"player_choice":"Cursed","damage_taken":0,"max_hp_gain":0,"max_hp_loss":0,"event_name":"Wheel of Change","floor":2,"gold_loss":0,"cards_obtained":["Decay"]},{"damage_healed":0,"gold_gain":0,"cards_transformed":["Defend_R"],"player_choice":"Transformed","damage_taken":0,"max_hp_gain":0,"max_hp_loss":0,"event_name":"Transmorgrifier","floor":4,"gold_loss":0,"cards_obtained":["Combust"]},{"damage_healed":0,"gold_gain":0,"player_choice":"Entered Light","damage_taken":16,"max_hp_gain":0,"max_hp_loss":0,"event_name":"Shining Light","floor":12,"gold_loss":0,"cards_upgraded":["Rupture","Strike_R"]},{"damage_healed":0,"gold_gain":0,"player_choice":"Ignored","damage_taken":0,"max_hp_gain":0,"max_hp_loss":0,"event_name":"Ghosts","floor":19,"gold_loss":0},{"damage_healed":0,"gold_gain":0,"player_choice":"Paid Fearfully","damage_taken":0,"max_hp_gain":0,"max_hp_loss":0,"event_name":"Masked Bandits","floor":21,"gold_loss":40},{"damage_healed":0,"gold_gain":0,"player_choice":"Fight","damage_taken":0,"max_hp_gain":0,"max_hp_loss":0,"event_name":"Colosseum","floor":31,"gold_loss":0},{"damage_healed":0,"gold_gain":0,"player_choice":"Fought Nobs","damage_taken":0,"max_hp_gain":0,"max_hp_loss":0,"event_name":"Colosseum","floor":31,"gold_loss":0}],"is_beta":false,"boss_relics":[{"not_picked":["Orrery","Philosopher\u0027s Stone"],"picked":"Runic Cube"}],"items_purged_floors":[20],"is_endless":false,"potions_floor_spawned":[1,3,14,24,27,29,30],"killed_by":"Collector","ascension_level":9}