{"path_per_floor":["M","?","?","M","T","R","$","R","T","M","M","M","?","M","R","B",null,"M","?","?","M","M","R","M","$","T","M","?","$","E","M","R"],"character_chosen":"THE_SILENT","items_purchased":["Bouncing Flask","Caltrops","Prayer Wheel","Slice","Flash of Steel","Predator"],"gold_per_floor":[115,85,85,100,127,127,12,12,63,82,99,112,112,122,122,219,219,234,234,234,246,265,265,275,76,122,137,137,5,35,53,53],"floor_reached":33,"campfire_rested":2,"playtime":1851,"current_hp_per_floor":[70,70,70,70,77,77,77,77,77,77,77,77,77,58,58,55,77,73,53,53,40,26,41,27,27,27,22,22,22,15,12,27],"items_purged":[],"gold":53,"score":285,"play_id":"77d125a6-cd82-4664-9c0b-5df709ee0954","is_prod":false,"is_daily":false,"is_ascension_mode":false,"campfire_upgraded":3,"path_taken":["M","?","?","?","?","R","?","R","T","M","M","M","?","M","R","BOSS","M","?","?","M","?","R","M","$","T","M","?","?","E","?","R","BOSS"],"build_version":"2018-02-12-PROD1","purchased_purges":0,"victory":false,"master_deck":["Defend_G","Defend_G","Defend_G","Survivor","Neutralize","Footwork","Sucker Punch+1","Bouncing Flask","Caltrops+1","Bane","Prepared","Dash+1","After Image+1","Die Die Die","Tactician+1","Reflex+1","Quick Slash+1","Dagger Spray+1","Bite","Bite","Bite","Bite","Bite","Skewer","Sucker Punch+1","Blade Dance+1","Slice","Quick Slash+1","Prepared","Writhe","Flash of Steel","Predator","Backstab","Infinite Blades+1"],"max_hp_per_floor":[70,70,70,70,77,77,77,77,77,77,77,77,77,77,77,77,77,77,53,53,53,53,53,53,53,53,53,53,53,53,53,53],"relics":["Philosopher\u0027s Stone","Strawberry","Vajra","Astrolabe","Prayer Wheel","Oddly Smooth Stone","Lantern","Peace Pipe"],"card_choices":[{"not_picked":["Prepared","Outmaneuver"],"picked":"Footwork"},{"not_picked":["Underhanded Strike","Footwork"],"picked":"Sucker Punch"},{"not_picked":["Deflect","Finisher"],"picked":"Bane"},{"not_picked":["PiercingWail","Expertise"],"picked":"Prepared"},{"not_picked":["Outmaneuver","Flying Knee"],"picked":"Dash"},{"not_picked":["Quick Slash","Cloak And Dagger"],"picked":"After Image"},{"not_picked":["Bullet Time","Glass Knife"],"picked":"Die Die Die"},{"not_picked":["Deflect","Quick Slash"],"picked":"Dagger Spray"},{"not_picked":["Riddle With Holes","Deadly Poison"],"picked":"Skewer"},{"not_picked":["Acrobatics","Reflex"],"picked":"Sucker Punch"},{"not_picked":["Outmaneuver","PiercingWail"],"picked":"Blade Dance"},{"not_picked":["Wraith Form","Dagger Spray"],"picked":"Quick Slash"},{"not_picked":["Choke","PiercingWail"],"picked":"Prepared"},{"not_picked":["Expertise","Dodge and Roll"],"picked":"Backstab"},{"not_picked":["Dagger Spray","Flying Knee"],"picked":"Infinite Blades"}],"player_experience":78247,"potions_floor_usage":[11,16,18,21,22,24,30,33],"damage_taken":[{"damage":0,"enemies":"2 Louse","floor":1,"turns":2},{"damage":0,"enemies":"Blue Slaver","floor":4,"turns":4},{"damage":0,"enemies":"Jaw Worm","floor":10,"turns":3},{"damage":0,"enemies":"2 Fungi Beasts","floor":11,"turns":2},{"damage":0,"enemies":"3 Louse","floor":12,"turns":4},{"damage":19,"enemies":"Exordium Thugs","floor":14,"turns":4},{"damage":3,"enemies":"The Guardian","floor":16,"turns":8},{"damage":4,"enemies":"Chosen","floor":18,"turns":4},{"damage":17,"enemies":"2 Thieves","floor":21,"turns":3},{"damage":24,"enemies":"Cultist and Chosen","floor":22,"turns":5},{"damage":20,"enemies":"Sentry and Sphere","floor":24,"turns":5},{"damage":5,"enemies":"Snecko","floor":27,"turns":3},{"damage":13,"enemies":"Book of Stabbing","floor":30,"turns":4},{"damage":7,"enemies":"Centurion and Healer","floor":31,"turns":4},{"damage":54,"enemies":"Collector","floor":33,"turns":9}],"event_choices":[{"event_name":"The Woman in Blue","player_choice":"Bought 2 Potions","floor":2,"damage_taken":0},{"event_name":"The Cleric","player_choice":"Leave","floor":3,"damage_taken":0},{"event_name":"Accursed Blacksmith","player_choice":"Forge","floor":13,"damage_taken":0},{"event_name":"Vampires","player_choice":"Became a vampire","floor":19,"damage_taken":0},{"event_name":"Back to Basics","player_choice":"Elegance","floor":20,"damage_taken":0},{"event_name":"The Mausoleum","player_choice":"Yes","floor":28,"damage_taken":0}],"boss_relics":[{"not_picked":["Tiny House","Sozu"],"picked":"Astrolabe"}],"potions_floor_spawned":[1,11,14,16,18,22,31],"seed_played":"279148536734238728","killed_by":"Collector","ascension_level":0,"is_trial":false}