{"gold_per_floor":[118,118,193,81,81,114,114,144,144,144,144,18,29,50,50,151,151,164,74,89,89,109,109,134,9,9,23,23,23,34,34,34,34],"floor_reached":33,"playtime":1233,"items_purged":["Strike_R","Strike_R","Strike_R+1"],"score":383,"play_id":"4dc9fc82-8f96-4d76-b135-80b4103bf9a0","local_time":"20190101230834","is_ascension_mode":true,"campfire_choices":[{"data":"Whirlwind","floor":7,"key":"SMITH"},{"data":"Defend_R","floor":10,"key":"SMITH"},{"data":"Whirlwind","floor":15,"key":"SMITH"},{"data":"True Grit","floor":23,"key":"SMITH"},{"data":"Power Through","floor":29,"key":"SMITH"},{"data":"True Grit","floor":32,"key":"SMITH"}],"neow_cost":"NONE","seed_source_timestamp":286942759066559,"circlet_count":0,"master_deck":["Strike_R+1","Defend_R","Defend_R+1","Defend_R+1","Defend_R+1","Bash+1","Shockwave+1","Whirlwind+1","Clothesline+1","Shrug It Off","Whirlwind+1","True Grit+1","Power Through+1","Limit Break","True Grit+1"],"relics":["Burning Blood","NeowsBlessing","Anchor","War Paint","Shuriken","Bag of Preparation","Whetstone","Odd Mushroom","Sozu","Thread and Needle","Champion Belt"],"potions_floor_usage":[16,16,33],"damage_taken":[{"damage":0,"enemies":"Jaw Worm","floor":1,"turns":1},{"damage":0,"enemies":"3 Sentries","floor":6,"turns":1},{"damage":0,"enemies":"Gremlin Nob","floor":8,"turns":1},{"damage":0,"enemies":"2 Louse","floor":13,"turns":1},{"damage":0,"enemies":"The Mushroom Lair","floor":14,"turns":1},{"damage":29,"enemies":"Hexaghost","floor":16,"turns":7},{"damage":8,"enemies":"Shell Parasite","floor":18,"turns":6},{"damage":0,"enemies":"3 Byrds","floor":20,"turns":2},{"damage":6,"enemies":"Snake Plant","floor":22,"turns":3},{"damage":30,"enemies":"Book of Stabbing","floor":24,"turns":7},{"damage":0,"enemies":"Chosen and Byrds","floor":27,"turns":3},{"damage":6,"enemies":"Centurion and Healer","floor":30,"turns":4},{"damage":74,"enemies":"Champ","floor":33,"turns":16}],"seed_played":"-184964366187140040","potions_obtained":[{"floor":1,"key":"AttackPotion"},{"floor":6,"key":"Energy Potion"},{"floor":8,"key":"FearPotion"},{"floor":16,"key":"Dexterity Potion"}],"is_trial":false,"path_per_floor":["M","?","?","$","T","E","R","E","T","R","?","$","M","?","R","B",null,"M","?","M","?","M","R","E","$","T","M","$","R","M","?","R","B"],"character_chosen":"IRONCLAD","items_purchased":["Whirlwind","Shrug It Off"],"campfire_rested":0,"item_purchase_floors":[4,12],"current_hp_per_floor":[80,73,62,62,62,68,68,74,74,74,58,58,64,70,70,47,80,78,78,80,80,80,80,56,56,56,62,62,62,62,62,62,0],"gold":34,"neow_bonus":"THREE_ENEMY_KILL","is_prod":false,"is_daily":false,"chose_seed":false,"campfire_upgraded":6,"win_rate":0,"timestamp":1546351714,"path_taken":["M","?","?","$","?","E","R","E","T","R","?","?","?","?","R","BOSS","M","?","?","?","M","R","E","$","T","M","$","R","?","?","R","BOSS"],"build_version":"2018-12-20","purchased_purges":3,"victory":false,"max_hp_per_floor":[80,80,80,80,80,80,80,80,80,80,80,80,80,80,80,80,80,80,80,80,80,80,80,80,80,80,80,80,80,80,80,80,80],"card_choices":[{"not_picked":["Wild Strike","Evolve"],"picked":"Shockwave","floor":1},{"not_picked":["Headbutt","Dropkick"],"picked":"Clothesline","floor":6},{"not_picked":["Twin Strike","Juggernaut","Clash"],"picked":"SKIP","floor":8},{"not_picked":["Dropkick","Intimidate","Combust"],"picked":"SKIP","floor":13},{"not_picked":["Twin Strike","Ghostly Armor"],"picked":"Whirlwind","floor":14},{"not_picked":["Wild Strike","Intimidate","Perfected Strike"],"picked":"SKIP","floor":18},{"not_picked":["Ghostly Armor","Shockwave"],"picked":"True Grit","floor":20},{"not_picked":["Thunderclap","Sever Soul"],"picked":"Power Through","floor":22},{"not_picked":["Wild Strike","Thunderclap"],"picked":"Limit Break","floor":24},{"not_picked":["Hemokinesis","Evolve","Shrug It Off"],"picked":"SKIP","floor":27},{"not_picked":["Havoc","Body Slam"],"picked":"True Grit","floor":30}],"player_experience":112165,"relics_obtained":[{"floor":5,"key":"War Paint"},{"floor":6,"key":"Shuriken"},{"floor":8,"key":"Bag of Preparation"},{"floor":9,"key":"Whetstone"},{"floor":14,"key":"Odd Mushroom"},{"floor":24,"key":"Thread and Needle"},{"floor":26,"key":"Champion Belt"}],"event_choices":[{"damage_healed":0,"gold_gain":0,"player_choice":"Success","damage_taken":7,"relics_obtained":["Anchor"],"max_hp_gain":0,"max_hp_loss":0,"event_name":"Scrap Ooze","floor":2,"gold_loss":0},{"damage_healed":0,"gold_gain":75,"player_choice":"Gather Gold","damage_taken":11,"max_hp_gain":0,"max_hp_loss":0,"event_name":"World of Goop","floor":3,"gold_loss":0},{"damage_healed":0,"gold_gain":0,"player_choice":"Entered Light","damage_taken":16,"max_hp_gain":0,"max_hp_loss":0,"event_name":"Shining Light","floor":11,"gold_loss":0,"cards_upgraded":["Strike_R","Bash"]},{"damage_healed":0,"gold_gain":0,"player_choice":"Fought Mushrooms","damage_taken":0,"max_hp_gain":0,"max_hp_loss":0,"event_name":"Mushrooms","floor":14,"gold_loss":0},{"cards_removed":["Strike_R"],"damage_healed":0,"gold_gain":0,"player_choice":"Upgrade and Remove","damage_taken":0,"max_hp_gain":0,"max_hp_loss":0,"event_name":"Designer","floor":19,"gold_loss":90,"cards_upgraded":["Defend_R"]},{"damage_healed":0,"gold_gain":0,"player_choice":"Ignored","damage_taken":0,"max_hp_gain":0,"max_hp_loss":0,"event_name":"WeMeetAgain","floor":21,"gold_loss":0},{"damage_healed":0,"gold_gain":0,"player_choice":"Ignored","damage_taken":0,"max_hp_gain":0,"max_hp_loss":0,"event_name":"The Mausoleum","floor":31,"gold_loss":0}],"is_beta":false,"boss_relics":[{"not_picked":["Busted Crown","Mark of Pain"],"picked":"Sozu"}],"items_purged_floors":[4,12,25],"is_endless":false,"potions_floor_spawned":[1,6,8,16,18,24,27],"killed_by":"Champ","ascension_level":4}