{"gold_per_floor":[117,128,147,161,171,171,185,185,209,209,243,24,36,51,51,125,125,140,140,55,72,21,21],"floor_reached":23,"playtime":1125,"items_purged":[],"score":351,"play_id":"3059962b-fccf-41c2-a18b-c5a68de05c12","local_time":"20190829165436","is_ascension_mode":true,"campfire_choices":[{"data":"Berserk","floor":6,"key":"SMITH"},{"data":"Juggernaut","floor":8,"key":"SMITH"},{"data":"Bash","floor":10,"key":"SMITH"},{"data":"Rage","floor":15,"key":"SMITH"}],"neow_cost":"NONE","seed_source_timestamp":846271215967500,"circlet_count":0,"master_deck":["AscendersBane","Strike_R","Strike_R","Strike_R","Strike_R","Strike_R","Defend_R","Defend_R","Defend_R","Defend_R","Bash+1","Juggernaut+1","Headbutt","Shrug It Off","Berserk+1","Demon Form","Berserk+1","Rage+1","Shrug It Off","Juggernaut","Shockwave+1","Necronomicurse","Shrug It Off"],"relics":["Burning Blood","Smiling Mask","Boot","DollysMirror","Sozu","Necronomicon","Centennial Puzzle"],"potions_floor_usage":[16,16,16,18],"damage_taken":[{"damage":0,"enemies":"Cultist","floor":1,"turns":4},{"damage":8,"enemies":"2 Louse","floor":2,"turns":4},{"damage":0,"enemies":"Small Slimes","floor":3,"turns":3},{"damage":13,"enemies":"Exordium Wildlife","floor":4,"turns":3},{"damage":9,"enemies":"Red Slaver","floor":5,"turns":4},{"damage":2,"enemies":"2 Fungi Beasts","floor":7,"turns":4},{"damage":20,"enemies":"Lagavulin","floor":11,"turns":6},{"damage":13,"enemies":"Looter","floor":13,"turns":4},{"damage":6,"enemies":"Exordium Wildlife","floor":14,"turns":4},{"damage":16,"enemies":"The Guardian","floor":16,"turns":7},{"damage":23,"enemies":"2 Thieves","floor":18,"turns":4},{"damage":6,"enemies":"Spheric Guardian","floor":21,"turns":4},{"damage":30,"enemies":"Slavers","floor":23,"turns":3}],"seed_played":"987364553392487030","potions_obtained":[{"floor":1,"key":"Fire Potion"},{"floor":4,"key":"Swift Potion"},{"floor":7,"key":"EntropicBrew"},{"floor":16,"key":"Block Potion"}],"is_trial":false,"path_per_floor":["M","M","M","M","M","R","M","R","T","R","E","$","M","M","R","B",null,"M","?","?","M","$","E"],"character_chosen":"IRONCLAD","items_purchased":["DollysMirror","Shrug It Off"],"campfire_rested":0,"item_purchase_floors":[12,22],"current_hp_per_floor":[74,72,75,68,65,65,69,69,69,69,55,55,48,48,48,38,66,49,28,28,28,28,0],"gold":21,"neow_bonus":"ONE_RANDOM_RARE_CARD","is_prod":false,"is_daily":false,"chose_seed":false,"campfire_upgraded":4,"win_rate":0,"timestamp":1567122876,"path_taken":["M","M","M","M","?","R","M","R","T","R","E","$","M","M","R","BOSS","M","?","?","M","?","E"],"build_version":"2019-07-17","purchased_purges":0,"victory":false,"max_hp_per_floor":[75,75,75,75,75,75,75,75,75,75,75,75,75,75,75,75,75,75,75,75,75,75,75],"card_choices":[{"not_picked":["Hemokinesis","Cleave"],"picked":"Headbutt","floor":1},{"not_picked":["Power Through","Carnage"],"picked":"Shrug It Off","floor":2},{"not_picked":["Clothesline","Dual Wield","Pummel"],"picked":"SKIP","floor":3},{"not_picked":["Corruption","Shrug It Off"],"picked":"Berserk","floor":4},{"not_picked":["Rupture","Inflame","Cleave"],"picked":"SKIP","floor":5},{"not_picked":["Fire Breathing","Clothesline","Flex"],"picked":"SKIP","floor":7},{"not_picked":["Warcry","Twin Strike"],"picked":"Demon Form","floor":11},{"not_picked":["Reckless Charge","Warcry"],"picked":"Rage","floor":13},{"not_picked":["Body Slam","Disarm"],"picked":"Shrug It Off","floor":14},{"not_picked":["Offering","Demon Form"],"picked":"Juggernaut","floor":16},{"not_picked":["Anger","Heavy Blade"],"picked":"Shockwave+1","floor":18},{"not_picked":["True Grit","Thunderclap","Heavy Blade"],"picked":"SKIP","floor":21}],"player_experience":306164,"relics_obtained":[{"floor":9,"key":"Smiling Mask"},{"floor":11,"key":"Boot"},{"floor":19,"key":"Necronomicon"}],"event_choices":[{"damage_healed":0,"gold_gain":0,"player_choice":"Obtained Book","damage_taken":21,"max_hp_gain":0,"max_hp_loss":0,"event_name":"Cursed Tome","floor":19,"gold_loss":0},{"damage_healed":0,"gold_gain":0,"player_choice":"Obtained Relic","damage_taken":0,"relics_obtained":["Centennial Puzzle"],"max_hp_gain":0,"max_hp_loss":0,"event_name":"Addict","floor":20,"gold_loss":85}],"is_beta":false,"boss_relics":[{"not_picked":["Eternal Feather","Busted Crown"],"picked":"Sozu"}],"items_purged_floors":[],"is_endless":false,"potions_floor_spawned":[1,4,7,16,18],"killed_by":"Slavers","ascension_level":16}