{"gold_per_floor":[117,128,128,141,155,185,199,212,212,212,228,290,300,375,375,375],"floor_reached":16,"playtime":1160,"items_purged":[],"score":175,"play_id":"1c46889b-3170-4857-bef5-be2b38cd73e2","local_time":"20190827223941","is_ascension_mode":true,"campfire_choices":[{"floor":10,"key":"REST"},{"floor":15,"key":"REST"}],"neow_cost":"NONE","seed_source_timestamp":694066868041000,"circlet_count":0,"master_deck":["AscendersBane","Strike_R","Strike_R","Strike_R","Strike_R","Strike_R","Defend_R","Defend_R","Defend_R","Bash","Offering","Power Through","Headbutt","Body Slam","Feel No Pain","Dark Embrace","Rampage","Uppercut","Body Slam"],"special_seed":0,"relics":["Burning Blood","Bottled Lightning","Pantograph"],"potions_floor_usage":[6,8,16,16],"damage_taken":[{"damage":1.0,"enemies":"Cultist","floor":1.0,"turns":4.0},{"damage":0.0,"enemies":"2 Louse","floor":2.0,"turns":4.0},{"damage":12.0,"enemies":"Jaw Worm","floor":4.0,"turns":4.0},{"damage":18,"enemies":"Gremlin Gang","floor":5,"turns":5},{"damage":49,"enemies":"Lagavulin","floor":6,"turns":9},{"damage":17,"enemies":"3 Louse","floor":7,"turns":6},{"damage":8,"enemies":"Exordium Wildlife","floor":8,"turns":4},{"damage":13,"enemies":"Large Slime","floor":11,"turns":8},{"damage":16,"enemies":"3 Louse","floor":13,"turns":3},{"damage":72,"enemies":"Slime Boss","floor":16,"turns":8}],"seed_played":"1823268740939229155","potions_obtained":[{"floor":1.0,"key":"Regen Potion"},{"floor":5,"key":"Weak Potion"},{"floor":8,"key":"Fire Potion"},{"floor":13,"key":"SteroidPotion"}],"is_trial":false,"path_per_floor":["M","M","?","M","M","E","M","M","T","R","M","?","M","?","R","B"],"character_chosen":"IRONCLAD","items_purchased":[],"campfire_rested":2,"item_purchase_floors":[],"current_hp_per_floor":[77,80,80,74,62,33,22,20,20,44,37,37,27,16,40,0],"gold":375,"neow_bonus":"ONE_RANDOM_RARE_CARD","is_prod":false,"is_daily":false,"chose_seed":false,"campfire_upgraded":0,"win_rate":0,"timestamp":1566970781,"path_taken":["M","M","?","?","M","E","M","M","T","R","?","?","M","?","R","BOSS"],"build_version":"2019-07-17","purchased_purges":0,"victory":false,"max_hp_per_floor":[80,80,80,80,80,80,80,80,80,80,80,80,80,80,80,80],"card_choices":[{"not_picked":["Havoc","Body Slam"],"picked":"Power Through","floor":1.0},{"not_picked":["Dual Wield","Thunderclap"],"picked":"Headbutt","floor":2.0},{"not_picked":["Hemokinesis","Twin Strike"],"picked":"Body Slam","floor":4.0},{"not_picked":["Pommel Strike","Dropkick"],"picked":"Feel No Pain","floor":5},{"not_picked":["Dropkick","Infernal Blade","Burning Pact"],"picked":"SKIP","floor":6},{"not_picked":["Armaments","Perfected Strike"],"picked":"Dark Embrace","floor":7},{"not_picked":["Infernal Blade","Sword Boomerang"],"picked":"Rampage","floor":8},{"not_picked":["Heavy Blade","Blood for Blood"],"picked":"Uppercut","floor":11},{"not_picked":["Sever Soul","Hemokinesis"],"picked":"Body Slam","floor":13}],"player_experience":245346,"relics_obtained":[{"floor":6,"key":"Bottled Lightning"},{"floor":9,"key":"Pantograph"}],"event_choices":[{"cards_removed":["Defend_R"],"damage_healed":0.0,"max_hp_gain":0.0,"max_hp_loss":0.0,"gold_gain":0.0,"event_name":"Bonfire Elementals","player_choice":"Offered Basic","floor":3.0,"gold_loss":0.0,"damage_taken":0.0},{"damage_healed":0,"gold_gain":62,"player_choice":"Gained Gold","damage_taken":0,"max_hp_gain":0,"max_hp_loss":0,"event_name":"Golden Wing","floor":12,"gold_loss":0},{"damage_healed":0,"gold_gain":75,"player_choice":"Gather Gold","damage_taken":11,"max_hp_gain":0,"max_hp_loss":0,"event_name":"World of Goop","floor":14,"gold_loss":0}],"is_beta":false,"boss_relics":[],"items_purged_floors":[],"is_endless":false,"potions_floor_spawned":[1,5,8,13],"killed_by":"Slime Boss","ascension_level":13}