{"gold_per_floor":[116,116,129,1,76,110,129,147,173,203,217,245,257,292,304,411,423,453,465,392,422,434,474,486,498,510,2,19,19,19,39,39,139,139,157,157,173,173,191,191,201,211,263,276,276,276,295,314,314,314],"floor_reached":50,"playtime":2623,"items_purged":[],"score":635,"play_id":"f05f2ef5-7334-4775-943e-9ca50306b5a2","local_time":"20181023211918","is_ascension_mode":true,"campfire_choices":[{"floor":13,"key":"REST"},{"floor":15,"key":"REST"},{"floor":24,"key":"REST"},{"floor":29,"key":"REST"},{"floor":32,"key":"REST"},{"floor":40,"key":"REST"},{"floor":45,"key":"REST"},{"floor":49,"key":"REST"}],"neow_cost":"NONE","seed_source_timestamp":439782660822779,"circlet_count":0,"master_deck":["Strike_B","Strike_B","Defend_B","Defend_B","Defend_B","Defend_B","Zap+1","Ball Lightning","Storm","Conserve Battery","Echo Form","Ball Lightning","Streamline","Tempest","Sweeping Beam","Capacitor","Ball Lightning","Electrodynamics","Gash+1","RitualDagger","Redo+1","Storm","Conserve Battery+1","Seek+1","Amplify+1","Redo+1","Auto Shields+1","Pain","Storm+1"],"relics":["Cracked Core","NeowsBlessing","Lantern","Blood Vial","Strawberry","MawBank","Odd Mushroom","Cursed Key","Boot","Toxic Egg 2","Singing Bowl","ClockworkSouvenir","Empty Cage","Regal Pillow","Ice Cream"],"potions_floor_usage":[10,10,12,23,28,28,28,42,44,44,48],"damage_taken":[{"damage":0,"enemies":"Jaw Worm","floor":1,"turns":1},{"damage":0,"enemies":"2 Louse","floor":3,"turns":1},{"damage":0,"enemies":"Lagavulin","floor":6,"turns":1},{"damage":0,"enemies":"Cultist","floor":7,"turns":2},{"damage":0,"enemies":"Large Slime","floor":8,"turns":4},{"damage":10,"enemies":"3 Sentries","floor":10,"turns":2},{"damage":0,"enemies":"2 Fungi Beasts","floor":11,"turns":2},{"damage":28,"enemies":"Lagavulin","floor":12,"turns":5},{"damage":16,"enemies":"The Mushroom Lair","floor":14,"turns":4},{"damage":70,"enemies":"Hexaghost","floor":16,"turns":8},{"damage":4,"enemies":"Spheric Guardian","floor":18,"turns":3},{"damage":14,"enemies":"Chosen","floor":21,"turns":4},{"damage":53,"enemies":"Book of Stabbing","floor":23,"turns":5},{"damage":32,"enemies":"Colosseum Slavers","floor":25,"turns":3},{"damage":1,"enemies":"Centurion and Healer","floor":28,"turns":3},{"damage":12,"enemies":"Snecko","floor":31,"turns":4},{"damage":21,"enemies":"Collector","floor":33,"turns":7},{"damage":49,"enemies":"Orb Walker","floor":35,"turns":4},{"damage":14,"enemies":"3 Darklings","floor":37,"turns":3},{"damage":11,"enemies":"Spire Growth","floor":39,"turns":4},{"damage":19,"enemies":"Maw","floor":41,"turns":5},{"damage":22,"enemies":"Sphere and 2 Shapes","floor":42,"turns":6},{"damage":12,"enemies":"Transient","floor":44,"turns":5},{"damage":0,"enemies":"Mind Bloom Boss Battle","floor":46,"turns":3},{"damage":13,"enemies":"Spire Growth","floor":47,"turns":4},{"damage":11,"enemies":"4 Shapes","floor":48,"turns":2},{"damage":89,"enemies":"Awakened One","floor":50,"turns":3}],"seed_played":"8986192262462417622","potions_obtained":[{"floor":6,"key":"FocusPotion"},{"floor":8,"key":"PowerPotion"},{"floor":10,"key":"PowerPotion"},{"floor":16,"key":"GamblersBrew"},{"floor":21,"key":"SkillPotion"},{"floor":37,"key":"EssenceOfSteel"},{"floor":41,"key":"Block Potion"},{"floor":42,"key":"SteroidPotion"},{"floor":44,"key":"Fire Potion"},{"floor":48,"key":"FairyPotion"}],"is_trial":false,"path_per_floor":["M","?","M","$","?","E","M","M","T","E","M","E","R","?","R","B",null,"M","?","?","M","?","E","R","?","T","$","M","R","?","M","R","B",null,"M","?","M","?","M","R","M","M","T","M","R","?","M","M","R"],"character_chosen":"DEFECT","items_purchased":["Storm","Conserve Battery","ClockworkSouvenir","Storm","Conserve Battery+1","Block Potion","Poison Potion","Seek+1"],"campfire_rested":8,"item_purchase_floors":[4,4,27,27,27,27,27,27],"current_hp_per_floor":[75,75,75,75,64,64,64,64,64,63,65,39,63,49,73,5,82,78,72,72,60,60,9,33,3,3,3,6,31,31,23,48,29,86,37,37,25,25,18,44,29,11,11,3,46,48,39,32,76,0],"gold":314,"neow_bonus":"THREE_ENEMY_KILL","is_prod":false,"is_daily":false,"chose_seed":false,"campfire_upgraded":0,"win_rate":0,"timestamp":1540322358,"path_taken":["M","?","?","$","?","E","M","M","T","E","M","E","R","?","R","BOSS","M","?","?","M","?","E","R","?","T","$","?","R","?","M","R","BOSS","M","?","M","?","M","R","?","?","T","M","R","?","M","M","R","BOSS"],"build_version":"2018-10-18","purchased_purges":0,"victory":false,"max_hp_per_floor":[75,75,75,75,75,75,75,75,75,82,82,82,82,82,82,82,82,82,82,82,82,82,82,82,82,82,82,84,84,84,86,86,86,86,86,86,86,86,88,88,90,92,92,94,94,94,96,98,98,98],"card_choices":[{"not_picked":["Barrage","Steam"],"picked":"Ball Lightning","floor":1},{"not_picked":["Hologram","Stack","Barrage"],"picked":"SKIP","floor":3},{"not_picked":["Go for the Eyes","Turbo"],"picked":"Echo Form","floor":6},{"not_picked":["Aggregate","Turbo"],"picked":"Ball Lightning","floor":7},{"not_picked":["Genetic Algorithm","Stack"],"picked":"Streamline","floor":8},{"not_picked":["Turbo","Reinforced Body"],"picked":"Tempest","floor":10},{"not_picked":["Recycle","Lockon"],"picked":"Sweeping Beam","floor":11},{"not_picked":["Steam Power","Barrage"],"picked":"Capacitor","floor":12},{"not_picked":["Gash","Aggregate"],"picked":"Ball Lightning","floor":14},{"not_picked":["Seek","Core Surge"],"picked":"Electrodynamics","floor":16},{"not_picked":["Conserve Battery","Cold Snap"],"picked":"Gash+1","floor":18},{"not_picked":["Sweeping Beam","Undo","Cold Snap+1"],"picked":"SKIP","floor":21},{"not_picked":["Rebound","Hologram"],"picked":"Redo","floor":23},{"not_picked":["Hologram+1","Turbo+1","Go for the Eyes"],"picked":"Singing Bowl","floor":28},{"not_picked":["Barrage","Scrape","Conserve Battery+1"],"picked":"Singing Bowl","floor":31},{"not_picked":["Hyperbeam","Multi-Cast+1"],"picked":"Amplify+1","floor":33},{"not_picked":["Rebound","Go for the Eyes+1"],"picked":"Redo+1","floor":35},{"not_picked":["Turbo+1","Recycle+1"],"picked":"Auto Shields+1","floor":37},{"not_picked":["Coolheaded+1","Force Field+1","Streamline"],"picked":"Singing Bowl","floor":39},{"not_picked":["Go for the Eyes+1","Hello World","Turbo+1"],"picked":"Singing Bowl","floor":41},{"not_picked":["Streamline","Ball Lightning","Glacier+1"],"picked":"Singing Bowl","floor":42},{"not_picked":["Beam Cell+1","BootSequence+1","Blizzard+1"],"picked":"Singing Bowl","floor":44},{"not_picked":["Lockon","Chill+1"],"picked":"Storm+1","floor":46},{"not_picked":["Cold Snap+1","Machine Learning","Rebound+1"],"picked":"Singing Bowl","floor":47},{"not_picked":["Stack+1","Sweeping Beam","Barrage+1"],"picked":"Singing Bowl","floor":48}],"player_experience":233965,"relics_obtained":[{"floor":6,"key":"Lantern"},{"floor":9,"key":"Blood Vial"},{"floor":10,"key":"Strawberry"},{"floor":12,"key":"MawBank"},{"floor":14,"key":"Odd Mushroom"},{"floor":23,"key":"Toxic Egg 2"},{"floor":26,"key":"Singing Bowl"},{"floor":43,"key":"Regal Pillow"},{"floor":46,"key":"Ice Cream"}],"event_choices":[{"damage_healed":0,"gold_gain":0,"player_choice":"Grow","damage_taken":0,"max_hp_gain":0,"max_hp_loss":0,"event_name":"Living Wall","floor":2,"gold_loss":0,"cards_upgraded":["Zap"]},{"damage_healed":0,"gold_gain":75,"player_choice":"Gather Gold","damage_taken":11,"max_hp_gain":0,"max_hp_loss":0,"event_name":"World of Goop","floor":5,"gold_loss":0},{"damage_healed":0,"gold_gain":0,"player_choice":"Fought Mushrooms","damage_taken":0,"max_hp_gain":0,"max_hp_loss":0,"event_name":"Mushrooms","floor":14,"gold_loss":0},{"damage_healed":0,"gold_gain":0,"player_choice":"Joined the Cult","damage_taken":6,"max_hp_gain":0,"max_hp_loss":0,"event_name":"Nest","floor":19,"gold_loss":0,"cards_obtained":["RitualDagger"]},{"damage_healed":0,"gold_gain":0,"player_choice":"Obtained Relic","damage_taken":0,"relics_obtained":["Boot"],"max_hp_gain":0,"max_hp_loss":0,"event_name":"Addict","floor":20,"gold_loss":85},{"damage_healed":0,"gold_gain":0,"player_choice":"Ignored","damage_taken":0,"max_hp_gain":0,"max_hp_loss":0,"event_name":"Ghosts","floor":22,"gold_loss":0},{"damage_healed":0,"gold_gain":0,"player_choice":"Fight","damage_taken":0,"max_hp_gain":0,"max_hp_loss":0,"event_name":"Colosseum","floor":25,"gold_loss":0},{"damage_healed":0,"gold_gain":0,"player_choice":"Fled From Nobs","damage_taken":0,"max_hp_gain":0,"max_hp_loss":0,"event_name":"Colosseum","floor":25,"gold_loss":0},{"cards_removed":["Regret"],"damage_healed":0,"gold_gain":0,"player_choice":"Elegance","damage_taken":0,"max_hp_gain":0,"max_hp_loss":0,"event_name":"Back to Basics","floor":30,"gold_loss":0},{"damage_healed":0,"gold_gain":0,"player_choice":"Ignored","damage_taken":0,"max_hp_gain":0,"max_hp_loss":0,"event_name":"The Moai Head","floor":36,"gold_loss":0},{"cards_removed":["Strike_B"],"damage_healed":0,"gold_gain":0,"player_choice":"Removed Attack","damage_taken":0,"max_hp_gain":0,"max_hp_loss":0,"event_name":"Falling","floor":38,"gold_loss":0},{"damage_healed":0,"gold_gain":0,"player_choice":"Fight","damage_taken":0,"max_hp_gain":0,"max_hp_loss":0,"event_name":"MindBloom","floor":46,"gold_loss":0}],"is_beta":false,"boss_relics":[{"not_picked":["Busted Crown","Runic Pyramid"],"picked":"Cursed Key"},{"not_picked":["Nuclear Battery","Runic Dome"],"picked":"Empty Cage"}],"items_purged_floors":[],"is_endless":false,"potions_floor_spawned":[6,8,10,16,21,25,37,41,42,44,48],"killed_by":"Awakened One","ascension_level":3}