{"path_per_floor":["M","M","M","M","?","E","?","R","T","R","M","$","M","?","R","B",null,"M","M","M","?","M","R","T","R","T","M","R","?","$","?","R","B",null,"M","?","?","M","?","E","R","M","T","R","M","?","M","M","R"],"character_chosen":"IRONCLAD","items_purchased":["Apotheosis","Inflame","Flex","Ginger"],"gold_per_floor":[116,134,145,159,259,291,291,291,291,291,306,21,32,85,85,190,190,208,227,245,245,255,255,255,255,301,318,318,318,19,19,19,114,114,134,134,0,11,11,36,36,55,131,131,141,141,154,170,170],"floor_reached":50,"campfire_rested":7,"playtime":3468,"current_hp_per_floor":[80,77,66,61,61,53,53,53,53,53,43,43,33,33,57,44,80,80,67,10,10,10,34,34,58,58,42,80,80,80,80,80,14,80,55,55,55,30,70,8,44,21,21,57,42,42,25,41,70],"items_purged":[],"gold":170,"score":499,"play_id":"21d9383f-fd9c-4921-aee2-9e147fa103ee","is_prod":false,"is_daily":false,"is_ascension_mode":false,"campfire_upgraded":3,"path_taken":["M","M","M","M","?","E","?","R","T","R","?","?","?","?","R","BOSS","M","M","M","?","?","R","?","R","T","?","R","?","$","?","R","BOSS","M","?","?","?","?","E","R","M","T","R","M","?","M","M","R","BOSS"],"build_version":"2018-02-08-PROD1","purchased_purges":0,"victory":false,"master_deck":["Strike_R","Strike_R","Strike_R","Strike_R","Strike_R","Defend_R","Defend_R","Defend_R","Defend_R","Bash","Sword Boomerang","Fire Breathing+1","Iron Wave","Sword Boomerang","Demon Form+1","Iron Wave","Apotheosis+1","Inflame","Flex","Body Slam","Immolate","Decay","Body Slam","Pommel Strike+1","Armaments+1","Impervious","Uppercut+1","Headbutt","Writhe","Metallicize","Immolate","Berserk","Warcry+1","Heavy Blade+1","Warcry+1","Burning Pact+1","Whirlwind+1","Blood for Blood"],"max_hp_per_floor":[80,80,80,80,80,80,80,80,80,80,80,80,80,80,80,80,80,80,80,80,80,80,80,80,80,80,80,80,80,80,80,80,80,80,80,80,80,80,70,70,70,70,70,70,70,70,70,70,70],"relics":["Burning Blood","Omamori","Calling Bell","Champion Belt","Du-Vu Doll","Happy Flower","Regal Pillow","Blood Vial","Ginger","Lizard Tail","Red Mask","Ancient Tea Set","Bottled Flame"],"card_choices":[{"not_picked":["Evolve","Uppercut"],"picked":"Sword Boomerang"},{"not_picked":["Thunderclap","Sword Boomerang"],"picked":"Fire Breathing"},{"not_picked":["Heavy Blade","Searing Blow"],"picked":"Iron Wave"},{"not_picked":["Heavy Blade","Clothesline"],"picked":"Sword Boomerang"},{"not_picked":["Shrug It Off","Armaments"],"picked":"Demon Form"},{"not_picked":["Seeing Red","Thunderclap"],"picked":"Iron Wave"},{"not_picked":["Bloodletting","Armaments"],"picked":"Body Slam"},{"not_picked":["Exhume","Brutality"],"picked":"Immolate"},{"not_picked":["Warcry","Rage"],"picked":"Body Slam"},{"not_picked":["Clash","Warcry"],"picked":"Pommel Strike"},{"not_picked":["Body Slam","Perfected Strike"],"picked":"Armaments"},{"not_picked":["Thunderclap","Wild Strike"],"picked":"Uppercut"},{"not_picked":["Twin Strike","Bloodletting"],"picked":"Headbutt"},{"not_picked":["Demon Form","Feed"],"picked":"Berserk"},{"not_picked":["Evolve","Armaments"],"picked":"Infernal Blade"},{"not_picked":["Feel No Pain","Flex"],"picked":"Warcry"},{"not_picked":["Wild Strike","Searing Blow"],"picked":"Heavy Blade"},{"not_picked":["Cleave","Exhume"],"picked":"Warcry"},{"not_picked":["Flex","Disarm"],"picked":"Burning Pact"},{"not_picked":["Body Slam","Sword Boomerang"],"picked":"Whirlwind"},{"not_picked":["Intimidate","Burning Pact"],"picked":"Blood for Blood"}],"player_experience":64870,"potions_floor_usage":[3,4,6,20,22,27,47,48,50],"damage_taken":[{"damage":3,"enemies":"Cultist","floor":1,"turns":5},{"damage":9,"enemies":"Blue Slaver","floor":2,"turns":3},{"damage":17,"enemies":"Small Slimes","floor":3,"turns":3},{"damage":20,"enemies":"Exordium Thugs","floor":4,"turns":4},{"damage":14,"enemies":"Gremlin Nob","floor":6,"turns":5},{"damage":16,"enemies":"2 Fungi Beasts","floor":11,"turns":3},{"damage":16,"enemies":"Exordium Wildlife","floor":13,"turns":3},{"damage":19,"enemies":"The Guardian","floor":16,"turns":7},{"damage":5,"enemies":"Spheric Guardian","floor":18,"turns":3},{"damage":19,"enemies":"Chosen","floor":19,"turns":7},{"damage":63,"enemies":"3 Cultists","floor":20,"turns":6},{"damage":6,"enemies":"Snake Plant","floor":22,"turns":4},{"damage":22,"enemies":"Centurion and Healer","floor":27,"turns":7},{"damage":72,"enemies":"Automaton","floor":33,"turns":7},{"damage":31,"enemies":"3 Shapes","floor":35,"turns":6},{"damage":33,"enemies":"Orb Walker","floor":38,"turns":5},{"damage":68,"enemies":"2 Orb Walkers","floor":40,"turns":5},{"damage":31,"enemies":"Maw","floor":42,"turns":7},{"damage":23,"enemies":"3 Darklings","floor":45,"turns":6},{"damage":25,"enemies":"Sphere and 2 Shapes","floor":47,"turns":5},{"damage":28,"enemies":"4 Shapes","floor":48,"turns":8},{"damage":70,"enemies":"Donu and Deca","floor":50,"turns":4}],"event_choices":[{"event_name":"Wheel of Change","player_choice":"Gold","floor":5,"damage_taken":0},{"event_name":"Transmorgrifier","player_choice":"Transform","floor":7,"damage_taken":0},{"event_name":"Golden Wing","player_choice":"Gained Gold","floor":14,"damage_taken":0},{"event_name":"Transmorgrifier","player_choice":"Transform","floor":21,"damage_taken":0},{"event_name":"The Mausoleum","player_choice":"Yes","floor":29,"damage_taken":0},{"event_name":"Match and Keep!","player_choice":"2 cards matched","floor":31,"damage_taken":0},{"event_name":"Tomb of Lord Red Mask","player_choice":"Paid","floor":37,"damage_taken":0},{"event_name":"The Moai Head","player_choice":"Heal","floor":39,"damage_taken":0},{"event_name":"Mysterious Sphere","player_choice":"Ignore","floor":46,"damage_taken":0}],"boss_relics":[{"not_picked":["Black Blood","Velvet Choker"],"picked":"Calling Bell"},{"not_picked":["Runic Dome","Eternal Feather"],"picked":"Lizard Tail"}],"potions_floor_spawned":[1,2,4,19,20,22,42,47,48],"seed_played":"5773956613310431419","killed_by":"Donu and Deca","ascension_level":0,"is_trial":false}