{"path_per_floor":["M","M","?","M","?","E","M","E","T","M","M","M","M","?","R","B",null,"M","?","M","?","?","R","M","M","T","$","?","M"],"character_chosen":"IRONCLAD","items_purchased":["Sadistic Nature","Orichalcum","Dream Catcher"],"gold_per_floor":[110,120,220,235,235,263,274,304,327,341,352,370,389,389,389,493,493,503,503,519,519,469,469,485,501,501,20,20,40],"floor_reached":30,"campfire_rested":2,"playtime":1366,"current_hp_per_floor":[80,80,80,80,64,50,49,43,43,52,42,48,59,59,86,32,90,62,46,26,26,26,54,40,34,34,34,34,16],"items_purged":[],"gold":40,"score":271,"play_id":"6bd34791-a5a0-4191-9933-f2cb827a668e","is_prod":false,"is_daily":false,"is_ascension_mode":false,"campfire_upgraded":0,"path_taken":["M","M","?","M","?","E","M","E","T","?","M","M","M","?","R","BOSS","M","?","M","?","?","R","M","?","T","$","?","M","M"],"build_version":"2018-02-15-PROD1","purchased_purges":0,"victory":false,"master_deck":["Strike_R+1","Strike_R","Strike_R","Defend_R","Defend_R","Defend_R+1","Defend_R","Bash","Uppercut+1","Fire Breathing","Blood for Blood","Uppercut+1","Feed+1","Fire Breathing","Cleave","Cleave","Injury","Demon Form","Pommel Strike+1","Twin Strike+1","Brutality+1","Perfected Strike+1","Trip","Perfected Strike","Sentinel+1","Sadistic Nature","Reaper"],"max_hp_per_floor":[80,80,80,80,80,82,82,82,82,85,85,85,90,90,90,90,90,94,94,94,94,94,94,96,96,96,96,96,100],"relics":["Burning Blood","Singing Bowl","Whetstone","Ancient Tea Set","Astrolabe","Orichalcum","Dream Catcher","Shuriken"],"card_choices":[{"not_picked":["Sword Boomerang","Shrug It Off"],"picked":"Anger"},{"not_picked":["Feel No Pain","Flex"],"picked":"Uppercut"},{"not_picked":["Burning Pact","Wild Strike"],"picked":"Fire Breathing"},{"not_picked":["Dropkick","Corruption"],"picked":"Blood for Blood"},{"not_picked":["Iron Wave","Pommel Strike"],"picked":"Uppercut"},{"not_picked":["Armaments","Clothesline"],"picked":"Feed"},{"not_picked":["Headbutt","True Grit"],"picked":"Fire Breathing"},{"not_picked":["Anger","Clash"],"picked":"Cleave"},{"not_picked":["Corruption","Searing Blow"],"picked":"Cleave"},{"not_picked":["Feed","Reaper"],"picked":"Demon Form"},{"not_picked":["True Grit","Iron Wave"],"picked":"Perfected Strike"},{"not_picked":["Spot Weakness","Rage"],"picked":"Perfected Strike"},{"not_picked":["Burning Pact","Thunderclap"],"picked":"Sentinel"},{"not_picked":["Twin Strike","Havoc"],"picked":"Reaper"}],"player_experience":93539,"potions_floor_usage":[8,13,25,30],"damage_taken":[{"damage":2,"enemies":"Small Slimes","floor":1,"turns":4},{"damage":1,"enemies":"Cultist","floor":2,"turns":3},{"damage":4,"enemies":"2 Louse","floor":4,"turns":3},{"damage":22,"enemies":"Gremlin Nob","floor":6,"turns":4},{"damage":7,"enemies":"Exordium Wildlife","floor":7,"turns":4},{"damage":24,"enemies":"3 Sentries","floor":8,"turns":6},{"damage":0,"enemies":"3 Louse","floor":10,"turns":4},{"damage":16,"enemies":"Lots of Slimes","floor":11,"turns":2},{"damage":0,"enemies":"2 Fungi Beasts","floor":12,"turns":3},{"damage":0,"enemies":"Large Slime","floor":13,"turns":5},{"damage":60,"enemies":"The Guardian","floor":16,"turns":9},{"damage":38,"enemies":"3 Byrds","floor":18,"turns":5},{"damage":26,"enemies":"Shell Parasite","floor":20,"turns":4},{"damage":22,"enemies":"Sentry and Sphere","floor":24,"turns":4},{"damage":21,"enemies":"Centurion and Healer","floor":25,"turns":5},{"damage":28,"enemies":"3 Cultists","floor":29,"turns":5},{"damage":19,"enemies":"Slaver and Parasite","floor":30,"turns":1}],"event_choices":[{"event_name":"Golden Shrine","player_choice":"Pray","floor":3,"damage_taken":0},{"event_name":"Shining Light","player_choice":"Entered Light","floor":5,"damage_taken":0},{"event_name":"Accursed Blacksmith","player_choice":"Forge","floor":14,"damage_taken":0},{"event_name":"Knowing Skull","player_choice":"CARD ","floor":19,"damage_taken":0},{"event_name":"The Lab","player_choice":"Got Potions","floor":21,"damage_taken":0},{"event_name":"The Joust","player_choice":"Bet on Murderer","floor":22,"damage_taken":0},{"event_name":"The Mausoleum","player_choice":"Yes","floor":28,"damage_taken":0}],"boss_relics":[{"not_picked":["Ectoplasm","Philosopher\u0027s Stone"],"picked":"Astrolabe"}],"potions_floor_spawned":[1,7,11,12,16,25,29],"seed_played":"8985877294936890552","killed_by":"Slaver and Parasite","ascension_level":0,"is_trial":false}