{"gold_per_floor":[116,136,149,224,224,224,254,254,279,279,297,297,307,342,342,416,416,392,0,0,17,17,17,17],"floor_reached":24,"playtime":1376,"items_purged":[],"score":423,"play_id":"3fdf30d6-f3bc-4225-ace4-21a014983008","local_time":"20190801210256","is_ascension_mode":true,"campfire_choices":[{"data":"Conserve Battery","floor":6,"key":"SMITH"},{"floor":8,"key":"REST"},{"floor":10,"key":"REST"},{"floor":15,"key":"REST"},{"data":"Creative AI","floor":23,"key":"SMITH"}],"neow_cost":"TEN_PERCENT_HP_LOSS","seed_source_timestamp":161924097729673,"circlet_count":0,"master_deck":["AscendersBane","Defend_B","Defend_B","Defend_B","Zap","Dualcast","Conserve Battery+1","Compile Driver","Creative AI+1","Conserve Battery","Ball Lightning","Capacitor","Leap","Thunder Strike","Barrage+1","Bite","Bite","Bite","Bite","Bite","BootSequence"],"relics":["Cracked Core","Boot","Omamori","Happy Flower","Potion Belt","Black Star","Runic Capacitor","Bag of Preparation"],"potions_floor_usage":[7,16,16,18,24],"damage_taken":[{"damage":7,"enemies":"Jaw Worm","floor":1,"turns":3},{"damage":2,"enemies":"2 Louse","floor":2,"turns":3},{"damage":0,"enemies":"Small Slimes","floor":3,"turns":2},{"damage":28,"enemies":"Gremlin Nob","floor":7,"turns":4},{"damage":1,"enemies":"Looter","floor":11,"turns":3},{"damage":17,"enemies":"Gremlin Gang","floor":13,"turns":4},{"damage":23,"enemies":"Lagavulin","floor":14,"turns":6},{"damage":19,"enemies":"Slime Boss","floor":16,"turns":8},{"damage":20,"enemies":"2 Thieves","floor":18,"turns":4},{"damage":33,"enemies":"Shell Parasite","floor":21,"turns":6},{"damage":19,"enemies":"Gremlin Leader","floor":24,"turns":2}],"seed_played":"9157003967982851389","potions_obtained":[{"floor":2,"key":"FocusPotion"},{"floor":7,"key":"Swift Potion"},{"floor":11,"key":"AttackPotion"},{"floor":14,"key":"AttackPotion"},{"floor":21,"key":"SneckoOil"}],"is_trial":false,"path_per_floor":["M","M","M","?","?","R","E","R","T","R","M","?","M","E","R","B",null,"M","$","?","M","?","R","E"],"character_chosen":"DEFECT","items_purchased":["Runic Capacitor","Bag of Preparation"],"campfire_rested":3,"item_purchase_floors":[19,19],"current_hp_per_floor":[57,55,55,44,33,33,5,24,24,43,42,47,30,7,27,8,54,34,34,34,13,13,13,0],"gold":17,"neow_bonus":"REMOVE_TWO","is_prod":false,"is_daily":false,"chose_seed":false,"campfire_upgraded":2,"win_rate":0,"timestamp":1564707776,"path_taken":["M","M","M","?","?","R","E","R","T","R","M","?","M","E","R","BOSS","M","$","?","M","?","R","E"],"build_version":"2019-07-17","purchased_purges":0,"victory":false,"max_hp_per_floor":[64,64,64,64,64,64,64,64,64,64,64,69,69,69,69,69,69,69,69,48,48,48,48,48],"card_choices":[{"not_picked":["Rebound","Sweeping Beam"],"picked":"Conserve Battery","floor":1},{"not_picked":["Force Field","Storm"],"picked":"Compile Driver","floor":2},{"not_picked":["Redo","Go for the Eyes"],"picked":"Creative AI","floor":3},{"not_picked":["Loop","Rebound"],"picked":"Conserve Battery","floor":7},{"not_picked":["Leap","Consume"],"picked":"Ball Lightning","floor":11},{"not_picked":["Coolheaded","Stack"],"picked":"Capacitor","floor":13},{"not_picked":["Consume","Reprogram"],"picked":"Leap","floor":14},{"not_picked":["Biased Cognition","All For One"],"picked":"Thunder Strike","floor":16},{"not_picked":["Coolheaded","Sweeping Beam"],"picked":"Barrage+1","floor":18},{"not_picked":["Reinforced Body","Auto Shields"],"picked":"BootSequence","floor":21}],"player_experience":324555,"relics_obtained":[{"floor":7,"key":"Omamori"},{"floor":9,"key":"Happy Flower"},{"floor":14,"key":"Potion Belt"}],"event_choices":[{"damage_healed":0,"gold_gain":75,"player_choice":"Gather Gold","damage_taken":11,"max_hp_gain":0,"max_hp_loss":0,"event_name":"World of Goop","floor":4,"gold_loss":0},{"damage_healed":0,"gold_gain":0,"player_choice":"Success","damage_taken":11,"relics_obtained":["Boot"],"max_hp_gain":0,"max_hp_loss":0,"event_name":"Scrap Ooze","floor":5,"gold_loss":0},{"damage_healed":0,"gold_gain":0,"player_choice":"Donut","damage_taken":0,"max_hp_gain":5,"max_hp_loss":0,"event_name":"Big Fish","floor":12,"gold_loss":0},{"damage_healed":0,"gold_gain":0,"player_choice":"Became a vampire","damage_taken":0,"max_hp_gain":0,"max_hp_loss":21,"event_name":"Vampires","floor":20,"gold_loss":0,"cards_obtained":["Bite","Bite","Bite","Bite","Bite"]},{"damage_healed":0,"gold_gain":0,"player_choice":"Ignored","damage_taken":0,"max_hp_gain":0,"max_hp_loss":0,"event_name":"Ghosts","floor":22,"gold_loss":0}],"is_beta":false,"boss_relics":[{"not_picked":["Velvet Choker","Runic Pyramid"],"picked":"Black Star"}],"items_purged_floors":[],"is_endless":false,"potions_floor_spawned":[2,7,11,14,21],"killed_by":"Gremlin Leader","ascension_level":19}