{"gold_per_floor":[112,112,59,59,69,69,88,88,88,108,108,108,128,27,27,132,132,142,142,32,52,52,52,67,67,67,67,86,113,124,154,154,257,307,317,417,125,143,162,162,197,197,197,227,238,248,248,259,259,259],"floor_reached":51,"playtime":3634,"items_purged":["Strike_R","Strike_R+1"],"score":1003,"play_id":"2dfe4e96-48aa-4515-bd9b-cf37788574bc","local_time":"20190825111323","is_ascension_mode":true,"campfire_choices":[{"data":"Body Slam","floor":6,"key":"SMITH"},{"data":"Shockwave","floor":8,"key":"SMITH"},{"data":"Shrug It Off","floor":12,"key":"SMITH"},{"data":"Combust","floor":15,"key":"SMITH"},{"data":"Entrench","floor":23,"key":"SMITH"},{"data":"Clothesline","floor":25,"key":"SMITH"},{"data":"Offering","floor":27,"key":"SMITH"},{"floor":32,"key":"REST"},{"data":"Barricade","floor":47,"key":"SMITH"},{"data":"Impervious","floor":49,"key":"SMITH"}],"neow_cost":"TEN_PERCENT_HP_LOSS","seed_source_timestamp":865728398595700,"circlet_count":0,"master_deck":["Strike_R+1","Strike_R+1","Defend_R+1","Defend_R+1","Defend_R+1","Bash+1","Offering+1","Body Slam+1","Clothesline+1","Shockwave+1","Shrug It Off+1","Combust+1","Thunderclap","Impervious+1","Flame Barrier+1","Entrench+1","Metallicize","Disarm","Body Slam+1","Pommel Strike+1","Barricade+1","Shrug It Off+1","Master of Strategy","Shockwave+1","Parasite","Ghostly Armor+1"],"relics":["Burning Blood","Kunai","Velvet Choker","Matryoshka","Mercury Hourglass","Red Mask","Tiny House","FossilizedHelix","Dead Branch","Oddly Smooth Stone","Torii","Pocketwatch"],"potions_floor_usage":[16,18,28,33,41,45,45,50],"damage_taken":[{"damage":11,"enemies":"Small Slimes","floor":1,"turns":3},{"damage":2,"enemies":"2 Louse","floor":5,"turns":3},{"damage":6,"enemies":"Cultist","floor":7,"turns":4},{"damage":27,"enemies":"Exordium Thugs","floor":10,"turns":4},{"damage":6,"enemies":"2 Fungi Beasts","floor":13,"turns":3},{"damage":25,"enemies":"Slime Boss","floor":16,"turns":10},{"damage":3,"enemies":"2 Thieves","floor":18,"turns":4},{"damage":23,"enemies":"Spheric Guardian","floor":21,"turns":4},{"damage":13,"enemies":"Shelled Parasite and Fungi","floor":24,"turns":5},{"damage":10,"enemies":"Snake Plant","floor":28,"turns":3},{"damage":12,"enemies":"Book of Stabbing","floor":29,"turns":5},{"damage":2,"enemies":"Snecko","floor":30,"turns":3},{"damage":16,"enemies":"Masked Bandits","floor":31,"turns":3},{"damage":31,"enemies":"Champ","floor":33,"turns":12},{"damage":8,"enemies":"Orb Walker","floor":35,"turns":7},{"damage":10,"enemies":"Mind Bloom Boss Battle","floor":36,"turns":6},{"damage":8,"enemies":"3 Shapes","floor":38,"turns":5},{"damage":0,"enemies":"Writhing Mass","floor":39,"turns":6},{"damage":31,"enemies":"Reptomancer","floor":41,"turns":5},{"damage":12,"enemies":"Nemesis","floor":44,"turns":13},{"damage":0,"enemies":"Transient","floor":45,"turns":5},{"damage":0,"enemies":"Maw","floor":46,"turns":6},{"damage":0,"enemies":"Jaw Worm Horde","floor":48,"turns":4},{"damage":28,"enemies":"Time Eater","floor":50,"turns":12}],"seed_played":"-5010982415590462615","potions_obtained":[{"floor":7,"key":"EssenceOfSteel"},{"floor":16,"key":"Fruit Juice"},{"floor":18,"key":"BloodPotion"},{"floor":24,"key":"Weak Potion"},{"floor":31,"key":"Swift Potion"},{"floor":33,"key":"SkillPotion"},{"floor":34,"key":"Weak Potion"},{"floor":36,"key":"EssenceOfSteel"},{"floor":38,"key":"BloodPotion"},{"floor":41,"key":"Fire Potion"},{"floor":45,"key":"SpeedPotion"},{"floor":48,"key":"Regen Potion"}],"is_trial":false,"path_per_floor":["M","?","$","?","M","R","M","R","T","M","?","R","M","$","R","B",null,"M","?","$","M","?","R","M","R","T","R","M","E","M","?","R","B",null,"M","?","$","M","M","?","E","?","T","E","M","M","R","M","R","B",null],"character_chosen":"IRONCLAD","items_purchased":["Clothesline","Thunderclap","Entrench","Metallicize","Master of Strategy"],"campfire_rested":1,"item_purchase_floors":[3,14,20,20,37],"current_hp_per_floor":[67,67,67,72,76,76,76,76,76,55,55,55,55,55,55,36,67,75,75,75,58,58,58,51,51,51,51,67,61,65,55,79,54,80,78,74,74,72,78,78,73,73,73,67,73,79,79,83,83,76],"gold":259,"neow_bonus":"THREE_RARE_CARDS","is_prod":false,"is_daily":false,"chose_seed":false,"campfire_upgraded":9,"win_rate":0,"timestamp":1566699203,"path_taken":["M","?","$","?","M","R","M","R","T","M","?","R","?","?","R","BOSS","M","?","$","M","?","R","M","R","T","R","?","E","M","?","R","BOSS","M","?","$","M","M","?","E","?","T","E","?","M","R","M","R","BOSS"],"build_version":"2019-07-17","purchased_purges":2,"victory":true,"max_hp_per_floor":[72,72,72,77,77,77,77,77,77,77,77,77,77,77,77,77,77,82,82,82,82,82,82,82,82,82,82,82,82,82,82,82,82,87,87,87,87,87,87,83,83,83,83,83,83,83,83,83,83,83],"card_choices":[{"not_picked":["Limit Break","Berserk"],"picked":"Offering","floor":0},{"not_picked":["Blood for Blood","Perfected Strike"],"picked":"Body Slam","floor":1},{"not_picked":["Cleave","Armaments"],"picked":"Shockwave","floor":5},{"not_picked":["Body Slam","Warcry"],"picked":"Shrug It Off","floor":7},{"not_picked":["Warcry","Headbutt"],"picked":"Combust","floor":10},{"not_picked":["Offering","Combust","Havoc"],"picked":"SKIP","floor":13},{"not_picked":["Juggernaut","Offering"],"picked":"Impervious","floor":16},{"not_picked":["Havoc+1","Inflame"],"picked":"Flame Barrier+1","floor":18},{"not_picked":["Dropkick+1","Clothesline"],"picked":"Disarm","floor":21},{"not_picked":["Searing Blow","Whirlwind"],"picked":"Body Slam+1","floor":24},{"not_picked":["Fire Breathing","Hemokinesis+1"],"picked":"Pommel Strike","floor":28},{"not_picked":["Bloodletting","Twin Strike","Clothesline"],"picked":"SKIP","floor":29},{"not_picked":["Entrench","Sword Boomerang","True Grit"],"picked":"SKIP","floor":30},{"not_picked":["Immolate","Double Tap"],"picked":"Barricade","floor":33},{"not_picked":["Intimidate","Cleave"],"picked":"Shrug It Off+1","floor":34},{"not_picked":["Havoc","Armaments+1","Anger"],"picked":"SKIP","floor":35},{"not_picked":["Headbutt","Flex"],"picked":"Shockwave+1","floor":38},{"not_picked":["Whirlwind+1","Thunderclap+1","Shrug It Off"],"picked":"SKIP","floor":39},{"not_picked":["Barricade","Twin Strike","Combust+1"],"picked":"SKIP","floor":41},{"not_picked":["Clothesline","Immolate","Flame Barrier"],"picked":"SKIP","floor":44},{"not_picked":["Headbutt","Armaments+1"],"picked":"Ghostly Armor+1","floor":45},{"not_picked":["Blood for Blood+1","Iron Wave","Entrench+1"],"picked":"SKIP","floor":46},{"not_picked":["Flex+1","Fire Breathing+1","Twin Strike+1"],"picked":"SKIP","floor":48}],"player_experience":200235,"relics_obtained":[{"floor":9,"key":"Kunai"},{"floor":26,"key":"Matryoshka"},{"floor":29,"key":"Mercury Hourglass"},{"floor":31,"key":"Red Mask"},{"floor":36,"key":"FossilizedHelix"},{"floor":41,"key":"Dead Branch"},{"floor":43,"key":"Oddly Smooth Stone"},{"floor":43,"key":"Torii"},{"floor":44,"key":"Pocketwatch"}],"event_choices":[{"cards_removed":["Strike_R"],"damage_healed":0,"gold_gain":0,"player_choice":"Forget","damage_taken":0,"max_hp_gain":0,"max_hp_loss":0,"event_name":"Living Wall","floor":2,"gold_loss":0},{"damage_healed":0,"gold_gain":0,"player_choice":"Donut","damage_taken":0,"max_hp_gain":5,"max_hp_loss":0,"event_name":"Big Fish","floor":4,"gold_loss":0},{"damage_healed":0,"gold_gain":0,"player_choice":"Forge","damage_taken":0,"max_hp_gain":0,"max_hp_loss":0,"event_name":"Accursed Blacksmith","floor":11,"gold_loss":0,"cards_upgraded":["Bash"]},{"damage_healed":0,"gold_gain":0,"player_choice":"Simplicity","damage_taken":0,"max_hp_gain":0,"max_hp_loss":0,"event_name":"Back to Basics","floor":19,"gold_loss":0,"cards_upgraded":["Strike_R","Strike_R","Strike_R","Defend_R","Defend_R","Defend_R","Defend_R"]},{"damage_healed":0,"gold_gain":0,"player_choice":"Ignored","damage_taken":0,"max_hp_gain":0,"max_hp_loss":0,"event_name":"Vampires","floor":22,"gold_loss":0},{"damage_healed":0,"gold_gain":0,"player_choice":"Fought Bandits","damage_taken":0,"max_hp_gain":0,"max_hp_loss":0,"event_name":"Masked Bandits","floor":31,"gold_loss":0},{"damage_healed":0,"gold_gain":0,"player_choice":"Fight","damage_taken":0,"max_hp_gain":0,"max_hp_loss":0,"event_name":"MindBloom","floor":36,"gold_loss":0},{"damage_healed":0,"gold_gain":0,"player_choice":"Max HP","damage_taken":0,"max_hp_gain":0,"max_hp_loss":4,"event_name":"Winding Halls","floor":40,"gold_loss":0},{"cards_removed":["Defend_R"],"damage_healed":0,"gold_gain":0,"player_choice":"Removed Skill","damage_taken":0,"max_hp_gain":0,"max_hp_loss":0,"event_name":"Falling","floor":42,"gold_loss":0}],"is_beta":false,"boss_relics":[{"not_picked":["Cursed Key","Black Star"],"picked":"Velvet Choker"},{"not_picked":["Coffee Dripper","Eternal Feather"],"picked":"Tiny House"}],"items_purged_floors":[14,37],"is_endless":false,"potions_floor_spawned":[7,16,18,24,31,33,36,38,41,45,48],"ascension_level":9}