{"gold_per_floor":[109,109,128,148,148,148,161,161,161,196,196,17,57,77,77,173,173,186,186,13,13,38,38,38,38,63,63,102,102,125,141,141,231,231,246,261,276,289,23,23],"floor_reached":40,"playtime":4437,"items_purged":["Injury"],"score":832,"play_id":"8b56b281-233c-47d2-a5a4-430649a62361","local_time":"20190809194146","is_ascension_mode":true,"campfire_choices":[{"data":"Chill","floor":6.0,"key":"SMITH"},{"floor":8.0,"key":"REST"},{"floor":11.0,"key":"REST"},{"floor":15.0,"key":"REST"},{"floor":23.0,"key":"REST"},{"data":"Zap","floor":25.0,"key":"SMITH"},{"floor":27.0,"key":"REST"},{"data":"Chaos","floor":29.0,"key":"SMITH"},{"floor":32.0,"key":"REST"}],"neow_cost":"NONE","seed_source_timestamp":608767129241567,"circlet_count":0,"master_deck":["AscendersBane","Strike_B","Strike_B","Strike_B","Strike_B","Defend_B","Defend_B","Defend_B","Defend_B","Zap+1","Dualcast","Steam","Chill+1","Steam","Compile Driver","Genetic Algorithm","Mayhem","Self Repair","Doom and Gloom","All For One","Hologram","Good Instincts","Reinforced Body+1","Chaos+1","Hologram+1","Conserve Battery","Fission","Stack","Consume+1","Lockon+1","Streamline+1","Stack","Hologram"],"special_seed":0,"relics":["Cracked Core","Golden Idol","Bottled Lightning","Mercury Hourglass","Gremlin Horn","Inserter","Nilry\u0027s Codex","Vajra","StoneCalendar","Lizard Tail","Happy Flower"],"potions_floor_usage":[40,40],"damage_taken":[{"damage":7.0,"enemies":"Jaw Worm","floor":1.0,"turns":3.0},{"damage":8.0,"enemies":"2 Louse","floor":3.0,"turns":4.0},{"damage":4.0,"enemies":"Cultist","floor":4.0,"turns":4.0},{"damage":20.0,"enemies":"Gremlin Gang","floor":7.0,"turns":8.0},{"damage":12.0,"enemies":"3 Sentries","floor":10.0,"turns":8.0},{"damage":37.0,"enemies":"Lagavulin","floor":13.0,"turns":9.0},{"damage":0.0,"enemies":"Exordium Thugs","floor":14.0,"turns":4.0},{"damage":52.0,"enemies":"Slime Boss","floor":16.0,"turns":10.0},{"damage":34.0,"enemies":"Shell Parasite","floor":18.0,"turns":8.0},{"damage":13.0,"enemies":"Spheric Guardian","floor":22.0,"turns":6.0},{"damage":14.0,"enemies":"Slavers","floor":28.0,"turns":5.0},{"damage":9.0,"enemies":"Shelled Parasite and Fungi","floor":30.0,"turns":7.0},{"damage":16.0,"enemies":"Cultist and Chosen","floor":31.0,"turns":7.0},{"damage":31.0,"enemies":"Collector","floor":33.0,"turns":10.0},{"damage":18.0,"enemies":"3 Darklings","floor":35.0,"turns":7.0},{"damage":10.0,"enemies":"3 Shapes","floor":36.0,"turns":4.0},{"damage":20.0,"enemies":"Transient","floor":37.0,"turns":6.0},{"damage":2.0,"enemies":"Sphere and 2 Shapes","floor":38.0,"turns":5.0},{"damage":94,"enemies":"Giant Head","floor":40,"turns":6}],"seed_played":"8983314082348567324","potions_obtained":[{"floor":7.0,"key":"SteroidPotion"},{"floor":13.0,"key":"LiquidBronze"},{"floor":14.0,"key":"Ancient Potion"},{"floor":30.0,"key":"FearPotion"},{"floor":31.0,"key":"Fire Potion"},{"floor":37.0,"key":"FocusPotion"},{"floor":38.0,"key":"Regen Potion"}],"is_trial":false,"path_per_floor":["M","?","M","M","?","R","M","R","T","E","R","$","E","M","R","B",null,"M","?","$","?","M","R","$","R","T","R","E","R","M","M","R","B",null,"M","M","M","M","$","E"],"character_chosen":"DEFECT","items_purchased":["Mayhem","Good Instincts","Happy Flower","Stack","Hologram"],"campfire_rested":6,"item_purchase_floors":[12,20,39,39,39],"current_hp_per_floor":[64,69,61,57,57,57,37,61,61,49,73,73,36,43,67,22,68,41,58,58,37,24,48,48,48,48,72,58,58,56,47,71,47,74,63,53,33,31,31,0],"gold":23,"neow_bonus":"TEN_PERCENT_HP_BONUS","is_prod":false,"is_daily":false,"chose_seed":false,"campfire_upgraded":3,"win_rate":0,"timestamp":1565394106,"path_taken":["M","?","M","M","?","R","M","R","T","E","R","$","E","M","R","BOSS","M","?","$","?","M","R","?","R","T","R","E","R","M","?","R","BOSS","M","M","M","?","$","E"],"build_version":"2019-07-17","purchased_purges":1,"victory":false,"max_hp_per_floor":[78,83,83,83,83,83,83,83,83,83,83,83,83,83,83,83,83,83,83,83,83,83,83,83,83,83,83,83,83,83,83,83,83,83,83,83,83,83,83,83],"card_choices":[{"not_picked":["Rebound","Conserve Battery"],"picked":"Steam","floor":1.0},{"not_picked":["Storm","Steam"],"picked":"Chill","floor":3.0},{"not_picked":["Steam Power","Turbo"],"picked":"Steam","floor":4.0},{"not_picked":["Beam Cell","Stack"],"picked":"Compile Driver","floor":7.0},{"not_picked":["Gash","Reinforced Body"],"picked":"Genetic Algorithm","floor":10.0},{"not_picked":["FTL","Hologram"],"picked":"Self Repair","floor":13.0},{"not_picked":["Scrape","Reprogram"],"picked":"Doom and Gloom","floor":14.0},{"not_picked":["Rainbow","Multi-Cast"],"picked":"All For One","floor":16.0},{"not_picked":["Chill","White Noise"],"picked":"Hologram","floor":18.0},{"not_picked":["Sweeping Beam","Barrage"],"picked":"Reinforced Body+1","floor":22.0},{"not_picked":["Streamline","Heatsinks"],"picked":"Chaos","floor":28.0},{"not_picked":["Gash","Reprogram"],"picked":"Hologram+1","floor":30.0},{"not_picked":["Cold Snap","Steam"],"picked":"Conserve Battery","floor":31.0},{"not_picked":["Thunder Strike","Electrodynamics"],"picked":"Fission","floor":33.0},{"not_picked":["Glacier","Streamline"],"picked":"Stack","floor":35.0},{"not_picked":["Streamline","Skim"],"picked":"Consume+1","floor":36.0},{"not_picked":["Defragment","Rip and Tear+1"],"picked":"Lockon+1","floor":37.0},{"not_picked":["Defragment","Steam"],"picked":"Streamline+1","floor":38.0}],"player_experience":375212,"relics_obtained":[{"floor":9.0,"key":"Bottled Lightning"},{"floor":10.0,"key":"Mercury Hourglass"},{"floor":13.0,"key":"Gremlin Horn"},{"floor":21.0,"key":"Nilry\u0027s Codex"},{"floor":26.0,"key":"Vajra"},{"floor":28.0,"key":"StoneCalendar"}],"event_choices":[{"damage_healed":0.0,"max_hp_gain":5.0,"max_hp_loss":0.0,"gold_gain":0.0,"event_name":"Big Fish","player_choice":"Donut","floor":2.0,"gold_loss":0.0,"damage_taken":0.0},{"damage_healed":0.0,"max_hp_gain":0.0,"max_hp_loss":0.0,"gold_gain":0.0,"event_name":"Golden Idol","player_choice":"Take Wound","floor":5.0,"gold_loss":0.0,"damage_taken":0.0,"relics_obtained":["Golden Idol"],"cards_obtained":["Injury"]},{"damage_healed":17.0,"max_hp_gain":0.0,"max_hp_loss":0.0,"gold_gain":0.0,"event_name":"The Library","player_choice":"Heal","floor":19.0,"gold_loss":0.0,"damage_taken":0.0},{"damage_healed":0.0,"max_hp_gain":0.0,"max_hp_loss":0.0,"gold_gain":0.0,"event_name":"Cursed Tome","player_choice":"Obtained Book","floor":21.0,"gold_loss":0.0,"damage_taken":21.0}],"is_beta":false,"boss_relics":[{"not_picked":["Fusion Hammer","White Beast Statue"],"picked":"Inserter"},{"not_picked":["Snecko Eye","Runic Dome"],"picked":"Lizard Tail"}],"items_purged_floors":[20],"is_endless":false,"potions_floor_spawned":[7,13,14,30,31,37,38],"killed_by":"Giant Head","ascension_level":20}