{"gold_per_floor":[115,115,115,125,142,173,190,190,190,209,209,219,12,26,26,121,121,141,155,173,1,1,1,1,18,18,18,34,61,81,115,115,214,214,226,66,17,27,27,55,55,65,91,91],"floor_reached":44,"playtime":4909,"items_purged":["Strike_R"],"score":603,"play_id":"ce4b9d1e-e43c-4f41-a6c5-a08350e963b7","local_time":"20190822180007","is_ascension_mode":true,"campfire_choices":[{"data":"Panacea","floor":8,"key":"SMITH"},{"data":"Uppercut","floor":15,"key":"SMITH"},{"floor":24,"key":"REST"},{"floor":32,"key":"REST"}],"neow_cost":"TEN_PERCENT_HP_LOSS","seed_source_timestamp":241610970289400,"circlet_count":0,"master_deck":["Strike_R","Strike_R","Strike_R","Strike_R","Defend_R","Defend_R","Bash","Panacea+1","Thinking Ahead","Rampage","Armaments","Power Through","Blood for Blood+1","Wild Strike","Disarm","Headbutt","Feel No Pain","Battle Trance","Uppercut+1","Exhume","Cleave+1","Wild Strike+1","Shrug It Off","Bandage Up","Decay","Necronomicurse","Uppercut+1","Infernal Blade+1","Double Tap","Iron Wave+1","Flame Barrier","Pommel Strike+1","Dark Embrace","Anger+1","Dropkick+1","Uppercut+1","Warcry","Combust","Clothesline+1","Disarm+1","Cleave+1","Flame Barrier+1","Anger+1"],"relics":["Burning Blood","FossilizedHelix","Charon\u0027s Ashes","Fusion Hammer","Necronomicon","Molten Egg 2","Prayer Wheel","Juzu Bracelet","Philosopher\u0027s Stone","Mummified Hand","Ancient Tea Set"],"potions_floor_usage":[6,6,16,16,33,33,40,40,44],"damage_taken":[{"damage":2,"enemies":"2 Louse","floor":1,"turns":3},{"damage":1,"enemies":"Cultist","floor":4,"turns":3},{"damage":8,"enemies":"Small Slimes","floor":5,"turns":4},{"damage":50,"enemies":"3 Sentries","floor":6,"turns":11},{"damage":0,"enemies":"Looter","floor":7,"turns":4},{"damage":8,"enemies":"Lots of Slimes","floor":10,"turns":3},{"damage":0,"enemies":"3 Louse","floor":12,"turns":2},{"damage":12,"enemies":"Exordium Wildlife","floor":14,"turns":3},{"damage":19,"enemies":"Slime Boss","floor":16,"turns":12},{"damage":23,"enemies":"Shell Parasite","floor":18,"turns":5},{"damage":24,"enemies":"3 Byrds","floor":19,"turns":4},{"damage":25,"enemies":"Shelled Parasite and Fungi","floor":20,"turns":5},{"damage":0,"enemies":"Snecko","floor":25,"turns":3},{"damage":0,"enemies":"3 Cultists","floor":28,"turns":4},{"damage":27,"enemies":"Gremlin Leader","floor":29,"turns":4},{"damage":0,"enemies":"Sentry and Sphere","floor":30,"turns":3},{"damage":31,"enemies":"Book of Stabbing","floor":31,"turns":4},{"damage":49,"enemies":"Collector","floor":33,"turns":6},{"damage":0,"enemies":"Orb Walker","floor":35,"turns":2},{"damage":13,"enemies":"3 Darklings","floor":38,"turns":2},{"damage":52,"enemies":"Nemesis","floor":40,"turns":5},{"damage":19,"enemies":"Jaw Worm Horde","floor":42,"turns":3},{"damage":54,"enemies":"Sphere and 2 Shapes","floor":44,"turns":3}],"seed_played":"9077383279225462056","potions_obtained":[{"floor":1,"key":"Poison Potion"},{"floor":5,"key":"Regen Potion"},{"floor":10,"key":"SkillPotion"},{"floor":14,"key":"Explosive Potion"},{"floor":20,"key":"FearPotion"},{"floor":28,"key":"SneckoOil"},{"floor":29,"key":"EssenceOfSteel"},{"floor":35,"key":"Ancient Potion"},{"floor":38,"key":"Block Potion"}],"is_trial":false,"path_per_floor":["M","?","?","M","M","E","M","R","T","M","?","M","$","M","R","B",null,"M","M","M","$","?","?","R","M","T","?","M","E","M","E","R","B",null,"M","$","$","M","?","E","?","M","T","M"],"character_chosen":"IRONCLAD","items_purchased":["Feel No Pain","Battle Trance","Panacea","Bandage Up","Uppercut+1","Warcry","Combust","Clothesline+1"],"campfire_rested":2,"item_purchase_floors":[13,13,13,21,36,36,36,37],"current_hp_per_floor":[72,65,65,70,68,39,45,45,45,43,43,49,49,43,43,30,72,55,37,18,18,18,2,23,29,29,72,72,55,65,48,69,29,72,72,72,72,65,65,23,59,46,46,0],"gold":91,"neow_bonus":"RANDOM_COLORLESS_2","is_prod":false,"is_daily":false,"chose_seed":false,"campfire_upgraded":2,"win_rate":0,"timestamp":1566522007,"path_taken":["M","?","?","M","M","E","?","R","T","M","?","M","$","M","R","BOSS","M","M","M","$","?","?","R","M","T","?","M","E","M","E","R","BOSS","M","?","$","M","?","E","?","M","T","M"],"build_version":"2019-07-17","purchased_purges":1,"victory":false,"max_hp_per_floor":[72,72,72,72,72,72,72,72,72,72,72,72,72,72,72,72,72,72,72,72,72,72,72,72,72,72,72,72,72,72,72,72,72,72,72,72,72,72,68,68,59,59,59,59],"card_choices":[{"not_picked":["Warcry","Heavy Blade"],"picked":"Rampage","floor":1},{"not_picked":["Iron Wave","Blood for Blood"],"picked":"Armaments","floor":4},{"not_picked":["True Grit","Warcry"],"picked":"Power Through","floor":5},{"not_picked":["Warcry","Sentinel"],"picked":"Blood for Blood","floor":6},{"not_picked":["Heavy Blade","Seeing Red"],"picked":"Wild Strike","floor":7},{"not_picked":["Wild Strike","Heavy Blade"],"picked":"Disarm","floor":10},{"not_picked":["Body Slam","Pummel"],"picked":"Headbutt","floor":12},{"not_picked":["Perfected Strike","Blood for Blood"],"picked":"Uppercut","floor":14},{"not_picked":["Brutality","Fiend Fire"],"picked":"Exhume","floor":16},{"not_picked":["Metallicize+1","Perfected Strike"],"picked":"Cleave+1","floor":18},{"not_picked":["Whirlwind","Pommel Strike"],"picked":"Wild Strike+1","floor":19},{"not_picked":["Headbutt","Heavy Blade"],"picked":"Shrug It Off","floor":20},{"not_picked":["Battle Trance","Sever Soul+1"],"picked":"Uppercut+1","floor":25},{"not_picked":["Anger+1","Brutality"],"picked":"Infernal Blade+1","floor":28},{"not_picked":["Spot Weakness+1","Anger+1"],"picked":"Double Tap","floor":29},{"not_picked":["Pommel Strike+1","Burning Pact"],"picked":"Iron Wave+1","floor":30},{"not_picked":["Power Through","Sword Boomerang+1"],"picked":"Flame Barrier","floor":30},{"not_picked":["Bloodletting","Twin Strike+1"],"picked":"Pommel Strike+1","floor":31},{"not_picked":["Bludgeon+1","Impervious"],"picked":"Dark Embrace","floor":33},{"not_picked":["Heavy Blade+1","Seeing Red"],"picked":"Anger+1","floor":35},{"not_picked":["Pummel+1","Spot Weakness"],"picked":"Dropkick+1","floor":35},{"not_picked":["Warcry+1","Iron Wave+1"],"picked":"Disarm+1","floor":38},{"not_picked":["Wild Strike+1","Iron Wave+1"],"picked":"Cleave+1","floor":38},{"not_picked":["Body Slam+1","Perfected Strike+1","Pummel+1"],"picked":"SKIP","floor":40},{"not_picked":["Entrench","Wild Strike+1"],"picked":"Flame Barrier+1","floor":42},{"not_picked":["Body Slam+1","Burning Pact"],"picked":"Anger+1","floor":42}],"player_experience":79928,"relics_obtained":[{"floor":6,"key":"FossilizedHelix"},{"floor":9,"key":"Charon\u0027s Ashes"},{"floor":23,"key":"Necronomicon"},{"floor":26,"key":"Molten Egg 2"},{"floor":29,"key":"Prayer Wheel"},{"floor":31,"key":"Juzu Bracelet"},{"floor":40,"key":"Mummified Hand"},{"floor":43,"key":"Ancient Tea Set"}],"event_choices":[{"cards_removed":["Defend_R"],"damage_healed":0,"gold_gain":0,"player_choice":"Card Removal","damage_taken":7,"max_hp_gain":0,"max_hp_loss":0,"event_name":"Golden Wing","floor":2,"gold_loss":0},{"cards_removed":["Defend_R"],"damage_healed":0,"gold_gain":0,"player_choice":"Purged","damage_taken":0,"max_hp_gain":0,"max_hp_loss":0,"event_name":"Purifier","floor":3,"gold_loss":0},{"damage_healed":0,"gold_gain":0,"player_choice":"Grow","damage_taken":0,"max_hp_gain":0,"max_hp_loss":0,"event_name":"Living Wall","floor":11,"gold_loss":0,"cards_upgraded":["Blood for Blood"]},{"damage_healed":0,"gold_gain":0,"player_choice":"Smashed Altar","damage_taken":0,"max_hp_gain":0,"max_hp_loss":0,"event_name":"Forgotten Altar","floor":22,"gold_loss":0,"cards_obtained":["Decay"]},{"damage_healed":0,"gold_gain":0,"player_choice":"Obtained Book","damage_taken":16,"max_hp_gain":0,"max_hp_loss":0,"event_name":"Cursed Tome","floor":23,"gold_loss":0},{"cards_removed":["Panacea"],"damage_healed":43,"gold_gain":0,"player_choice":"Offered Uncommon","damage_taken":0,"max_hp_gain":0,"max_hp_loss":0,"event_name":"Bonfire Elementals","floor":27,"gold_loss":0},{"damage_healed":0,"gold_gain":0,"player_choice":"Max HP","damage_taken":0,"max_hp_gain":0,"max_hp_loss":4,"event_name":"Winding Halls","floor":39,"gold_loss":0},{"damage_healed":59,"gold_gain":0,"player_choice":"Heal","damage_taken":0,"max_hp_gain":0,"max_hp_loss":9,"event_name":"The Moai Head","floor":41,"gold_loss":0}],"is_beta":false,"boss_relics":[{"not_picked":["Busted Crown","Lizard Tail"],"picked":"Fusion Hammer"},{"not_picked":["Eternal Feather","Runic Cube"],"picked":"Philosopher\u0027s Stone"}],"items_purged_floors":[21],"is_endless":false,"potions_floor_spawned":[1,5,10,14,20,28,29,31,35,38],"killed_by":"Sphere and 2 Shapes","ascension_level":4}