{"gold_per_floor":[112,112,137,137,162,162,206,206,206,206,222,292,317,317,317,412,412,427,342,357,357,123,163,186,186,236,236,255,255,455,470,470,568,568,588,611,43,67,119,198,323,323,349,367,401,401,432,30,30,30,30,30,30,30,68,68],"floor_reached":56,"playtime":6810,"items_purged":["Pain","Strike_B"],"score":1966,"play_id":"10f8bfa9-4145-444d-9271-f5df748a9db2","local_time":"20190807213054","is_ascension_mode":true,"campfire_choices":[{"floor":6.0,"key":"REST"},{"floor":8.0,"key":"REST"},{"floor":10.0,"key":"REST"},{"floor":15.0,"key":"REST"},{"floor":25.0,"key":"REST"},{"data":"Barrage","floor":27.0,"key":"SMITH"},{"floor":29.0,"key":"REST"},{"floor":32.0,"key":"REST"},{"data":"Seek","floor":42.0,"key":"SMITH"},{"floor":46.0,"key":"RECALL"},{"floor":49.0,"key":"REST"},{"data":"Hologram","floor":53.0,"key":"SMITH"}],"neow_cost":"PERCENT_DAMAGE","seed_source_timestamp":440190169080194,"circlet_count":0,"master_deck":["AscendersBane","Strike_B","Strike_B+1","Strike_B","Defend_B","Defend_B","Defend_B","Defend_B","Zap","Dualcast","Ball Lightning","Reinforced Body","Ball Lightning","Steam","Barrage+1","Biased Cognition","Stack","Seek+1","Undo","Chill","RitualDagger","Defragment+1","Go for the Eyes","Seek","Conserve Battery","Reinforced Body","Storm+1","Core Surge+1","Coolheaded","Glacier","Turbo","Conserve Battery+1","Glacier","Force Field","Biased Cognition+1","Chill","Hologram+1","Lockon"],"special_seed":0,"relics":["Cracked Core","Golden Idol","WarpedTongs","Omamori","Tiny Chest","Mummified Hand","Inserter","Frozen Egg 2","Anchor","Vajra","Velvet Choker","Thread and Needle","ClockworkSouvenir","Bag of Preparation","Question Card","Du-Vu Doll","Regal Pillow","Whetstone","Pocketwatch","Shuriken"],"potions_floor_usage":[],"damage_taken":[{"damage":9.0,"enemies":"Small Slimes","floor":1.0,"turns":3.0},{"damage":0.0,"enemies":"Cultist","floor":3.0,"turns":3.0},{"damage":5.0,"enemies":"Jaw Worm","floor":5.0,"turns":3.0},{"damage":27.0,"enemies":"Lagavulin","floor":7.0,"turns":5.0},{"damage":0.0,"enemies":"2 Fungi Beasts","floor":11.0,"turns":2.0},{"damage":23.0,"enemies":"Gremlin Nob","floor":12.0,"turns":4.0},{"damage":7.0,"enemies":"Looter","floor":13.0,"turns":2.0},{"damage":47.0,"enemies":"Slime Boss","floor":16.0,"turns":11.0},{"damage":4.0,"enemies":"3 Byrds","floor":18.0,"turns":4.0},{"damage":16.0,"enemies":"Chosen","floor":20.0,"turns":5.0},{"damage":28.0,"enemies":"Gremlin Leader","floor":23.0,"turns":6.0},{"damage":4.0,"enemies":"Sentry and Sphere","floor":24.0,"turns":5.0},{"damage":15.0,"enemies":"Snecko","floor":28.0,"turns":6.0},{"damage":13.0,"enemies":"Snake Plant","floor":31.0,"turns":4.0},{"damage":0.0,"enemies":"Collector","floor":33.0,"turns":8.0},{"damage":0.0,"enemies":"3 Shapes","floor":35.0,"turns":3.0},{"damage":10.0,"enemies":"Orb Walker","floor":36.0,"turns":3.0},{"damage":0.0,"enemies":"Jaw Worm Horde","floor":38.0,"turns":5.0},{"damage":0.0,"enemies":"Mind Bloom Boss Battle","floor":41.0,"turns":7.0},{"damage":5.0,"enemies":"Spire Growth","floor":44.0,"turns":3.0},{"damage":19.0,"enemies":"Giant Head","floor":45.0,"turns":9.0},{"damage":2.0,"enemies":"Reptomancer","floor":47.0,"turns":11.0},{"damage":1.0,"enemies":"Donu and Deca","floor":50.0,"turns":9.0},{"damage":15.0,"enemies":"Awakened One","floor":51.0,"turns":13.0},{"damage":67.0,"enemies":"Shield and Spear","floor":55.0,"turns":8.0},{"damage":33,"enemies":"The Heart","floor":56,"turns":3}],"seed_played":"-3709973212565511859","potions_obtained":[{"floor":5.0,"key":"SpeedPotion"},{"floor":7.0,"key":"EssenceOfSteel"},{"floor":13.0,"key":"Swift Potion"},{"floor":16.0,"key":"Block Potion"},{"floor":23.0,"key":"EssenceOfSteel"},{"floor":24.0,"key":"Ancient Potion"},{"floor":31.0,"key":"PowerPotion"},{"floor":33.0,"key":"SkillPotion"},{"floor":35.0,"key":"GamblersBrew"},{"floor":36.0,"key":"Regen Potion"},{"floor":44.0,"key":"Block Potion"},{"floor":45.0,"key":"Fire Potion"},{"floor":55.0,"key":"Ancient Potion"}],"is_trial":false,"path_per_floor":["M","?","M","?","M","R","E","R","T","R","M","E","M","T","R","B",null,"M","?","M","?","$","E","M","R","T","R","M","R","?","M","R","B",null,"M","M","$","M","T","T","?","R","T","M","E","R","E","$","R","B","B",null,"R","$","E","B"],"character_chosen":"DEFECT","items_purchased":["Defragment+1","PowerPotion","Go for the Eyes","Thread and Needle","ClockworkSouvenir","Biased Cognition+1","Chill","Hologram"],"campfire_rested":8,"item_purchase_floors":[22,22,22,37,37,48,48,48],"current_hp_per_floor":[51,22,22,22,17,42,15,40,40,65,65,42,35,35,60,13,67,63,63,47,41,41,13,9,34,34,34,19,44,44,31,56,56,78,78,68,68,82,82,82,82,82,82,77,58,58,56,56,85,84,69,81,81,81,14,0],"gold":68,"neow_bonus":"TWENTY_PERCENT_HP_BONUS","is_prod":false,"is_daily":false,"chose_seed":false,"campfire_upgraded":3,"win_rate":0,"timestamp":1565227854,"path_taken":["M","?","M","?","M","R","E","R","T","R","M","E","?","?","R","BOSS","M","?","M","?","$","E","M","R","T","R","M","R","?","M","R","BOSS","M","M","$","M","?","?","?","R","T","M","E","R","E","$","R","BOSS","BOSS","R","$","E","BOSS"],"build_version":"2019-07-17","purchased_purges":2,"victory":false,"max_hp_per_floor":[85,85,85,85,85,85,85,85,85,85,85,85,85,85,85,85,85,85,85,85,85,85,85,85,85,85,85,85,85,85,85,85,85,85,85,85,85,85,85,85,85,85,85,85,85,85,85,85,85,85,85,85,85,85,85,85],"card_choices":[{"not_picked":["Conserve Battery","Consume"],"picked":"Ball Lightning","floor":1.0},{"not_picked":["Barrage","Compile Driver"],"picked":"Reinforced Body","floor":3.0},{"not_picked":["Turbo","Sweeping Beam"],"picked":"Ball Lightning","floor":5.0},{"not_picked":["Static Discharge","Rebound"],"picked":"Steam","floor":7.0},{"not_picked":["Leap","Aggregate"],"picked":"Barrage","floor":11.0},{"not_picked":["Chill","Hologram"],"picked":"Biased Cognition","floor":12.0},{"not_picked":["Recycle","Sweeping Beam"],"picked":"Stack","floor":13.0},{"not_picked":["Multi-Cast","Hyperbeam"],"picked":"Seek","floor":16.0},{"not_picked":["Gash","White Noise"],"picked":"Undo","floor":18.0},{"not_picked":["Rip and Tear","Cold Snap"],"picked":"Chill","floor":20.0},{"not_picked":["Rip and Tear+1","Stack"],"picked":"Seek","floor":23.0},{"not_picked":["Coolheaded","Rebound"],"picked":"Conserve Battery","floor":24.0},{"not_picked":["Recycle","Leap"],"picked":"Reinforced Body","floor":28.0},{"not_picked":["Stack","Rebound"],"picked":"Storm+1","floor":31.0},{"not_picked":["Fission","Rainbow"],"picked":"Core Surge","floor":33.0},{"not_picked":["Redo","Fusion"],"picked":"Coolheaded","floor":35.0},{"not_picked":["Conserve Battery","Beam Cell+1"],"picked":"Glacier","floor":36.0},{"not_picked":["Rebound","Compile Driver"],"picked":"Turbo","floor":38.0},{"not_picked":["Heatsinks+1","Gash","Undo"],"picked":"Conserve Battery+1","floor":44.0},{"not_picked":["Rip and Tear","Stack","Barrage"],"picked":"Glacier","floor":45.0},{"not_picked":["Seek","Steam Power","Consume"],"picked":"Force Field","floor":47.0},{"not_picked":["Beam Cell","Stack","Melter"],"picked":"Lockon","floor":55.0}],"player_experience":361194,"relics_obtained":[{"floor":7.0,"key":"Omamori"},{"floor":12.0,"key":"Tiny Chest"},{"floor":14.0,"key":"Mummified Hand"},{"floor":23.0,"key":"Anchor"},{"floor":26.0,"key":"Vajra"},{"floor":39.0,"key":"Bag of Preparation"},{"floor":40.0,"key":"Question Card"},{"floor":41.0,"key":"Du-Vu Doll"},{"floor":43.0,"key":"Regal Pillow"},{"floor":45.0,"key":"Whetstone"},{"floor":47.0,"key":"Pocketwatch"},{"floor":55.0,"key":"Shuriken"}],"event_choices":[{"damage_healed":0.0,"max_hp_gain":0.0,"max_hp_loss":0.0,"gold_gain":0.0,"event_name":"Golden Idol","player_choice":"Take Damage","floor":2.0,"gold_loss":0.0,"damage_taken":29.0,"relics_obtained":["Golden Idol"]},{"damage_healed":0.0,"max_hp_gain":0.0,"max_hp_loss":0.0,"gold_gain":0.0,"event_name":"Accursed Blacksmith","player_choice":"Rummage","floor":4.0,"gold_loss":0.0,"damage_taken":0.0,"relics_obtained":["WarpedTongs"],"cards_obtained":["Pain"]},{"damage_healed":0.0,"max_hp_gain":0.0,"max_hp_loss":0.0,"gold_gain":0.0,"event_name":"Addict","player_choice":"Obtained Relic","floor":19.0,"gold_loss":85.0,"damage_taken":0.0,"relics_obtained":["Frozen Egg 2"]},{"damage_healed":0.0,"max_hp_gain":0.0,"max_hp_loss":0.0,"gold_gain":0.0,"event_name":"Nest","player_choice":"Joined the Cult","floor":21.0,"gold_loss":0.0,"damage_taken":6.0,"cards_obtained":["RitualDagger"]},{"damage_healed":0.0,"max_hp_gain":0.0,"max_hp_loss":0.0,"gold_gain":250.0,"event_name":"The Joust","player_choice":"Bet on Owner","floor":30.0,"gold_loss":50.0,"damage_taken":0.0},{"damage_healed":0.0,"max_hp_gain":0.0,"max_hp_loss":0.0,"gold_gain":0.0,"event_name":"MindBloom","player_choice":"Fight","floor":41.0,"gold_loss":0.0,"damage_taken":0.0}],"is_beta":false,"boss_relics":[{"not_picked":["Runic Dome","Orrery"],"picked":"Inserter"},{"not_picked":["Calling Bell","Lizard Tail"],"picked":"Velvet Choker"}],"items_purged_floors":[22,48],"is_endless":false,"potions_floor_spawned":[5,7,13,16,23,24,31,33,35,36,44,45,55],"killed_by":"The Heart","ascension_level":20}