{"gold_per_floor":[113,113,133,144,10,10,10,29,29,204,238,250,282,294,306,416,428,458,470,482,511,150,150,168,168,168,168,168,223,237,252,252,353,353,368,13,0,0,17,17,47,47,47,76,91,91],"floor_reached":46,"playtime":3063,"items_purged":["Doubt"],"score":549,"play_id":"0f6c0529-c822-4a2e-9957-175b89739f11","local_time":"20180815114940","is_ascension_mode":true,"campfire_choices":[{"floor":7,"key":"DIG"},{"floor":12,"key":"REST"},{"floor":15,"key":"DIG"},{"data":"Envenom","floor":23,"key":"SMITH"},{"data":"Phantasmal Killer","floor":27,"key":"SMITH"},{"floor":32,"key":"REST"},{"data":"Accuracy","floor":40,"key":"SMITH"},{"data":"Flechettes","floor":42,"key":"SMITH"}],"neow_cost":"NONE","seed_source_timestamp":1624639336233345,"circlet_count":0,"master_deck":["Defend_G","Defend_G","Defend_G","Defend_G","Defend_G","Strike_G","Strike_G","Strike_G","Strike_G","Survivor","Neutralize","Poisoned Stab","After Image","Infinite Blades+1","Flechettes+1","Accuracy+1","Blade Dance","Acrobatics","Phantasmal Killer+1","Outmaneuver","Envenom+1","Blade Dance","Prepared","Prepared","Prepared","Flechettes","Noxious Fumes+1","Concentrate","Die Die Die","Flying Knee+1","Infinite Blades+1","Cloak And Dagger+1","Dodge and Roll+1","Distraction+1"],"relics":["Ring of the Snake","NeowsBlessing","Shovel","Ancient Tea Set","Nunchaku","MawBank","Tingsha","Runic Pyramid","Nloth\u0027s Gift","Paper Crane","Bag of Preparation","Lantern","WristBlade","Lee\u0027s Waffle","Snake Skull","Red Mask","Boot","Letter Opener","Kunai"],"potions_floor_usage":[16,18,24,33,33,33,35,41,45],"damage_taken":[{"damage":0,"enemies":"Jaw Worm","floor":1,"turns":1},{"damage":0,"enemies":"Cultist","floor":3,"turns":1},{"damage":0,"enemies":"Small Slimes","floor":4,"turns":1},{"damage":4,"enemies":"2 Fungi Beasts","floor":8,"turns":3},{"damage":22,"enemies":"3 Sentries","floor":11,"turns":9},{"damage":0,"enemies":"Exordium Wildlife","floor":13,"turns":4},{"damage":47,"enemies":"Slime Boss","floor":16,"turns":11},{"damage":0,"enemies":"Spheric Guardian","floor":18,"turns":4},{"damage":2,"enemies":"Chosen","floor":21,"turns":4},{"damage":18,"enemies":"Sentry and Sphere","floor":24,"turns":5},{"damage":30,"enemies":"Snake Plant","floor":30,"turns":4},{"damage":0,"enemies":"Chosen and Byrds","floor":31,"turns":4},{"damage":5,"enemies":"Champ","floor":33,"turns":9},{"damage":9,"enemies":"3 Darklings","floor":35,"turns":4},{"damage":12,"enemies":"3 Shapes","floor":39,"turns":4},{"damage":9,"enemies":"Giant Head","floor":41,"turns":6},{"damage":29,"enemies":"Nemesis","floor":44,"turns":5},{"damage":29,"enemies":"Flame Bruiser 2 Orb","floor":45,"turns":3},{"damage":24,"enemies":"Sphere and 2 Shapes","floor":46,"turns":3}],"seed_played":"-3624740024779455308","potions_obtained":[{"floor":8,"key":"SpeedPotion"},{"floor":11,"key":"GhostInAJar"},{"floor":13,"key":"LiquidBronze"},{"floor":18,"key":"Weak Potion"},{"floor":30,"key":"GamblersBrew"},{"floor":31,"key":"GhostInAJar"},{"floor":33,"key":"GhostInAJar"},{"floor":39,"key":"Regen Potion"},{"floor":44,"key":"Strength Potion"}],"is_trial":false,"path_per_floor":["M","?","M","M","$","?","R","M","T","?","E","R","M","?","R","B",null,"M","?","?","M","$","R","M","?","T","R","?","T","M","M","R","B",null,"M","$","?","?","M","R","E","R","T","E","M"],"character_chosen":"THE_SILENT","items_purchased":["Accuracy","Blade Dance","Paper Crane","Prepared","Lee\u0027s Waffle","Snake Skull"],"campfire_rested":2,"item_purchase_floors":[5,5,22,22,36,36],"current_hp_per_floor":[70,70,70,70,70,67,67,63,63,63,41,62,62,62,62,15,70,70,70,70,68,68,68,50,50,50,50,37,37,7,7,29,24,75,66,82,82,82,70,70,73,73,73,44,15,0],"gold":91,"neow_bonus":"THREE_ENEMY_KILL","is_prod":false,"is_daily":false,"chose_seed":false,"campfire_upgraded":4,"win_rate":0,"timestamp":1534326580,"path_taken":["M","?","?","M","$","?","R","M","T","?","E","R","M","?","R","BOSS","M","?","?","M","$","R","M","?","T","R","?","?","?","M","R","BOSS","M","$","?","?","M","R","E","R","T","E","?","?"],"build_version":"2018-08-09","purchased_purges":1,"victory":false,"max_hp_per_floor":[70,70,70,70,70,70,70,70,70,70,70,70,70,70,70,70,70,70,70,70,70,70,70,70,70,70,70,75,75,75,75,75,75,75,75,82,82,82,82,82,82,82,82,82,82,82],"card_choices":[{"not_picked":["Dagger Throw","Outmaneuver"],"picked":"Poisoned Stab","floor":1},{"not_picked":["Outmaneuver","Backflip"],"picked":"Infinite Blades","floor":3},{"not_picked":["Slice","Deadly Poison"],"picked":"Flechettes","floor":4},{"not_picked":["All Out Attack","Slice"],"picked":"Acrobatics","floor":8},{"not_picked":["Expertise","Dagger Spray"],"picked":"Phantasmal Killer","floor":11},{"not_picked":["All Out Attack","Acrobatics"],"picked":"Outmaneuver","floor":13},{"not_picked":["Storm of Steel","Glass Knife"],"picked":"Envenom","floor":16},{"not_picked":["Dodge and Roll","Quick Slash+1"],"picked":"Blade Dance","floor":18},{"not_picked":["Dodge and Roll","Acrobatics"],"picked":"Prepared","floor":21},{"not_picked":["Phantasmal Killer","Dagger Throw"],"picked":"Flechettes","floor":24},{"not_picked":["Prepared+1","Dagger Spray"],"picked":"Noxious Fumes+1","floor":30},{"not_picked":["Venomology","Noxious Fumes"],"picked":"Concentrate","floor":31},{"not_picked":["Bullet Time","Venomology"],"picked":"Die Die Die","floor":33},{"not_picked":["Catalyst","Sucker Punch"],"picked":"Flying Knee+1","floor":35},{"not_picked":["Sucker Punch+1","Dagger Throw","Finisher"],"picked":"SKIP","floor":39},{"not_picked":["Bane","Sucker Punch"],"picked":"Cloak And Dagger+1","floor":41},{"not_picked":["A Thousand Cuts","Choke+1"],"picked":"Dodge and Roll+1","floor":44},{"not_picked":["Prepared","Quick Slash"],"picked":"Distraction+1","floor":45}],"player_experience":207745,"relics_obtained":[{"floor":7,"key":"Ancient Tea Set"},{"floor":9,"key":"Nunchaku"},{"floor":11,"key":"MawBank"},{"floor":15,"key":"Tingsha"},{"floor":26,"key":"Bag of Preparation"},{"floor":29,"key":"Lantern"},{"floor":41,"key":"Boot"},{"floor":43,"key":"Letter Opener"},{"floor":44,"key":"Kunai"}],"event_choices":[{"event_name":"Transmorgrifier","player_choice":"Transform","floor":2,"damage_taken":0},{"event_name":"Scrap Ooze","player_choice":"success","floor":6,"damage_taken":3},{"event_name":"Liars Game","player_choice":"agreed","floor":10,"damage_taken":0},{"event_name":"FaceTrader","player_choice":"Trade","floor":14,"damage_taken":0},{"event_name":"The Library","player_choice":"Read","floor":19,"damage_taken":0},{"event_name":"N\u0027loth","player_choice":"Traded a CultistMask","floor":20,"damage_taken":0},{"event_name":"Upgrade Shrine","player_choice":"Upgraded","floor":25,"damage_taken":0},{"event_name":"Forgotten Altar","player_choice":"Shed Blood","floor":28,"damage_taken":0},{"event_name":"Tomb of Lord Red Mask","player_choice":"Paid","floor":37,"damage_taken":0},{"event_name":"Duplicator","player_choice":"One dupe","floor":38,"damage_taken":0}],"is_beta":false,"boss_relics":[{"not_picked":["Runic Dome","Snecko Eye"],"picked":"Runic Pyramid"},{"not_picked":["Astrolabe","Pandora\u0027s Box"],"picked":"WristBlade"}],"items_purged_floors":[22],"is_endless":false,"potions_floor_spawned":[8,11,13,18,30,31,33,39,44],"killed_by":"Sphere and 2 Shapes","ascension_level":2}