{"gold_per_floor":[116,116,135,135,146,146,146,11,35,35,51,75,100,123,123,253,253,266,266,284,366,389,389,412,412,438,438,438,481,481,481],"floor_reached":31,"playtime":2191,"items_purged":[],"score":247,"play_id":"9ac3d396-6219-4e9c-8892-0ced480b5ec1","local_time":"20190830183630","is_ascension_mode":false,"campfire_choices":[{"floor":6.0,"key":"REST"},{"data":"Flex","floor":15.0,"key":"SMITH"},{"floor":23.0,"key":"REST"},{"floor":25.0,"key":"REST"},{"floor":28,"key":"REST"}],"neow_cost":"NONE","seed_source_timestamp":0,"circlet_count":0,"master_deck":["Strike_R","Strike_R","Strike_R","Strike_R+1","Strike_R","Defend_R","Defend_R","Defend_R+1","Defend_R","Bash+1","Spot Weakness+1","Flame Barrier","Iron Wave+1","Headbutt","Injury","Flex+1","Seeing Red","Clothesline","Perfected Strike","Spot Weakness","Uppercut","Rupture","Double Tap","Rampage+1","Rampage+1","Perfected Strike+1","Flex+1","Shrug It Off+1","Clothesline"],"special_seed":0,"relics":["Burning Blood","Golden Idol","Whetstone","Runic Pyramid","Darkstone Periapt","Happy Flower","Self Forming Clay","Shuriken"],"potions_floor_usage":[31],"damage_taken":[{"damage":14.0,"enemies":"Small Slimes","floor":1.0,"turns":4.0},{"damage":0.0,"enemies":"Cultist","floor":3.0,"turns":5.0},{"damage":0.0,"enemies":"Jaw Worm","floor":5.0,"turns":5.0},{"damage":13.0,"enemies":"2 Fungi Beasts","floor":11.0,"turns":3.0},{"damage":0.0,"enemies":"Large Slime","floor":12.0,"turns":5.0},{"damage":14.0,"enemies":"Exordium Wildlife","floor":13.0,"turns":4.0},{"damage":2.0,"enemies":"2 Fungi Beasts","floor":14.0,"turns":3.0},{"damage":71.0,"enemies":"Hexaghost","floor":16.0,"turns":14.0},{"damage":14.0,"enemies":"Chosen","floor":18.0,"turns":5.0},{"damage":21.0,"enemies":"Spheric Guardian","floor":20.0,"turns":4.0},{"damage":21.0,"enemies":"Snake Plant","floor":22.0,"turns":3.0},{"damage":13.0,"enemies":"Chosen and Byrds","floor":24.0,"turns":4.0},{"damage":34.0,"enemies":"Colosseum Slavers","floor":27.0,"turns":5.0},{"damage":50,"enemies":"Book of Stabbing","floor":29,"turns":5},{"damage":68,"enemies":"Gremlin Leader","floor":31,"turns":4}],"seed_played":"-671047371887052587","potions_obtained":[{"floor":5.0,"key":"SpeedPotion"},{"floor":11.0,"key":"Swift Potion"},{"floor":20.0,"key":"Fire Potion"},{"floor":22.0,"key":"Fruit Juice"},{"floor":29,"key":"BloodPotion"}],"is_trial":false,"path_per_floor":["M","?","M","?","M","R","?","$","T","?","M","M","M","M","R","B",null,"M","?","M","T","M","R","M","R","T","?","R","E","T","E"],"character_chosen":"IRONCLAD","items_purchased":["Flex","Seeing Red","Clothesline"],"campfire_rested":4,"item_purchase_floors":[8,8,8],"current_hp_per_floor":[72,72,78,62,68,80,80,80,80,85,78,84,76,80,80,15,85,77,77,62,62,47,72,65,85,85,62,89,45,45,0],"gold":481,"neow_bonus":"THREE_CARDS","is_prod":false,"is_daily":false,"chose_seed":false,"campfire_upgraded":1,"win_rate":0.0,"timestamp":1567208190,"path_taken":["M","?","?","?","M","R","?","$","T","?","M","M","?","M","R","BOSS","M","?","?","?","M","R","M","R","T","?","R","E","?","E"],"build_version":"2019-07-17","purchased_purges":0,"victory":false,"max_hp_per_floor":[80,80,80,80,80,80,80,80,80,85,85,85,85,85,85,85,85,85,85,85,85,85,85,85,85,85,90,90,90,90,90],"card_choices":[{"not_picked":["Thunderclap","Warcry"],"picked":"Spot Weakness","floor":0.0},{"not_picked":["Clash","Disarm"],"picked":"Flame Barrier","floor":1.0},{"not_picked":["Pummel","Warcry"],"picked":"Iron Wave","floor":3.0},{"not_picked":["Bloodletting","Armaments"],"picked":"Headbutt","floor":5.0},{"not_picked":["Thunderclap","Pommel Strike"],"picked":"Perfected Strike","floor":11.0},{"not_picked":["Disarm","Body Slam"],"picked":"Spot Weakness","floor":12.0},{"not_picked":["Second Wind","Sword Boomerang"],"picked":"Uppercut","floor":13.0},{"not_picked":["Clash","Fiend Fire"],"picked":"Rupture","floor":14.0},{"not_picked":["Feed","Offering"],"picked":"Double Tap","floor":16.0},{"not_picked":["Armaments","Anger"],"picked":"Rampage+1","floor":18.0},{"not_picked":["Twin Strike","Pummel"],"picked":"Perfected Strike+1","floor":20.0},{"not_picked":["Spot Weakness","Armaments"],"picked":"Flex+1","floor":22.0},{"not_picked":["Headbutt","Clash"],"picked":"Shrug It Off+1","floor":24.0},{"not_picked":["Bloodletting+1","Cleave"],"picked":"Clothesline","floor":29}],"player_experience":18941,"relics_obtained":[{"floor":9.0,"key":"Whetstone"},{"floor":21.0,"key":"Darkstone Periapt"},{"floor":26.0,"key":"Happy Flower"},{"floor":29,"key":"Self Forming Clay"},{"floor":30,"key":"Shuriken"}],"event_choices":[{"damage_healed":0.0,"max_hp_gain":0.0,"max_hp_loss":0.0,"gold_gain":0.0,"event_name":"Upgrade Shrine","player_choice":"Upgraded","floor":2.0,"gold_loss":0.0,"damage_taken":0.0,"cards_upgraded":["Spot Weakness"]},{"damage_healed":0.0,"max_hp_gain":0.0,"max_hp_loss":0.0,"gold_gain":0.0,"event_name":"Shining Light","player_choice":"Entered Light","floor":4.0,"gold_loss":0.0,"damage_taken":16.0,"cards_upgraded":["Strike_R","Defend_R"]},{"damage_healed":0.0,"max_hp_gain":0.0,"max_hp_loss":0.0,"gold_gain":0.0,"event_name":"Golden Idol","player_choice":"Take Wound","floor":7.0,"gold_loss":0.0,"damage_taken":0.0,"relics_obtained":["Golden Idol"],"cards_obtained":["Injury"]},{"damage_healed":0.0,"max_hp_gain":5.0,"max_hp_loss":0.0,"gold_gain":0.0,"event_name":"Big Fish","player_choice":"Donut","floor":10.0,"gold_loss":0.0,"damage_taken":0.0},{"damage_healed":0.0,"max_hp_gain":0.0,"max_hp_loss":0.0,"gold_gain":0.0,"event_name":"Duplicator","player_choice":"Copied","floor":19.0,"gold_loss":0.0,"damage_taken":0.0,"cards_obtained":["Rampage"]},{"damage_healed":0.0,"max_hp_gain":0.0,"max_hp_loss":0.0,"gold_gain":0.0,"event_name":"Colosseum","player_choice":"Fight","floor":27.0,"gold_loss":0.0,"damage_taken":0.0},{"damage_healed":0.0,"max_hp_gain":0.0,"max_hp_loss":0.0,"gold_gain":0.0,"event_name":"Colosseum","player_choice":"Fled From Nobs","floor":27.0,"gold_loss":0.0,"damage_taken":0.0}],"is_beta":false,"boss_relics":[{"not_picked":["Velvet Choker","Sozu"],"picked":"Runic Pyramid"}],"items_purged_floors":[],"is_endless":false,"potions_floor_spawned":[5,11,20,22,29],"killed_by":"Gremlin Leader","ascension_level":0}