{"gold_per_floor":[119,294,294,305,305,305,317,332,332,117,43,43,43,60,60,156,156,174,186,186,34,34,34,68,81,81,94,94,26,43,56,56,56],"floor_reached":33,"playtime":1218,"items_purged":[],"score":308,"play_id":"44b5e7fd-cda9-453a-8426-3641f8223b32","local_time":"20181121192553","is_ascension_mode":true,"campfire_choices":[{"data":"Neutralize","floor":6,"key":"SMITH"},{"data":"Footwork","floor":12,"key":"SMITH"},{"floor":15,"key":"REST"},{"data":"Footwork","floor":23,"key":"SMITH"},{"floor":28,"key":"REST"},{"floor":32,"key":"REST"}],"neow_cost":"NONE","seed_source_timestamp":327828584653365,"circlet_count":0,"master_deck":["Defend_G","Defend_G","Defend_G","Defend_G","Defend_G","Strike_G","Strike_G","Strike_G","Strike_G","Survivor","Neutralize+1","Poisoned Stab","Outmaneuver","Deadly Poison","Slice","Footwork+1","Footwork+1","Poisoned Stab+1","Malaise","Slice+1","Dodge and Roll+1","Writhe","Backstab+1","Dagger Spray+1","Blade Dance+1","Backstab+1","Noxious Fumes"],"relics":["Ring of the Snake","Mercury Hourglass","Snake Skull","Molten Egg 2","WristBlade","Matryoshka","PreservedInsect","Paper Crane","Ninja Scroll","Happy Flower"],"potions_floor_usage":[18,18,24,27,33],"damage_taken":[{"damage":2,"enemies":"Small Slimes","floor":1,"turns":4},{"damage":3,"enemies":"Jaw Worm","floor":4,"turns":6},{"damage":2,"enemies":"Cultist","floor":7,"turns":4},{"damage":6,"enemies":"Red Slaver","floor":8,"turns":4},{"damage":23,"enemies":"Exordium Wildlife","floor":14,"turns":6},{"damage":35,"enemies":"Slime Boss","floor":16,"turns":14},{"damage":12,"enemies":"2 Thieves","floor":18,"turns":4},{"damage":8,"enemies":"3 Byrds","floor":19,"turns":5},{"damage":12,"enemies":"Book of Stabbing","floor":24,"turns":4},{"damage":28,"enemies":"Centurion and Healer","floor":25,"turns":5},{"damage":12,"enemies":"Snake Plant","floor":27,"turns":4},{"damage":0,"enemies":"Cultist and Chosen","floor":30,"turns":3},{"damage":15,"enemies":"Centurion and Healer","floor":31,"turns":3},{"damage":54,"enemies":"Automaton","floor":33,"turns":8}],"seed_played":"-2264835728458814392","potions_obtained":[{"floor":7,"key":"SteroidPotion"},{"floor":14,"key":"FearPotion"},{"floor":16,"key":"Dexterity Potion"},{"floor":19,"key":"LiquidBronze"},{"floor":25,"key":"Regen Potion"}],"is_trial":false,"path_per_floor":["M","?","?","M","?","R","M","M","T","$","$","R","?","M","R","B",null,"M","M","?","$","?","R","E","M","T","M","R","$","M","M","R","B"],"character_chosen":"THE_SILENT","items_purchased":["Snake Skull","Footwork","Footwork","PreservedInsect","Backstab+1"],"campfire_rested":3,"item_purchase_floors":[10,10,11,21,29],"current_hp_per_floor":[75,75,68,65,65,65,63,57,57,57,57,57,50,27,50,15,77,65,57,57,57,57,57,45,17,17,17,40,40,40,25,48,0],"gold":56,"neow_bonus":"TEN_PERCENT_HP_BONUS","is_prod":false,"is_daily":false,"chose_seed":false,"campfire_upgraded":3,"win_rate":0,"timestamp":1542824753,"path_taken":["M","?","?","M","?","R","M","?","T","?","$","R","?","M","R","BOSS","M","M","?","$","?","R","E","?","T","?","R","?","M","?","R","BOSS"],"build_version":"2018-11-15","purchased_purges":0,"victory":false,"max_hp_per_floor":[77,77,77,77,77,77,77,77,77,77,77,77,77,77,77,77,77,77,77,77,77,77,77,77,77,77,77,77,77,77,77,77,77],"card_choices":[{"not_picked":["PiercingWail","Terror","Bane"],"picked":"SKIP","floor":1},{"not_picked":["Underhanded Strike","Calculated Gamble"],"picked":"Poisoned Stab","floor":4},{"not_picked":["Flying Knee","Cloak And Dagger"],"picked":"Deadly Poison","floor":7},{"not_picked":["Leg Sweep","PiercingWail"],"picked":"Slice","floor":8},{"not_picked":["Die Die Die+1","Deadly Poison"],"picked":"Poisoned Stab+1","floor":14},{"not_picked":["Venomology","Burst"],"picked":"Malaise","floor":16},{"not_picked":["Sucker Punch+1","Acrobatics+1"],"picked":"Slice+1","floor":18},{"not_picked":["Heel Hook+1","Predator+1"],"picked":"Dodge and Roll+1","floor":19},{"not_picked":["Acrobatics+1","Quick Slash+1"],"picked":"Dagger Spray+1","floor":24},{"not_picked":["Acrobatics","Outmaneuver"],"picked":"Blade Dance+1","floor":25},{"not_picked":["A Thousand Cuts","Backflip","Dagger Throw+1"],"picked":"SKIP","floor":27},{"not_picked":["Sucker Punch+1","Quick Slash+1"],"picked":"Noxious Fumes","floor":30},{"not_picked":["Dagger Throw+1","Dodge and Roll","Quick Slash+1"],"picked":"SKIP","floor":31}],"player_experience":295506,"relics_obtained":[{"floor":9,"key":"Mercury Hourglass"},{"floor":24,"key":"Paper Crane"},{"floor":26,"key":"Ninja Scroll"},{"floor":26,"key":"Happy Flower"}],"event_choices":[{"damage_healed":0,"gold_gain":175,"player_choice":"AGREE","damage_taken":0,"max_hp_gain":0,"max_hp_loss":0,"event_name":"Liars Game","floor":2,"gold_loss":0,"cards_obtained":["Doubt"]},{"cards_removed":["Doubt"],"damage_healed":0,"gold_gain":0,"player_choice":"Card Removal","damage_taken":7,"max_hp_gain":0,"max_hp_loss":0,"event_name":"Golden Wing","floor":3,"gold_loss":0},{"damage_healed":0,"gold_gain":0,"cards_transformed":["Strike_G"],"player_choice":"Transformed","damage_taken":0,"max_hp_gain":0,"max_hp_loss":0,"event_name":"Transmorgrifier","floor":5,"gold_loss":0,"cards_obtained":["Outmaneuver"]},{"damage_healed":0,"gold_gain":0,"player_choice":"Success","damage_taken":7,"relics_obtained":["Molten Egg 2"],"max_hp_gain":0,"max_hp_loss":0,"event_name":"Scrap Ooze","floor":13,"gold_loss":0},{"damage_healed":0,"gold_gain":0,"player_choice":"Opened","damage_taken":0,"relics_obtained":["Matryoshka"],"max_hp_gain":0,"max_hp_loss":0,"event_name":"The Mausoleum","floor":20,"gold_loss":0,"cards_obtained":["Writhe"]},{"damage_healed":0,"gold_gain":0,"player_choice":"Read","damage_taken":0,"max_hp_gain":0,"max_hp_loss":0,"event_name":"The Library","floor":22,"gold_loss":0,"cards_obtained":["Backstab"]}],"is_beta":false,"boss_relics":[{"not_picked":["HoveringKite","Calling Bell"],"picked":"WristBlade"}],"items_purged_floors":[],"is_endless":false,"potions_floor_spawned":[7,14,16,19,25],"killed_by":"Automaton","ascension_level":4}