{"gold_per_floor":[115,115,130,140,140,140,140,124,124,140,172,172,197,210,210,315,315,325,325,30,44,64,64,90,122,134,163,191,203,215,250,262,274],"floor_reached":33,"playtime":2566,"items_purged":[],"score":304,"play_id":"fb3fbe1e-de48-468a-99b9-161435e9b224","local_time":"20190717003124","is_ascension_mode":false,"campfire_choices":[{"data":"Zap","floor":6,"key":"SMITH"},{"data":"Loop","floor":12,"key":"SMITH"},{"floor":15,"key":"REST"},{"data":"Defragment","floor":23,"key":"SMITH"},{"data":"Static Discharge","floor":29,"key":"SMITH"},{"data":"Heatsinks","floor":30,"key":"SMITH"},{"floor":32,"key":"RECALL"}],"neow_cost":"NONE","seed_source_timestamp":427903674846907,"circlet_count":0,"master_deck":["Strike_B","Strike_B","Strike_B","Strike_B","Defend_B","Defend_B","Defend_B+1","Defend_B","Zap+1","Dualcast+1","Conserve Battery","Storm","Loop+1","Self Repair","Defragment+1","Echo Form","Double Energy","Storm","Heatsinks+1","Static Discharge+1"],"relics":["Cracked Core","Singing Bowl","WingedGreaves","Lizard Tail","Nloth\u0027s Gift","Mummified Hand","MawBank","Anchor"],"potions_floor_usage":[11,13,16,16,33],"damage_taken":[{"damage":4,"enemies":"Jaw Worm","floor":1,"turns":3},{"damage":0,"enemies":"Small Slimes","floor":3,"turns":3},{"damage":0,"enemies":"Cultist","floor":4,"turns":3},{"damage":8,"enemies":"Exordium Thugs","floor":8,"turns":4},{"damage":5,"enemies":"Looter","floor":10,"turns":3},{"damage":5,"enemies":"Gremlin Nob","floor":11,"turns":4},{"damage":15,"enemies":"3 Sentries","floor":13,"turns":5},{"damage":10,"enemies":"Large Slime","floor":14,"turns":5},{"damage":6,"enemies":"Slime Boss","floor":16,"turns":7},{"damage":0,"enemies":"Chosen","floor":18,"turns":4},{"damage":24,"enemies":"Shell Parasite","floor":21,"turns":5},{"damage":10,"enemies":"Snecko","floor":22,"turns":3},{"damage":75,"enemies":"Slavers","floor":24,"turns":6},{"damage":15,"enemies":"Snake Plant","floor":25,"turns":2},{"damage":14,"enemies":"Centurion and Healer","floor":27,"turns":4},{"damage":10,"enemies":"3 Cultists","floor":28,"turns":4},{"damage":42,"enemies":"Champ","floor":33,"turns":9}],"seed_played":"-8415194485982594955","potions_obtained":[{"floor":4,"key":"PowerPotion"},{"floor":11,"key":"Explosive Potion"},{"floor":13,"key":"Fire Potion"},{"floor":14,"key":"Poison Potion"},{"floor":24,"key":"SteroidPotion"},{"floor":25,"key":"Poison Potion"}],"is_trial":false,"path_per_floor":["M","?","M","M","?","R","?","M","T","M","E","R","E","M","R","B",null,"M","?","$","M","M","R","E","M","T","M","M","R","R","T","R","B"],"character_chosen":"DEFECT","items_purchased":["Mummified Hand","Storm"],"campfire_rested":1,"item_purchase_floors":[20,20],"current_hp_per_floor":[71,56,56,56,61,61,61,53,53,50,47,47,32,29,54,55,84,84,84,84,67,73,73,50,37,37,39,31,31,31,31,31,0],"gold":274,"neow_bonus":"THREE_CARDS","is_prod":false,"is_daily":false,"chose_seed":false,"campfire_upgraded":5,"win_rate":0,"timestamp":1563291084,"path_taken":["M","?","M","M","?","R","?","M","T","M","E","R","E","?","R","BOSS","M","?","$","M","M","R","E","?","T","M","M","R","R","?","R","BOSS"],"build_version":"2019-07-05","purchased_purges":0,"victory":false,"max_hp_per_floor":[75,75,75,75,80,80,80,80,80,82,84,84,84,84,84,84,84,84,84,84,84,86,86,86,88,88,90,92,92,92,92,92,92],"card_choices":[{"not_picked":["Skim","Gash"],"picked":"Conserve Battery","floor":0},{"not_picked":["Cold Snap","Gash","Aggregate"],"picked":"SKIP","floor":1},{"not_picked":["Gash","Sweeping Beam","Steam Power"],"picked":"SKIP","floor":3},{"not_picked":["Gash","Static Discharge"],"picked":"Storm","floor":4},{"not_picked":["Redo","Ball Lightning"],"picked":"Loop","floor":8},{"not_picked":["Rebound","Chaos","Hologram"],"picked":"Singing Bowl","floor":10},{"not_picked":["Rebound","Beam Cell","BootSequence"],"picked":"Singing Bowl","floor":11},{"not_picked":["Beam Cell","Coolheaded"],"picked":"Self Repair","floor":13},{"not_picked":["Stack","Steam"],"picked":"Defragment","floor":14},{"not_picked":["Rainbow","Machine Learning"],"picked":"Echo Form","floor":16},{"not_picked":["Turbo+1","Doom and Gloom+1"],"picked":"Double Energy","floor":18},{"not_picked":["Redo","Genetic Algorithm+1"],"picked":"Heatsinks","floor":21},{"not_picked":["Streamline","Coolheaded+1","Stack"],"picked":"Singing Bowl","floor":22},{"not_picked":["White Noise","Stack"],"picked":"Static Discharge","floor":24},{"not_picked":["Gash+1","Genetic Algorithm","Compile Driver"],"picked":"Singing Bowl","floor":25},{"not_picked":["Coolheaded","Hologram","Redo"],"picked":"Singing Bowl","floor":27},{"not_picked":["Rebound+1","Go for the Eyes","Coolheaded"],"picked":"Singing Bowl","floor":28}],"player_experience":251415,"relics_obtained":[{"floor":9,"key":"Singing Bowl"},{"floor":11,"key":"WingedGreaves"},{"floor":13,"key":"Dodecahedron"},{"floor":24,"key":"MawBank"},{"floor":31,"key":"Anchor"}],"event_choices":[{"damage_healed":0,"gold_gain":0,"player_choice":"Entered Light","damage_taken":15,"max_hp_gain":0,"max_hp_loss":0,"event_name":"Shining Light","floor":2,"gold_loss":0,"cards_upgraded":["Dualcast","Defend_B"]},{"damage_healed":0,"gold_gain":0,"player_choice":"Donut","damage_taken":0,"max_hp_gain":5,"max_hp_loss":0,"event_name":"Big Fish","floor":5,"gold_loss":0},{"damage_healed":0,"gold_gain":0,"player_choice":"Ignored","damage_taken":0,"max_hp_gain":0,"max_hp_loss":0,"event_name":"Liars Game","floor":7,"gold_loss":0},{"damage_healed":0,"gold_gain":0,"player_choice":"Traded Relic","damage_taken":0,"relics_obtained":["Nloth\u0027s Gift"],"max_hp_gain":0,"max_hp_loss":0,"event_name":"N\u0027loth","floor":19,"relics_lost":["Dodecahedron"],"gold_loss":0}],"is_beta":false,"boss_relics":[{"not_picked":["Snecko Eye","Fusion Hammer"],"picked":"Lizard Tail"}],"items_purged_floors":[],"is_endless":false,"potions_floor_spawned":[4,11,13,14,24,25],"killed_by":"Champ","ascension_level":0}