{"gold_per_floor":[109,109,109,34,45,45,45,74,74,74,84,97,123,137,137,237,237,252,351,351,145,145,175,175,189,189,35,53,66,66,76,76,76],"floor_reached":33,"playtime":1491,"items_purged":["Decay"],"score":415,"play_id":"2be55e21-25e6-4911-a435-642f88b39a53","local_time":"20181111134037","is_ascension_mode":true,"campfire_choices":[{"data":"Envenom","floor":6,"key":"SMITH"},{"floor":10,"key":"REST"},{"floor":15,"key":"REST"},{"data":"Catalyst","floor":24,"key":"SMITH"},{"data":"Setup","floor":30,"key":"SMITH"},{"data":"Burst","floor":32,"key":"SMITH"}],"neow_cost":"NONE","seed_source_timestamp":670131168499619,"circlet_count":0,"master_deck":["Defend_G","Defend_G","Defend_G","Defend_G","Defend_G","Strike_G","Strike_G","Strike_G","Strike_G","Strike_G","Survivor","Neutralize","Envenom+1","Deadly Poison","Catalyst+1","Setup+1","Bouncing Flask","Catalyst+1","Bouncing Flask","Deadly Poison","Burst+1","Slice","Deflect","Backstab","Catalyst+1"],"relics":["Ring of the Snake","Orichalcum","Thread and Needle","Gambling Chip","White Beast Statue","Lee\u0027s Waffle","MutagenicStrength","Shovel","Singing Bowl","Strawberry"],"potions_floor_usage":[8,16,18,23,23,29,29,33,33,33],"damage_taken":[{"damage":5,"enemies":"2 Louse","floor":1,"turns":5},{"damage":1,"enemies":"Cultist","floor":5,"turns":4},{"damage":35,"enemies":"Lagavulin","floor":8,"turns":5},{"damage":2,"enemies":"Small Slimes","floor":11,"turns":3},{"damage":0,"enemies":"Red Slaver","floor":12,"turns":4},{"damage":13,"enemies":"3 Sentries","floor":13,"turns":9},{"damage":0,"enemies":"Looter","floor":14,"turns":2},{"damage":26,"enemies":"Hexaghost","floor":16,"turns":5},{"damage":0,"enemies":"Shell Parasite","floor":18,"turns":2},{"damage":0,"enemies":"Book of Stabbing","floor":23,"turns":2},{"damage":12,"enemies":"Spheric Guardian","floor":25,"turns":4},{"damage":0,"enemies":"Cultist and Chosen","floor":28,"turns":4},{"damage":5,"enemies":"Chosen and Byrds","floor":29,"turns":6},{"damage":0,"enemies":"Centurion and Healer","floor":31,"turns":4},{"damage":73,"enemies":"Automaton","floor":33,"turns":6}],"seed_played":"6242936199680762994","potions_obtained":[{"floor":5,"key":"SteroidPotion"},{"floor":13,"key":"SkillPotion"},{"floor":14,"key":"Block Potion"},{"floor":16,"key":"Block Potion"},{"floor":18,"key":"Block Potion"},{"floor":23,"key":"GamblersBrew"},{"floor":25,"key":"FearPotion"},{"floor":28,"key":"GamblersBrew"},{"floor":29,"key":"Weak Potion"},{"floor":31,"key":"LiquidBronze"}],"is_trial":false,"path_per_floor":["M","?","?","$","M","R","?","E","T","R","M","M","E","M","R","B",null,"M","?","?","$","?","E","R","M","T","$","M","M","R","M","R","B"],"character_chosen":"THE_SILENT","items_purchased":["Lee\u0027s Waffle","Strawberry"],"campfire_rested":2,"item_purchase_floors":[21,27],"current_hp_per_floor":[65,65,65,65,64,64,64,29,29,50,48,48,35,35,56,30,70,70,70,70,77,77,77,77,65,65,72,74,69,69,71,71,0],"gold":76,"neow_bonus":"ONE_RANDOM_RARE_CARD","is_prod":false,"is_daily":false,"chose_seed":false,"campfire_upgraded":4,"win_rate":0,"timestamp":1541940037,"path_taken":["M","?","?","$","?","R","?","E","T","R","M","?","E","M","R","BOSS","M","?","?","?","?","E","R","M","T","$","M","M","R","M","R","BOSS"],"build_version":"2018-11-08","purchased_purges":1,"victory":false,"max_hp_per_floor":[70,70,70,70,70,70,70,70,70,70,70,70,70,70,70,70,70,70,70,70,77,77,77,77,77,77,84,86,86,86,88,88,88],"card_choices":[{"not_picked":["Predator","Backflip"],"picked":"Deadly Poison","floor":1},{"not_picked":["Blade Dance","Backflip"],"picked":"Catalyst","floor":5},{"not_picked":["Prepared","Reflex"],"picked":"Setup","floor":8},{"not_picked":["Flying Knee","Dagger Spray"],"picked":"Bouncing Flask","floor":11},{"not_picked":["Dash","Leg Sweep"],"picked":"Catalyst","floor":12},{"not_picked":["Dagger Throw","Sucker Punch"],"picked":"Bouncing Flask","floor":13},{"not_picked":["Tools of the Trade","Dodge and Roll"],"picked":"Deadly Poison","floor":14},{"not_picked":["Storm of Steel","Corpse Explosion"],"picked":"Burst","floor":16},{"not_picked":["Bouncing Flask","Outmaneuver+1"],"picked":"Slice","floor":18},{"not_picked":["Blade Dance+1","Dagger Throw"],"picked":"Backstab","floor":23},{"not_picked":["PiercingWail+1","Quick Slash","Blade Dance"],"picked":"SKIP","floor":25},{"not_picked":["Burst","Flechettes","Dagger Spray"],"picked":"Singing Bowl","floor":28},{"not_picked":["Well Laid Plans+1","Dagger Spray"],"picked":"Catalyst+1","floor":29},{"not_picked":["PiercingWail+1","Dodge and Roll","Finisher+1"],"picked":"Singing Bowl","floor":31}],"player_experience":265529,"relics_obtained":[{"floor":8,"key":"Orichalcum"},{"floor":9,"key":"Thread and Needle"},{"floor":13,"key":"Gambling Chip"},{"floor":23,"key":"Shovel"},{"floor":26,"key":"Singing Bowl"}],"event_choices":[{"damage_healed":0,"gold_gain":0,"player_choice":"Leave","damage_taken":0,"max_hp_gain":0,"max_hp_loss":0,"event_name":"The Cleric","floor":2,"gold_loss":0},{"damage_healed":0,"gold_gain":0,"player_choice":"Cursed","damage_taken":0,"max_hp_gain":0,"max_hp_loss":0,"event_name":"Wheel of Change","floor":3,"gold_loss":0,"cards_obtained":["Decay"]},{"damage_healed":0,"gold_gain":0,"player_choice":"Upgraded","damage_taken":0,"max_hp_gain":0,"max_hp_loss":0,"event_name":"Upgrade Shrine","floor":7,"gold_loss":0,"cards_upgraded":["Catalyst"]},{"damage_healed":0,"gold_gain":99,"player_choice":"Stole From Cult","damage_taken":0,"max_hp_gain":0,"max_hp_loss":0,"event_name":"Nest","floor":19,"gold_loss":0},{"damage_healed":0,"gold_gain":0,"player_choice":"Read","damage_taken":0,"max_hp_gain":0,"max_hp_loss":0,"event_name":"The Library","floor":20,"gold_loss":0,"cards_obtained":["Deflect"]},{"damage_healed":0,"gold_gain":0,"player_choice":"Inject Mutagens","damage_taken":0,"relics_obtained":["MutagenicStrength"],"max_hp_gain":0,"max_hp_loss":0,"event_name":"Drug Dealer","floor":22,"gold_loss":0}],"is_beta":false,"boss_relics":[{"not_picked":["Philosopher\u0027s Stone","Eternal Feather"],"picked":"White Beast Statue"}],"items_purged_floors":[4],"is_endless":false,"potions_floor_spawned":[5,13,14,16,18,23,25,28,29,31],"killed_by":"Automaton","ascension_level":4}