{"gold_per_floor":[109,128,128,146,146,146,173,18,18,18,48,67,67,81,81,184,184,204,219,25,25,35,35,50,50,50,67,85,85,85,85],"floor_reached":31,"playtime":2077,"items_purged":["Strike_R"],"score":420,"play_id":"6ff46c21-a02a-4124-8851-7ed83900b784","local_time":"20190825225511","is_ascension_mode":true,"campfire_choices":[{"data":"Inflame","floor":6,"key":"SMITH"},{"floor":10,"key":"REST"},{"data":"Armaments","floor":13,"key":"SMITH"},{"data":"Anger","floor":15,"key":"SMITH"},{"data":"Inflame","floor":23,"key":"SMITH"},{"data":"Rage","floor":29,"key":"SMITH"}],"neow_cost":"PERCENT_DAMAGE","seed_source_timestamp":521345849442400,"circlet_count":0,"master_deck":["AscendersBane","Strike_R","Strike_R","Strike_R+1","Strike_R","Defend_R","Defend_R","Defend_R","Bash+1","Shrug It Off","Shrug It Off","Inflame+1","Cleave","Armaments+1","Heavy Blade","Anger+1","Double Tap","Demon Form","Anger","Clash","Warcry","Warcry","Anger","Shrug It Off","Infernal Blade","Inflame+1","Rage+1","Shame","Heavy Blade","Metallicize+1","J.A.X."],"relics":["Burning Blood","Meat on the Bone","Whetstone","Orrery","Matryoshka","Bag of Preparation","Darkstone Periapt"],"potions_floor_usage":[2,14,22,27],"damage_taken":[{"damage":16,"enemies":"Jaw Worm","floor":1,"turns":6},{"damage":1,"enemies":"Cultist","floor":2,"turns":5},{"damage":8,"enemies":"Small Slimes","floor":4,"turns":4},{"damage":51,"enemies":"Lagavulin","floor":7,"turns":7},{"damage":25,"enemies":"3 Sentries","floor":11,"turns":8},{"damage":7,"enemies":"2 Fungi Beasts","floor":12,"turns":3},{"damage":6,"enemies":"Large Slime","floor":14,"turns":4},{"damage":39,"enemies":"Hexaghost","floor":16,"turns":11},{"damage":1,"enemies":"Spheric Guardian","floor":18,"turns":3},{"damage":43,"enemies":"2 Thieves","floor":19,"turns":4},{"damage":40,"enemies":"Centurion and Healer","floor":22,"turns":6},{"damage":26,"enemies":"Snecko","floor":24,"turns":5},{"damage":14,"enemies":"Chosen and Byrds","floor":27,"turns":4},{"damage":32,"enemies":"Cultist and Chosen","floor":28,"turns":7},{"damage":54,"enemies":"3 Cultists","floor":31,"turns":5}],"seed_played":"-5089179910654346719","potions_obtained":[{"floor":1,"key":"Fire Potion"},{"floor":12,"key":"Block Potion"},{"floor":16,"key":"PowerPotion"},{"floor":18,"key":"BloodPotion"},{"floor":24,"key":"Energy Potion"}],"is_trial":false,"path_per_floor":["M","M","?","M","?","R","E","$","T","R","E","M","R","M","R","B",null,"M","M","$","?","M","R","M","?","T","M","M","R","?","M"],"character_chosen":"IRONCLAD","items_purchased":["Whetstone","Shrug It Off","Infernal Blade"],"campfire_rested":1,"item_purchase_floors":[8,20,20],"current_hp_per_floor":[57,62,62,60,60,60,15,15,15,43,36,47,47,59,59,38,82,87,62,62,62,64,64,56,56,56,60,46,46,46,0],"gold":85,"neow_bonus":"TWENTY_PERCENT_HP_BONUS","is_prod":false,"is_daily":false,"chose_seed":false,"campfire_upgraded":5,"win_rate":0,"timestamp":1566798911,"path_taken":["M","M","?","?","?","R","E","?","T","R","E","M","R","M","R","BOSS","M","M","$","?","M","R","M","?","T","M","M","R","?","M"],"build_version":"2019-07-17","purchased_purges":1,"victory":false,"max_hp_per_floor":[96,96,96,96,96,96,96,96,96,96,96,96,96,96,96,96,96,96,96,96,96,96,96,96,96,96,96,96,96,96,96],"card_choices":[{"not_picked":["Warcry","Thunderclap"],"picked":"Shrug It Off","floor":1},{"not_picked":["Ghostly Armor","Dropkick"],"picked":"Shrug It Off","floor":2},{"not_picked":["Wild Strike","Clash"],"picked":"Inflame","floor":4},{"not_picked":["Perfected Strike","Rupture"],"picked":"Cleave","floor":7},{"not_picked":["Bludgeon","Body Slam"],"picked":"Armaments","floor":11},{"not_picked":["Perfected Strike","Twin Strike"],"picked":"Heavy Blade","floor":12},{"not_picked":["Infernal Blade","Corruption"],"picked":"Anger","floor":14},{"not_picked":["Bludgeon","Impervious"],"picked":"Double Tap","floor":16},{"not_picked":["Heavy Blade","Thunderclap"],"picked":"Demon Form","floor":17},{"not_picked":["Combust","Sword Boomerang"],"picked":"Anger","floor":17},{"not_picked":["Reckless Charge","Fire Breathing"],"picked":"Clash","floor":17},{"not_picked":["Rampage","Headbutt"],"picked":"Warcry","floor":17},{"not_picked":["Carnage","Juggernaut"],"picked":"Warcry","floor":18},{"not_picked":["Warcry+1","Wild Strike+1"],"picked":"Anger","floor":19},{"not_picked":["Disarm","Havoc"],"picked":"Inflame","floor":22},{"not_picked":["Body Slam","Clash"],"picked":"Rage","floor":24},{"not_picked":["Dual Wield","Warcry"],"picked":"Heavy Blade","floor":27},{"not_picked":["Sword Boomerang","Armaments"],"picked":"Metallicize+1","floor":28}],"player_experience":186095,"relics_obtained":[{"floor":7,"key":"Meat on the Bone"},{"floor":26,"key":"Bag of Preparation"},{"floor":26,"key":"Darkstone Periapt"}],"event_choices":[{"cards_removed":["Defend_R"],"damage_healed":0,"gold_gain":0,"player_choice":"Offered Basic","damage_taken":0,"max_hp_gain":0,"max_hp_loss":0,"event_name":"Bonfire Elementals","floor":3,"gold_loss":0},{"damage_healed":0,"gold_gain":0,"player_choice":"Bought 0 Potions","damage_taken":0,"max_hp_gain":0,"max_hp_loss":0,"event_name":"The Woman in Blue","floor":5,"gold_loss":0},{"damage_healed":0,"gold_gain":0,"player_choice":"Ignored","damage_taken":0,"max_hp_gain":0,"max_hp_loss":0,"event_name":"Ghosts","floor":21,"gold_loss":0},{"damage_healed":0,"gold_gain":0,"player_choice":"Stole Relic","damage_taken":0,"relics_obtained":["Matryoshka"],"max_hp_gain":0,"max_hp_loss":0,"event_name":"Addict","floor":25,"gold_loss":0,"cards_obtained":["Shame"]},{"damage_healed":0,"gold_gain":0,"player_choice":"Obtain J.A.X.","damage_taken":0,"max_hp_gain":0,"max_hp_loss":0,"event_name":"Drug Dealer","floor":30,"gold_loss":0,"cards_obtained":["J.A.X."]}],"is_beta":false,"boss_relics":[{"not_picked":["Velvet Choker","White Beast Statue"],"picked":"Orrery"}],"items_purged_floors":[20],"is_endless":false,"potions_floor_spawned":[1,12,16,18,24],"killed_by":"3 Cultists","ascension_level":12}