{"gold_per_floor":[109,126,126,139,139,139,177,177,177,211,65,65,90,103,103,226,226,226,226,226,226,226,226,226,226],"floor_reached":25,"playtime":1167,"items_purged":["Strike_B"],"score":350,"play_id":"ee44b423-f77b-48f5-944f-d279ae0a3041","local_time":"20190830211341","is_ascension_mode":true,"campfire_choices":[{"data":"Zap","floor":6,"key":"SMITH"},{"floor":8,"key":"REST"},{"floor":12,"key":"REST"},{"data":"Defragment","floor":15,"key":"SMITH"},{"floor":23,"key":"REST"}],"neow_cost":"NONE","seed_source_timestamp":1336222434846800,"circlet_count":0,"master_deck":["AscendersBane","Strike_B","Defend_B","Defend_B","Defend_B","Defend_B","Zap+1","Dualcast","Seek","Rebound","Streamline","Doom and Gloom","Cold Snap","Defragment+1","Chill","Reinforced Body","Echo Form","Consume","Defragment+1","Conserve Battery"],"relics":["Cracked Core","Golden Idol","Unceasing Top","Dead Branch","PreservedInsect","Ectoplasm","Omamori"],"potions_floor_usage":[7,19,19,19,24],"damage_taken":[{"damage":2,"enemies":"Jaw Worm","floor":1,"turns":3},{"damage":1,"enemies":"Cultist","floor":2,"turns":3},{"damage":0,"enemies":"2 Louse","floor":4,"turns":1},{"damage":31,"enemies":"Gremlin Nob","floor":7,"turns":4},{"damage":20,"enemies":"3 Sentries","floor":10,"turns":3},{"damage":4,"enemies":"Gremlin Gang","floor":13,"turns":3},{"damage":6,"enemies":"Looter","floor":14,"turns":4},{"damage":24,"enemies":"Slime Boss","floor":16,"turns":4},{"damage":0,"enemies":"Spheric Guardian","floor":18,"turns":3},{"damage":5,"enemies":"3 Byrds","floor":19,"turns":3},{"damage":15,"enemies":"Cultist and Chosen","floor":20,"turns":6},{"damage":8,"enemies":"Centurion and Healer","floor":22,"turns":5},{"damage":45,"enemies":"Gremlin Leader","floor":24,"turns":7},{"damage":4,"enemies":"3 Cultists","floor":25,"turns":3}],"seed_played":"-7127400262366106359","potions_obtained":[{"floor":2,"key":"EssenceOfSteel"},{"floor":7,"key":"Explosive Potion"},{"floor":10,"key":"Block Potion"},{"floor":14,"key":"Energy Potion"},{"floor":19,"key":"LiquidBronze"},{"floor":20,"key":"SteroidPotion"}],"is_trial":false,"path_per_floor":["M","M","?","M","?","R","E","R","T","E","$","R","M","M","R","B",null,"M","M","M","$","M","R","E","M"],"character_chosen":"DEFECT","items_purchased":["Chill"],"campfire_rested":3,"item_purchase_floors":[11],"current_hp_per_floor":[66,65,65,65,65,65,34,54,54,34,34,54,50,44,44,20,57,57,52,37,37,29,49,4,0],"gold":226,"neow_bonus":"TRANSFORM_CARD","is_prod":false,"is_daily":false,"chose_seed":false,"campfire_upgraded":2,"win_rate":0,"timestamp":1567167221,"path_taken":["M","M","?","?","?","R","E","R","T","E","?","R","M","M","R","BOSS","M","M","M","$","M","R","E","?"],"build_version":"2019-07-17","purchased_purges":1,"victory":false,"max_hp_per_floor":[75,75,75,75,69,69,69,69,69,69,69,69,69,69,69,69,69,69,69,69,69,69,69,69,69],"card_choices":[{"not_picked":["Redo","Hologram"],"picked":"Rebound","floor":1},{"not_picked":["Steam","Gash"],"picked":"Streamline","floor":2},{"not_picked":["Rebound","Recycle"],"picked":"Doom and Gloom","floor":4},{"not_picked":["Redo","Beam Cell"],"picked":"Cold Snap","floor":7},{"not_picked":["Darkness","Beam Cell"],"picked":"Defragment","floor":10},{"not_picked":["Leap","Turbo"],"picked":"Reinforced Body","floor":13},{"not_picked":["Cold Snap","Sweeping Beam","Hologram"],"picked":"SKIP","floor":14},{"not_picked":["Amplify","Core Surge"],"picked":"Echo Form","floor":16},{"not_picked":["Gash","Reprogram"],"picked":"Consume","floor":18},{"not_picked":["Compile Driver","Conserve Battery+1"],"picked":"Defragment+1","floor":19},{"not_picked":["Darkness","Streamline+1"],"picked":"Conserve Battery","floor":20},{"not_picked":["Compile Driver","Scrape","Stack"],"picked":"SKIP","floor":22},{"not_picked":["Sunder","Auto Shields","Chaos"],"picked":"SKIP","floor":24}],"player_experience":243413,"relics_obtained":[{"floor":7,"key":"Unceasing Top"},{"floor":9,"key":"Dead Branch"},{"floor":10,"key":"PreservedInsect"},{"floor":24,"key":"Omamori"}],"event_choices":[{"cards_removed":["Strike_B"],"damage_healed":0,"gold_gain":0,"player_choice":"Offered Basic","damage_taken":0,"max_hp_gain":0,"max_hp_loss":0,"event_name":"Bonfire Elementals","floor":3,"gold_loss":0},{"damage_healed":0,"gold_gain":0,"player_choice":"Lose Max HP","damage_taken":0,"relics_obtained":["Golden Idol"],"max_hp_gain":0,"max_hp_loss":6,"event_name":"Golden Idol","floor":5,"gold_loss":0}],"is_beta":false,"boss_relics":[{"not_picked":["Orrery","White Beast Statue"],"picked":"Ectoplasm"}],"items_purged_floors":[11],"is_endless":false,"potions_floor_spawned":[2,7,10,14,19,20],"killed_by":"3 Cultists","ascension_level":10}