{"gold_per_floor":[113,128,128,128,144,144,144,169,215,215,226,260,260,290,290,290],"floor_reached":16,"playtime":1048,"items_purged":[],"score":236,"play_id":"64d48de9-49be-4a92-b68f-d8220e80d4f0","local_time":"20190825130754","is_ascension_mode":true,"campfire_choices":[{"floor":6.0,"key":"REST"},{"floor":10.0,"key":"REST"},{"floor":13.0,"key":"REST"},{"data":"Fusion","floor":15.0,"key":"SMITH"}],"neow_cost":"NONE","seed_source_timestamp":410019787408300,"circlet_count":0,"master_deck":["AscendersBane","Strike_B+1","Strike_B+1","Defend_B","Defend_B","Zap","Dualcast","Cold Snap","Genetic Algorithm","Rebound","Fusion+1","Glacier","Steam","FTL","Sweeping Beam"],"special_seed":0,"relics":["Empty Cage","Bronze Scales","Omamori","Pantograph","Bag of Marbles"],"potions_floor_usage":[16],"damage_taken":[{"damage":19.0,"enemies":"Small Slimes","floor":1.0,"turns":3.0},{"damage":5.0,"enemies":"Jaw Worm","floor":2.0,"turns":5.0},{"damage":0.0,"enemies":"Cultist","floor":5.0,"turns":3.0},{"damage":18.0,"enemies":"Lagavulin","floor":8.0,"turns":7.0},{"damage":2.0,"enemies":"3 Louse","floor":11.0,"turns":4.0},{"damage":9.0,"enemies":"3 Sentries","floor":12.0,"turns":14.0},{"damage":26.0,"enemies":"Gremlin Nob","floor":14.0,"turns":5.0},{"damage":50,"enemies":"Slime Boss","floor":16,"turns":8}],"seed_played":"-3123681200442440511","potions_obtained":[{"floor":2.0,"key":"Block Potion"},{"floor":8.0,"key":"FearPotion"},{"floor":11.0,"key":"Ancient Potion"},{"floor":12.0,"key":"SpeedPotion"}],"is_trial":false,"path_per_floor":["M","M","?","?","M","R","?","E","T","R","M","E","R","E","R","B"],"character_chosen":"DEFECT","items_purchased":[],"campfire_rested":3,"item_purchase_floors":[],"current_hp_per_floor":[45,40,33,12,12,33,33,15,15,36,34,25,46,20,20,0],"gold":290,"neow_bonus":"BOSS_RELIC","is_prod":false,"is_daily":false,"chose_seed":false,"campfire_upgraded":1,"win_rate":0,"timestamp":1566752874,"path_taken":["M","M","?","?","M","R","?","E","T","R","M","E","R","E","R","BOSS"],"build_version":"2019-07-17","purchased_purges":0,"victory":false,"max_hp_per_floor":[71,71,71,71,71,71,71,71,71,71,71,71,71,71,71,71],"card_choices":[{"not_picked":["Sweeping Beam","Barrage"],"picked":"Cold Snap","floor":1.0},{"not_picked":["Redo","Chaos"],"picked":"Genetic Algorithm","floor":2.0},{"not_picked":["Beam Cell","Streamline"],"picked":"Rebound","floor":5.0},{"not_picked":["Streamline","Thunder Strike"],"picked":"Glacier","floor":8.0},{"not_picked":["Recycle","Turbo"],"picked":"Steam","floor":11.0},{"not_picked":["Reprogram","Conserve Battery"],"picked":"FTL","floor":12.0},{"not_picked":["Turbo","Melter"],"picked":"Sweeping Beam","floor":14.0}],"player_experience":439190,"relics_obtained":[{"floor":8.0,"key":"Bronze Scales"},{"floor":9.0,"key":"Omamori"},{"floor":12.0,"key":"Pantograph"},{"floor":14.0,"key":"Bag of Marbles"}],"event_choices":[{"cards_removed":["Strike_B"],"damage_healed":0.0,"max_hp_gain":0.0,"max_hp_loss":0.0,"gold_gain":0.0,"event_name":"Golden Wing","player_choice":"Card Removal","floor":3.0,"gold_loss":0.0,"damage_taken":7.0},{"damage_healed":0.0,"max_hp_gain":0.0,"max_hp_loss":0.0,"gold_gain":0.0,"event_name":"Shining Light","player_choice":"Entered Light","floor":4.0,"gold_loss":0.0,"damage_taken":21.0,"cards_upgraded":["Strike_B","Strike_B"]},{"damage_healed":0.0,"max_hp_gain":0.0,"max_hp_loss":0.0,"gold_gain":0.0,"cards_transformed":["Defend_B"],"event_name":"Transmorgrifier","player_choice":"Transformed","floor":7.0,"gold_loss":0.0,"damage_taken":0.0,"cards_obtained":["Fusion"]}],"is_beta":false,"boss_relics":[],"items_purged_floors":[],"is_endless":false,"potions_floor_spawned":[2,8,11,12],"killed_by":"Slime Boss","ascension_level":20}