{"path_per_floor":["M","M","M","?","M","R","E","M","T","E","R","?","M","M","R","B",null,"M","?","M","$","M","R","?","R","T","M","M","R","$","E","R","B",null,"M","?","M","?","$","R","E","M","T","R","M","T","R","M","R"],"character_chosen":"IRONCLAD","items_purchased":["Gremlin Horn","Vajra","Twin Strike","Pantograph","Meat on the Bone","Block Potion","Energy Potion"],"gold_per_floor":[117,135,155,155,180,180,254,274,274,314,314,314,339,357,357,485,485,499,499,513,51,76,76,76,76,102,122,141,141,66,104,104,228,228,242,242,263,596,0,0,28,38,63,63,83,160,160,175,175],"floor_reached":50,"campfire_rested":7,"playtime":3636,"current_hp_per_floor":[79,68,74,74,75,75,57,63,63,55,55,60,61,49,74,44,85,74,58,53,53,28,28,28,53,53,32,30,55,55,44,69,69,85,75,65,25,25,25,50,31,28,28,54,54,54,80,78,78],"items_purged":["Injury"],"gold":175,"play_id":"91ed8837-b993-4c8f-abda-473f5c6375c3","is_prod":false,"is_daily":false,"is_ascension_mode":false,"campfire_upgraded":4,"path_taken":["M","M","M","?","M","R","E","M","T","E","R","?","M","M","R","BOSS","M","?","M","$","M","R","?","R","T","M","M","R","$","E","R","BOSS","M","?","M","?","$","R","E","M","T","R","M","?","R","M","R","BOSS"],"build_version":"2018-01-25-PROD3","purchased_purges":2,"victory":false,"master_deck":["Strike_R","Strike_R","Strike_R","Strike_R","Strike_R","Defend_R","Defend_R","Defend_R","Defend_R","Bash+1","Pommel Strike+1","Perfected Strike","Shrug It Off","Headbutt","Perfected Strike","Perfected Strike","Reaper+1","Twin Strike","Hemokinesis","Reaper","Clash","Headbutt","Armaments+1","Flex","Pummel","Clash","Body Slam+1","Twin Strike","Anger","Iron Wave","Iron Wave","Juggernaut+1","Feed","Rampage","Madness+1","Madness","Warcry+1","Clash","Cleave+1","Clash","Body Slam+1"],"max_hp_per_floor":[80,80,80,80,80,80,80,80,80,80,80,85,85,85,85,85,85,85,85,85,85,85,85,85,85,85,85,85,85,85,85,85,85,85,85,85,85,85,85,85,89,89,89,89,89,89,89,89,89],"relics":["Burning Blood","Molten Egg","Tiny Chest","Frozen Eye","Ice Cream","Orrery","Enchiridion","Gremlin Horn","Vajra","Oddly Smooth Stone","Bag of Marbles","Happy Flower","Mark of Pain","Pantograph","Meat on the Bone","Anchor","Frozen Egg","Matryoshka"],"card_choices":[{"not_picked":["Iron Wave","Intimidate"],"picked":"Pommel Strike"},{"not_picked":["Anger","Thunderclap"],"picked":"Perfected Strike"},{"not_picked":["Spot Weakness","Warcry"],"picked":"Shrug It Off"},{"not_picked":["Heavy Blade","Disarm"],"picked":"Headbutt"},{"not_picked":["Heavy Blade","Limit Break"],"picked":"Perfected Strike"},{"not_picked":["Shockwave","Shrug It Off"],"picked":"Perfected Strike"},{"not_picked":["Combust","Headbutt"],"picked":"Reaper"},{"not_picked":["Thunderclap","Pommel Strike"],"picked":"Twin Strike"},{"not_picked":["Body Slam","Reckless Charge"],"picked":"Hemokinesis"},{"not_picked":["Bludgeon","Fiend Fire"],"picked":"Reaper"},{"not_picked":["Twin Strike","Reckless Charge"],"picked":"Clash"},{"not_picked":["Sword Boomerang","Whirlwind"],"picked":"Headbutt"},{"not_picked":["Body Slam","Rage"],"picked":"Armaments"},{"not_picked":["Bloodletting","Clothesline"],"picked":"Flex"},{"not_picked":["True Grit","Perfected Strike"],"picked":"Pummel"},{"not_picked":["Dropkick","Iron Wave"],"picked":"Clash"},{"not_picked":["Flame Barrier","Barricade"],"picked":"Body Slam"},{"not_picked":["Sword Boomerang","Clothesline"],"picked":"Anger"},{"not_picked":["Clothesline","Body Slam"],"picked":"Iron Wave"},{"not_picked":["Headbutt","Rage"],"picked":"Iron Wave"},{"not_picked":["Sword Boomerang","Thunderclap"],"picked":"Juggernaut"},{"not_picked":["Bludgeon","Berserk"],"picked":"Feed"},{"not_picked":["Combust","Sword Boomerang"],"picked":"Rampage"},{"not_picked":["Pommel Strike","Sever Soul"],"picked":"Warcry"},{"not_picked":["Warcry","Shockwave"],"picked":"Clash"},{"not_picked":["Flex","Barricade"],"picked":"Cleave"},{"not_picked":["Shrug It Off","Cleave"],"picked":"Clash"},{"not_picked":["Spot Weakness","Shockwave"],"picked":"Body Slam"}],"player_experience":22580,"potions_floor_usage":[5,7,18,31,33,35,35,41],"damage_taken":[{"damage":7,"enemies":"2 Louse","floor":1,"turns":2},{"damage":17,"enemies":"Jaw Worm","floor":2,"turns":5},{"damage":0,"enemies":"Cultist","floor":3,"turns":2},{"damage":5,"enemies":"Looter","floor":5,"turns":2},{"damage":24,"enemies":"3 Sentries","floor":7,"turns":4},{"damage":0,"enemies":"Large Slime","floor":8,"turns":4},{"damage":14,"enemies":"Gremlin Nob","floor":10,"turns":3},{"damage":5,"enemies":"3 Louse","floor":13,"turns":2},{"damage":18,"enemies":"Exordium Thugs","floor":14,"turns":4},{"damage":46,"enemies":"Slime Boss","floor":16,"turns":9},{"damage":17,"enemies":"Spheric Guardian","floor":18,"turns":4},{"damage":20,"enemies":"3 Byrds","floor":20,"turns":4},{"damage":35,"enemies":"Snake Plant","floor":22,"turns":4},{"damage":37,"enemies":"Centurion and Healer","floor":27,"turns":4},{"damage":8,"enemies":"Snecko","floor":28,"turns":3},{"damage":17,"enemies":"Book of Stabbing","floor":31,"turns":3},{"damage":37,"enemies":"Collector","floor":33,"turns":10},{"damage":19,"enemies":"3 Shapes","floor":35,"turns":4},{"damage":61,"enemies":"3 Darklings","floor":37,"turns":4},{"damage":47,"enemies":"2 Orb Walkers","floor":41,"turns":5},{"damage":27,"enemies":"4 Shapes","floor":42,"turns":4},{"damage":31,"enemies":"Maw","floor":45,"turns":5},{"damage":8,"enemies":"3 Darklings","floor":48,"turns":4},{"damage":110,"enemies":"Donu and Deca","floor":50,"turns":5}],"event_choices":[{"event_name":"Golden Idol","player_choice":"Take Wound","floor":4,"damage_taken":0},{"event_name":"Big Fish","player_choice":"Donut","floor":12,"damage_taken":0},{"event_name":"Cursed Tome","player_choice":"Obtained Book","floor":19,"damage_taken":0},{"event_name":"The Mausoleum","player_choice":"Yes","floor":24,"damage_taken":0},{"event_name":"Winding Halls","player_choice":"Embrace Madness","floor":36,"damage_taken":0},{"event_name":"The Moai Head","player_choice":"Gave Idol","floor":38,"damage_taken":0}],"boss_relics":[{"not_picked":["Sozu","Snecko Eye"],"picked":"Orrery"},{"not_picked":["Runic Pyramid","Runic Cube"],"picked":"Mark of Pain"}],"potions_floor_spawned":[3,5,8,16,27,28,33,45],"seed_played":"-3792695867139172727","killed_by":"Donu and Deca","ascension_level":0,"is_trial":false}