{"gold_per_floor":[115,115,8,8,21,21,21,40,40,52,62,35,45,59,59,156,156,170,170,170,24,42,42],"floor_reached":23,"playtime":3226,"items_purged":[],"score":185,"play_id":"a7c664bb-cd02-402a-9ea6-fc168adfd65f","local_time":"20190830040041","is_ascension_mode":false,"campfire_choices":[{"data":"Blur","floor":6,"key":"SMITH"},{"floor":15,"key":"REST"}],"neow_cost":"NONE","seed_source_timestamp":0,"circlet_count":0,"master_deck":["Strike_G","Strike_G","Defend_G","Defend_G","Defend_G","Defend_G","Defend_G","Survivor","Neutralize","Distraction","Blur+1","Flechettes","Backstab","Skewer","Outmaneuver","Dodge and Roll","Backflip","Poisoned Stab","Backstab","Doppelganger","Acrobatics","Prepared","Reflex","Blind","Backstab"],"special_seed":0,"relics":["Ring of the Snake","Dodecahedron","Lizard Tail","Happy Flower"],"potions_floor_usage":[12,13,16,23],"damage_taken":[{"damage":2.0,"enemies":"Small Slimes","floor":1.0,"turns":4.0},{"damage":0,"enemies":"Jaw Worm","floor":5,"turns":4},{"damage":0,"enemies":"Cultist","floor":8,"turns":4},{"damage":0,"enemies":"Looter","floor":10,"turns":3},{"damage":0,"enemies":"2 Fungi Beasts","floor":11,"turns":3},{"damage":0,"enemies":"Exordium Thugs","floor":12,"turns":5},{"damage":0,"enemies":"Large Slime","floor":13,"turns":4},{"damage":8,"enemies":"Exordium Wildlife","floor":14,"turns":3},{"damage":44,"enemies":"Slime Boss","floor":16,"turns":19},{"damage":20,"enemies":"Chosen","floor":18,"turns":9},{"damage":1,"enemies":"Shell Parasite","floor":22,"turns":11},{"damage":95,"enemies":"Gremlin Leader","floor":23,"turns":7}],"seed_played":"-5074995860402419878","potions_obtained":[{"floor":1.0,"key":"SteroidPotion"},{"floor":12,"key":"AttackPotion"},{"floor":14,"key":"Explosive Potion"},{"floor":22,"key":"FearPotion"}],"is_trial":false,"path_per_floor":["M","?","$","?","M","R","?","M","T","M","M","M","M","M","R","B",null,"M","?","?","$","M","E"],"character_chosen":"THE_SILENT","items_purchased":["Blur","Flechettes","Happy Flower"],"campfire_rested":1,"item_purchase_floors":[3,3,21],"current_hp_per_floor":[75,68,68,68,68,68,68,68,68,68,68,68,68,60,77,33,77,57,57,43,43,42,0],"gold":42,"neow_bonus":"TEN_PERCENT_HP_BONUS","is_prod":false,"is_daily":false,"chose_seed":false,"campfire_upgraded":1,"win_rate":0.0,"timestamp":1567108841,"path_taken":["M","?","$","?","M","R","?","M","T","M","?","M","M","M","R","BOSS","M","?","?","$","?","E"],"build_version":"2019-07-17","purchased_purges":0,"victory":false,"max_hp_per_floor":[77,77,77,77,77,77,77,77,77,77,77,77,77,77,77,77,77,77,77,77,77,77,77],"card_choices":[{"not_picked":["Infinite Blades","Quick Slash"],"picked":"Distraction","floor":1.0},{"not_picked":["Eviscerate","Deadly Poison"],"picked":"Backstab","floor":5},{"not_picked":["Tactician","Blur"],"picked":"Skewer","floor":8},{"not_picked":["Poisoned Stab","Dagger Spray"],"picked":"Outmaneuver","floor":10},{"not_picked":["Dagger Spray","Deflect"],"picked":"Dodge and Roll","floor":11},{"not_picked":["Underhanded Strike","Leg Sweep"],"picked":"Backflip","floor":12},{"not_picked":["Prepared","Well Laid Plans"],"picked":"Poisoned Stab","floor":13},{"not_picked":["Deadly Poison","Slice"],"picked":"Backstab","floor":14},{"not_picked":["Tools of the Trade","Wraith Form v2"],"picked":"Doppelganger","floor":16},{"not_picked":["Masterful Stab","Dagger Spray"],"picked":"Acrobatics","floor":18},{"not_picked":["Sucker Punch","Outmaneuver"],"picked":"Backstab","floor":22}],"player_experience":114825,"relics_obtained":[{"floor":9,"key":"Dodecahedron"}],"event_choices":[{"cards_removed":["Strike_G"],"damage_healed":0,"gold_gain":0,"player_choice":"Card Removal","damage_taken":7,"max_hp_gain":0,"max_hp_loss":0,"event_name":"Golden Wing","floor":2,"gold_loss":0},{"damage_healed":0,"gold_gain":0,"player_choice":"Ignored","damage_taken":0,"max_hp_gain":0,"max_hp_loss":0,"event_name":"Shining Light","floor":4,"gold_loss":0},{"damage_healed":0,"gold_gain":0,"player_choice":"Ignored","damage_taken":0,"max_hp_gain":0,"max_hp_loss":0,"event_name":"NoteForYourself","floor":7,"gold_loss":0},{"damage_healed":0,"gold_gain":0,"cards_transformed":["Strike_G","Strike_G"],"player_choice":"Became Test Subject","damage_taken":0,"max_hp_gain":0,"max_hp_loss":0,"event_name":"Drug Dealer","floor":19,"gold_loss":0,"cards_obtained":["Prepared","Reflex"]},{"damage_healed":0,"gold_gain":0,"player_choice":"CARD ","damage_taken":14,"max_hp_gain":0,"max_hp_loss":0,"event_name":"Knowing Skull","floor":20,"potions_obtained":[],"gold_loss":0,"cards_obtained":["Blind"]}],"is_beta":false,"boss_relics":[{"not_picked":["Coffee Dripper","Sozu"],"picked":"Lizard Tail"}],"items_purged_floors":[],"is_endless":false,"potions_floor_spawned":[1,12,14,22],"killed_by":"Gremlin Leader","ascension_level":0}