{"path_per_floor":["M","M","M","?","M","E","M","M","T","M","?","R","M","?","R","B",null,"M","M","?","$","M","E","R","M","T","M","E","M","$","M","R","B",null,"M","?","M","T","M","R","M","M","T","M","$","R","M","M","R"],"character_chosen":"IRONCLAD","items_purchased":["Omamori","Bronze Scales","Blood Vial","Strawberry","Anger","Ancient Tea Set"],"gold_per_floor":[111,122,139,139,150,180,192,212,212,232,232,232,251,312,312,441,441,460,473,503,58,74,115,115,135,216,236,269,283,17,33,33,156,156,174,174,197,197,212,212,227,250,250,264,12,12,25,45,45],"floor_reached":50,"campfire_rested":6,"playtime":3163,"current_hp_per_floor":[70,75,70,70,58,32,22,15,15,17,23,48,54,29,54,23,86,63,61,61,61,59,33,58,65,65,68,61,57,64,57,84,41,93,83,83,62,62,60,60,52,32,38,24,24,53,32,39,68],"items_purged":["Injury","Regret"],"gold":45,"score":523,"play_id":"92bde01f-6636-45c2-b3ea-8a0ae72f0930","is_prod":false,"is_daily":false,"is_ascension_mode":false,"campfire_upgraded":0,"path_taken":["M","M","M","?","M","E","M","M","T","M","?","R","?","?","R","BOSS","M","M","?","$","M","E","R","M","T","M","E","M","$","M","R","BOSS","M","?","M","?","M","R","M","M","T","?","$","R","M","?","R","BOSS"],"build_version":"2018-02-15-PROD1","purchased_purges":2,"victory":false,"master_deck":["Bash","Flex","Armaments","Inflame","Heavy Blade","Inflame","Flex","Demon Form","Heavy Blade","Shrug It Off","Flex","Impervious","Demon Form","Armaments+1","Iron Wave","Armaments+1","Reckless Charge","Thunderclap+1","Sword Boomerang","Pummel","Searing Blow","Anger","Disarm+1","Limit Break","Flex","Rampage","Iron Wave","Perfected Strike","Body Slam","Cleave","Anger","Combust","Seeing Red+1","Rampage+1","Flame Barrier+1","Seeing Red","Iron Wave","Burning Pact","Armaments+1","Heavy Blade"],"max_hp_per_floor":[80,80,80,80,80,80,80,80,80,80,86,86,86,86,86,86,86,86,86,86,86,86,86,86,86,86,86,86,86,93,93,93,93,93,93,93,93,93,93,93,93,93,99,99,99,99,99,99,99],"relics":["Burning Blood","Darkstone Periapt","Unceasing Top","Golden Idol","Meat on the Bone","Cursed Key","Tiny Chest","Omamori","Bronze Scales","Blood Vial","Bottled Flame","Matryoshka","Paper Frog","Strawberry","Pandora\u0027s Box","Orichalcum","Shovel","Mercury Hourglass","Ancient Tea Set"],"card_choices":[{"not_picked":["Anger","Armaments"],"picked":"Flex"},{"not_picked":["Clothesline","Perfected Strike"],"picked":"Armaments"},{"not_picked":["Armaments","Twin Strike"],"picked":"Inflame"},{"not_picked":["Fire Breathing","Thunderclap"],"picked":"Heavy Blade"},{"not_picked":["Havoc","Body Slam"],"picked":"Flex"},{"not_picked":["Combust","Flex"],"picked":"Demon Form"},{"not_picked":["Anger","Perfected Strike"],"picked":"Heavy Blade"},{"not_picked":["Flame Barrier","Sword Boomerang"],"picked":"Shrug It Off"},{"not_picked":["Thunderclap","Clothesline"],"picked":"Armaments"},{"not_picked":["Twin Strike","Pommel Strike"],"picked":"Flex"},{"not_picked":["Thunderclap","Power Through"],"picked":"Impervious"},{"not_picked":["Impervious","Bludgeon"],"picked":"Demon Form"},{"not_picked":["Shockwave","Combust"],"picked":"Armaments"},{"not_picked":["Corruption","Headbutt"],"picked":"Iron Wave"},{"not_picked":["Second Wind","Pummel"],"picked":"Armaments"},{"not_picked":["Blood for Blood","Wild Strike"],"picked":"Reckless Charge"},{"not_picked":["Disarm","Iron Wave"],"picked":"Thunderclap"},{"not_picked":["Burning Pact","Dual Wield"],"picked":"Sword Boomerang"},{"not_picked":["Spot Weakness","Shrug It Off"],"picked":"Pummel"},{"not_picked":["True Grit","Iron Wave"],"picked":"Searing Blow"},{"not_picked":["Sword Boomerang","Clash"],"picked":"Disarm"},{"not_picked":["Reaper","Brutality"],"picked":"Limit Break"},{"not_picked":["Iron Wave","Shrug It Off"],"picked":"Seeing Red"},{"not_picked":["Flex","Havoc"],"picked":"Rampage"},{"not_picked":["Fire Breathing","Corruption"],"picked":"Flame Barrier"},{"not_picked":["Pommel Strike","Disarm"],"picked":"Seeing Red"},{"not_picked":["Dropkick","Pommel Strike"],"picked":"Iron Wave"},{"not_picked":["Flex","Rage"],"picked":"Burning Pact"},{"not_picked":["Shrug It Off","Wild Strike"],"picked":"Armaments"},{"not_picked":["Second Wind","Battle Trance"],"picked":"Heavy Blade"}],"player_experience":89283,"potions_floor_usage":[7,8,10,18,18,25,29,33,33,37,41,47,48],"damage_taken":[{"damage":16,"enemies":"Jaw Worm","floor":1,"turns":4},{"damage":1,"enemies":"Cultist","floor":2,"turns":3},{"damage":11,"enemies":"2 Louse","floor":3,"turns":3},{"damage":18,"enemies":"Exordium Wildlife","floor":5,"turns":5},{"damage":32,"enemies":"Lagavulin","floor":6,"turns":7},{"damage":16,"enemies":"Large Slime","floor":7,"turns":6},{"damage":13,"enemies":"Blue Slaver","floor":8,"turns":3},{"damage":4,"enemies":"Gremlin Gang","floor":10,"turns":3},{"damage":0,"enemies":"2 Fungi Beasts","floor":13,"turns":4},{"damage":43,"enemies":"Gremlin Nob","floor":14,"turns":5},{"damage":49,"enemies":"The Guardian","floor":16,"turns":13},{"damage":29,"enemies":"3 Byrds","floor":18,"turns":6},{"damage":20,"enemies":"Spheric Guardian","floor":19,"turns":4},{"damage":10,"enemies":"Snake Plant","floor":22,"turns":5},{"damage":46,"enemies":"Slavers","floor":23,"turns":6},{"damage":1,"enemies":"Centurion and Healer","floor":25,"turns":6},{"damage":5,"enemies":"Snecko","floor":27,"turns":4},{"damage":27,"enemies":"Gremlin Leader","floor":28,"turns":7},{"damage":12,"enemies":"Sentry and Sphere","floor":29,"turns":5},{"damage":15,"enemies":"Snake Plant","floor":31,"turns":4},{"damage":63,"enemies":"Collector","floor":33,"turns":8},{"damage":16,"enemies":"Orb Walker","floor":35,"turns":3},{"damage":41,"enemies":"3 Darklings","floor":37,"turns":4},{"damage":10,"enemies":"Maw","floor":39,"turns":6},{"damage":28,"enemies":"4 Shapes","floor":41,"turns":4},{"damage":40,"enemies":"Sphere and 2 Shapes","floor":42,"turns":4},{"damage":34,"enemies":"Maw","floor":44,"turns":7},{"damage":41,"enemies":"4 Shapes","floor":47,"turns":3},{"damage":13,"enemies":"3 Darklings","floor":48,"turns":4},{"damage":77,"enemies":"Awakened One","floor":50,"turns":5}],"event_choices":[{"event_name":"Transmorgrifier","player_choice":"Transform","floor":4,"damage_taken":0},{"event_name":"Golden Idol","player_choice":"Take Wound","floor":11,"damage_taken":0},{"event_name":"Dead Adventurer","player_choice":"Searched \u00273\u0027 times","floor":14,"damage_taken":0},{"event_name":"The Mausoleum","player_choice":"Yes","floor":20,"damage_taken":0},{"event_name":"Purifier","player_choice":"One Purge","floor":36,"damage_taken":0}],"boss_relics":[{"not_picked":["Runic Pyramid","Ectoplasm"],"picked":"Cursed Key"},{"not_picked":["Philosopher\u0027s Stone","Snecko Eye"],"picked":"Pandora\u0027s Box"}],"potions_floor_spawned":[5,6,7,14,16,19,22,25,29,31,35,41,47,48],"seed_played":"8616401218047049584","killed_by":"Awakened One","ascension_level":0,"is_trial":false}