{"gold_per_floor":[117,192,192,2,20,48,65,94,119,119,131,131,231,242,242,321,321,331,349,125,136,136,136,155,155,178,193,207,0,0,0],"floor_reached":31,"playtime":1685,"items_purged":[],"score":449,"play_id":"27d23a84-de10-4a4e-804f-bb8c62b14e29","local_time":"20190827160231","is_ascension_mode":true,"campfire_choices":[{"floor":10,"key":"REST"},{"data":"Body Slam","floor":12,"key":"SMITH"},{"data":"Rampage","floor":15,"key":"SMITH"},{"data":"Seeing Red","floor":23,"key":"SMITH"},{"data":"Pommel Strike","floor":30,"key":"SMITH"}],"neow_cost":"NONE","seed_source_timestamp":669782667988200,"circlet_count":0,"master_deck":["AscendersBane","Strike_R","Strike_R","Strike_R","Strike_R","Defend_R","Defend_R","Bash","Armaments+1","Second Wind+1","Body Slam+1","Pommel Strike","Rampage+1","Impervious","Seeing Red+1","Exhume","Pommel Strike+1","Power Through","Metallicize","Impervious","Clash","Limit Break","Exhume","Body Slam+1"],"relics":["Burning Blood","NeowsBlessing","Strange Spoon","Art of War","War Paint","Bag of Marbles","Coffee Dripper","Pen Nib","Happy Flower"],"potions_floor_usage":[8,14,16,28,28],"damage_taken":[{"damage":0,"enemies":"Small Slimes","floor":1,"turns":1},{"damage":0,"enemies":"Jaw Worm","floor":5,"turns":1},{"damage":0,"enemies":"Gremlin Nob","floor":6,"turns":1},{"damage":1,"enemies":"Cultist","floor":7,"turns":3},{"damage":50,"enemies":"3 Sentries","floor":8,"turns":10},{"damage":13,"enemies":"Large Slime","floor":11,"turns":5},{"damage":5,"enemies":"Gremlin Gang","floor":14,"turns":3},{"damage":33,"enemies":"Slime Boss","floor":16,"turns":13},{"damage":6,"enemies":"3 Byrds","floor":18,"turns":6},{"damage":22,"enemies":"Spheric Guardian","floor":19,"turns":4},{"damage":9,"enemies":"Snecko","floor":21,"turns":6},{"damage":21,"enemies":"Snake Plant","floor":24,"turns":5},{"damage":22,"enemies":"3 Cultists","floor":27,"turns":6},{"damage":7,"enemies":"Cultist and Chosen","floor":28,"turns":6},{"damage":0,"enemies":"Snake Plant","floor":31,"turns":1}],"seed_played":"-3560417802889674620","potions_obtained":[{"floor":1,"key":"Swift Potion"},{"floor":7,"key":"Explosive Potion"},{"floor":8,"key":"Explosive Potion"},{"floor":19,"key":"Dexterity Potion"},{"floor":21,"key":"EssenceOfSteel"},{"floor":27,"key":"PowerPotion"}],"is_trial":false,"path_per_floor":["M","?","?","$","M","E","M","E","T","R","M","R","?","M","R","B",null,"M","M","$","M","?","R","M","?","T","M","M","?","R","M"],"character_chosen":"IRONCLAD","items_purchased":["Strange Spoon","Metallicize","Pen Nib"],"campfire_rested":1,"item_purchase_floors":[4,20,20],"current_hp_per_floor":[78,67,67,67,73,79,80,36,36,60,53,53,53,54,54,27,67,67,51,51,48,48,48,33,33,33,17,16,16,16,16],"gold":0,"neow_bonus":"THREE_ENEMY_KILL","is_prod":false,"is_daily":false,"chose_seed":false,"campfire_upgraded":4,"win_rate":0,"timestamp":1566946951,"path_taken":["M","?","?","?","M","E","M","E","T","R","?","R","?","M","R","BOSS","M","M","$","?","?","R","M","?","T","?","M","?","R","M"],"build_version":"2019-07-17","purchased_purges":0,"victory":false,"max_hp_per_floor":[80,80,80,80,80,80,80,80,80,80,80,80,80,80,80,80,80,80,80,80,80,80,80,80,80,80,80,80,80,80,80],"card_choices":[{"not_picked":["Pummel","Body Slam"],"picked":"Armaments","floor":1},{"not_picked":["Flex","Heavy Blade","Cleave"],"picked":"SKIP","floor":5},{"not_picked":["Sever Soul","Iron Wave"],"picked":"Body Slam","floor":6},{"not_picked":["Carnage","Clothesline"],"picked":"Pommel Strike","floor":7},{"not_picked":["Sword Boomerang","Clash"],"picked":"Rampage","floor":8},{"not_picked":["Reckless Charge","Corruption"],"picked":"Impervious","floor":11},{"not_picked":["Shockwave","Combust"],"picked":"Seeing Red","floor":14},{"not_picked":["Dark Embrace","Immolate"],"picked":"Exhume","floor":16},{"not_picked":["Cleave","Anger"],"picked":"Pommel Strike","floor":18},{"not_picked":["Fire Breathing","Anger"],"picked":"Power Through","floor":19},{"not_picked":["Burning Pact+1","Havoc"],"picked":"Impervious","floor":21},{"not_picked":["Clothesline","Reckless Charge","Armaments"],"picked":"SKIP","floor":24},{"not_picked":["Whirlwind+1","Heavy Blade"],"picked":"Exhume","floor":27},{"not_picked":["Intimidate","Clash"],"picked":"Body Slam+1","floor":28}],"player_experience":233572,"relics_obtained":[{"floor":6,"key":"Art of War"},{"floor":8,"key":"War Paint"},{"floor":9,"key":"Bag of Marbles"},{"floor":26,"key":"Happy Flower"}],"event_choices":[{"damage_healed":0,"gold_gain":75,"player_choice":"Gather Gold","damage_taken":11,"max_hp_gain":0,"max_hp_loss":0,"event_name":"World of Goop","floor":2,"gold_loss":0},{"damage_healed":0,"gold_gain":0,"cards_transformed":["Defend_R"],"player_choice":"Change","damage_taken":0,"max_hp_gain":0,"max_hp_loss":0,"event_name":"Living Wall","floor":3,"gold_loss":0,"cards_obtained":["Second Wind"]},{"damage_healed":0,"gold_gain":100,"player_choice":"Pray","damage_taken":0,"max_hp_gain":0,"max_hp_loss":0,"event_name":"Golden Shrine","floor":13,"gold_loss":0},{"damage_healed":0,"gold_gain":0,"cards_transformed":["Strike_R","Defend_R"],"player_choice":"Became Test Subject","damage_taken":0,"max_hp_gain":0,"max_hp_loss":0,"event_name":"Drug Dealer","floor":22,"gold_loss":0,"cards_obtained":["Clash","Limit Break"]},{"damage_healed":0,"gold_gain":0,"player_choice":"Bought 0 Potions","damage_taken":0,"max_hp_gain":0,"max_hp_loss":0,"event_name":"The Woman in Blue","floor":25,"gold_loss":0},{"damage_healed":0,"gold_gain":0,"player_choice":"Paid Fearfully","damage_taken":0,"max_hp_gain":0,"max_hp_loss":0,"event_name":"Masked Bandits","floor":29,"gold_loss":207}],"is_beta":false,"boss_relics":[{"not_picked":["Calling Bell","Runic Cube"],"picked":"Coffee Dripper"}],"items_purged_floors":[],"is_endless":false,"potions_floor_spawned":[1,7,8,19,21,27],"killed_by":"Snake Plant","ascension_level":13}