{"gold_per_floor":[117,192,212,232,31,31,58,58,138,155,155,155,76,76,76,173,173,183,183,197,157,173,173,186,186,186,220,220],"floor_reached":28,"playtime":789,"items_purged":[],"score":283,"play_id":"54cfd9ae-795d-429e-96e7-2e0b796a7dba","local_time":"20181126183933","is_ascension_mode":true,"campfire_choices":[{"data":"Flex","floor":6,"key":"SMITH"},{"data":"Inflame","floor":11,"key":"SMITH"},{"data":"1","floor":15,"key":"LIFT"},{"data":"2","floor":23,"key":"LIFT"},{"data":"3","floor":25,"key":"LIFT"}],"neow_cost":"NONE","seed_source_timestamp":757480944107896,"circlet_count":0,"master_deck":["Strike_R","Strike_R","Strike_R","Strike_R","Strike_R","Defend_R","Defend_R","Defend_R","Defend_R","Bash","Flex+1","Anger+1","Clash","Warcry","Inflame+1","Demon Form+1","Havoc+1","Flex+1","Uppercut+1"],"relics":["Burning Blood","NeowsBlessing","Membership Card","Omamori","Gremlin Horn","Girya","Anchor","Coffee Dripper","Kunai","Frozen Egg 2","Pear"],"potions_floor_usage":[10,20,22,22],"damage_taken":[{"damage":0,"enemies":"Small Slimes","floor":1,"turns":1},{"damage":0,"enemies":"2 Louse","floor":3,"turns":1},{"damage":0,"enemies":"Cultist","floor":4,"turns":1},{"damage":15,"enemies":"Gremlin Nob","floor":7,"turns":3},{"damage":0,"enemies":"3 Louse","floor":10,"turns":1},{"damage":63,"enemies":"Hexaghost","floor":16,"turns":8},{"damage":0,"enemies":"Chosen","floor":18,"turns":3},{"damage":1,"enemies":"Spheric Guardian","floor":20,"turns":3},{"damage":20,"enemies":"Centurion and Healer","floor":22,"turns":5},{"damage":18,"enemies":"Shelled Parasite and Fungi","floor":24,"turns":4},{"damage":19,"enemies":"Book of Stabbing","floor":27,"turns":3},{"damage":52,"enemies":"Snecko","floor":28,"turns":4}],"seed_played":"-4426920896243363649","potions_obtained":[{"floor":3,"key":"Explosive Potion"},{"floor":10,"key":"Fire Potion"},{"floor":16,"key":"Poison Potion"},{"floor":18,"key":"Explosive Potion"},{"floor":20,"key":"Fire Potion"}],"is_trial":false,"path_per_floor":["M","?","M","M","$","R","E","?","T","M","R","?","$","?","R","B",null,"M","?","M","?","M","R","M","R","T","E","M"],"character_chosen":"IRONCLAD","items_purchased":["Membership Card","Anchor"],"campfire_rested":0,"item_purchase_floors":[5,13],"current_hp_per_floor":[80,69,75,80,80,80,71,71,71,77,77,77,77,77,77,20,80,80,80,80,80,66,66,54,54,54,51,0],"gold":220,"neow_bonus":"THREE_ENEMY_KILL","is_prod":false,"is_daily":false,"chose_seed":false,"campfire_upgraded":2,"win_rate":0,"timestamp":1543253973,"path_taken":["M","?","M","M","$","R","E","?","T","?","R","?","?","?","R","BOSS","M","?","M","?","?","R","M","R","T","E","M"],"build_version":"2018-11-15","purchased_purges":0,"victory":false,"max_hp_per_floor":[80,80,80,80,80,80,80,80,80,80,80,80,80,80,80,80,80,80,80,80,80,80,80,80,80,80,90,90],"card_choices":[{"not_picked":["Infernal Blade","Armaments"],"picked":"Flex","floor":1},{"not_picked":["Searing Blow","Battle Trance"],"picked":"Anger","floor":3},{"not_picked":["Searing Blow","Power Through"],"picked":"Clash","floor":4},{"not_picked":["Sword Boomerang","Searing Blow"],"picked":"Warcry","floor":7},{"not_picked":["Reckless Charge","Second Wind"],"picked":"Inflame","floor":10},{"not_picked":["Brutality","Impervious"],"picked":"Demon Form","floor":16},{"not_picked":["Metallicize","Hemokinesis"],"picked":"Havoc+1","floor":18},{"not_picked":["Cleave","Thunderclap"],"picked":"Flex+1","floor":20},{"not_picked":["Rampage","Thunderclap+1","Shrug It Off"],"picked":"SKIP","floor":22},{"not_picked":["Pummel","Cleave"],"picked":"Uppercut+1","floor":24},{"not_picked":["Wild Strike","Body Slam","Shrug It Off"],"picked":"SKIP","floor":27}],"player_experience":313716,"relics_obtained":[{"floor":7,"key":"Omamori"},{"floor":9,"key":"Gremlin Horn"},{"floor":26,"key":"Frozen Egg 2"},{"floor":27,"key":"Pear"}],"event_choices":[{"damage_healed":0,"gold_gain":75,"player_choice":"Gather Gold","damage_taken":11,"max_hp_gain":0,"max_hp_loss":0,"event_name":"World of Goop","floor":2,"gold_loss":0},{"damage_healed":0,"gold_gain":0,"player_choice":"Upgraded","damage_taken":0,"max_hp_gain":0,"max_hp_loss":0,"event_name":"Upgrade Shrine","floor":8,"gold_loss":0,"cards_upgraded":["Anger"]},{"damage_healed":0,"gold_gain":0,"player_choice":"Gave Potion","damage_taken":0,"relics_obtained":["Girya"],"max_hp_gain":0,"max_hp_loss":0,"event_name":"WeMeetAgain","floor":12,"gold_loss":0},{"damage_healed":0,"gold_gain":0,"player_choice":"Leave","damage_taken":0,"max_hp_gain":0,"max_hp_loss":0,"event_name":"The Cleric","floor":14,"gold_loss":0},{"damage_healed":0,"gold_gain":0,"player_choice":"Opened","damage_taken":0,"relics_obtained":["Kunai"],"max_hp_gain":0,"max_hp_loss":0,"event_name":"The Mausoleum","floor":19,"gold_loss":0},{"damage_healed":0,"gold_gain":0,"player_choice":"Upgrade","damage_taken":0,"max_hp_gain":0,"max_hp_loss":0,"event_name":"Designer","floor":21,"gold_loss":40,"cards_upgraded":["Demon Form"]}],"is_beta":false,"boss_relics":[{"not_picked":["Black Star","Empty Cage"],"picked":"Coffee Dripper"}],"items_purged_floors":[],"is_endless":false,"potions_floor_spawned":[3,10,16,18,20],"killed_by":"Snecko","ascension_level":4}