{"gold_per_floor":[114,126,150,161,161,161,177,177,201,221,221,221,237,254,254,358,358,373,373,373,323,333,333,364,364,391,425,425,425,348,359,359,454,454,471,485,485,537,537,537,572,572,572,589,619,4,4],"floor_reached":47,"playtime":2744,"items_purged":["Masterful Stab"],"score":637,"play_id":"29471fcc-f96c-4fae-bb95-32e966642c5e","local_time":"20180814203809","is_ascension_mode":true,"campfire_choices":[{"floor":6,"key":"REST"},{"data":"Footwork","floor":12,"key":"SMITH"},{"data":"Blur","floor":15,"key":"SMITH"},{"floor":23,"key":"REST"},{"floor":25,"key":"REST"},{"floor":28,"key":"REST"},{"data":"J.A.X.","floor":32,"key":"SMITH"},{"floor":40,"key":"REST"},{"floor":42,"key":"REST"}],"neow_cost":"NONE","seed_source_timestamp":1570255748277336,"circlet_count":0,"master_deck":["Defend_G","Defend_G","Defend_G","Defend_G","Defend_G","Strike_G","Strike_G+1","Strike_G+1","Strike_G","Strike_G+1","Survivor","Neutralize","Footwork+1","Dagger Throw+1","Dash","Well Laid Plans","Blur+1","Catalyst","Quick Slash","Poisoned Stab+1","Flechettes+1","Flying Knee+1","J.A.X.+1","Acrobatics","Burst","Normality","Doubt","Regret","Quick Slash+1","Distraction+1","Bandage Up","Heel Hook+1","Envenom","Deadly Poison+1","Deflect+1","Bandage Up","Cloak And Dagger"],"relics":["Ring of the Snake","Art of War","Whetstone","Boot","Sozu","Du-Vu Doll","Bag of Marbles","Vajra","Calling Bell","Gambling Chip","Omamori","Blue Candle","Incense Burner","Dream Catcher","Singing Bowl","Centennial Puzzle","Strawberry","Ornamental Fan"],"potions_floor_usage":[1,2,2,7,13],"damage_taken":[{"damage":2,"enemies":"Cultist","floor":1,"turns":5},{"damage":1,"enemies":"Jaw Worm","floor":2,"turns":3},{"damage":2,"enemies":"Small Slimes","floor":4,"turns":4},{"damage":0,"enemies":"2 Fungi Beasts","floor":7,"turns":3},{"damage":9,"enemies":"Exordium Wildlife","floor":10,"turns":3},{"damage":2,"enemies":"Large Slime","floor":13,"turns":9},{"damage":3,"enemies":"3 Louse","floor":14,"turns":3},{"damage":38,"enemies":"The Guardian","floor":16,"turns":13},{"damage":0,"enemies":"Spheric Guardian","floor":18,"turns":4},{"damage":0,"enemies":"Chosen","floor":22,"turns":4},{"damage":33,"enemies":"Gremlin Leader","floor":24,"turns":10},{"damage":34,"enemies":"Book of Stabbing","floor":27,"turns":5},{"damage":10,"enemies":"Snecko","floor":31,"turns":4},{"damage":74,"enemies":"Automaton","floor":33,"turns":11},{"damage":7,"enemies":"Orb Walker","floor":35,"turns":2},{"damage":14,"enemies":"Flame Bruiser 1 Orb","floor":36,"turns":5},{"damage":62,"floor":38,"turns":5},{"damage":7,"enemies":"Nemesis","floor":41,"turns":7},{"damage":14,"enemies":"Sphere and 2 Shapes","floor":44,"turns":4},{"damage":49,"enemies":"2 Orb Walkers","floor":45,"turns":5},{"damage":17,"enemies":"Spire Growth","floor":47,"turns":3}],"seed_played":"6566014674235228939","potions_obtained":[{"floor":0,"key":"LiquidBronze"},{"floor":0,"key":"Fruit Juice"},{"floor":0,"key":"SkillPotion"},{"floor":1,"key":"Regen Potion"},{"floor":2,"key":"SpeedPotion"},{"floor":4,"key":"LiquidBronze"}],"is_trial":false,"path_per_floor":["M","M","T","M","?","R","M","?","T","M","?","R","M","M","R","B",null,"M","?","?","?","M","R","E","R","T","E","R","?","?","M","R","B",null,"M","M","?","?","?","R","E","R","T","M","E","$"],"character_chosen":"THE_SILENT","items_purchased":["Strawberry","Bandage Up","Cloak And Dagger","Ornamental Fan"],"campfire_rested":6,"item_purchase_floors":[46,46,46,46],"current_hp_per_floor":[73,72,72,70,55,75,75,75,75,66,59,59,72,69,69,31,75,75,61,61,61,61,80,47,71,71,37,61,90,90,80,80,6,90,83,69,69,7,7,34,31,58,58,50,5,12,0],"gold":4,"neow_bonus":"THREE_SMALL_POTIONS","is_prod":false,"is_daily":false,"chose_seed":false,"campfire_upgraded":3,"win_rate":0,"timestamp":1534271889,"path_taken":["M","?","?","?","?","R","?","?","T","M","?","R","M","M","R","BOSS","M","?","?","?","M","R","E","R","T","E","R","?","?","M","R","BOSS","M","M","?","?","?","R","E","R","T","M","E","$","M"],"build_version":"2018-08-09","purchased_purges":1,"victory":false,"max_hp_per_floor":[75,75,75,75,75,75,75,75,75,75,75,75,75,75,75,75,75,75,80,80,80,80,80,80,80,80,80,80,90,90,90,90,90,90,90,90,90,90,90,90,90,90,90,92,92,99,99],"card_choices":[{"not_picked":["Riddle With Holes","Outmaneuver"],"picked":"Footwork","floor":1},{"not_picked":["Backflip","Predator"],"picked":"Dagger Throw","floor":2},{"not_picked":["Flying Knee","Leg Sweep"],"picked":"Dash","floor":4},{"not_picked":["Catalyst","Eviscerate"],"picked":"Well Laid Plans","floor":7},{"not_picked":["Wraith Form v2","Cloak And Dagger"],"picked":"Blur","floor":10},{"not_picked":["Tactician","Quick Slash"],"picked":"Catalyst","floor":13},{"not_picked":["Expertise","Well Laid Plans"],"picked":"Quick Slash","floor":14},{"not_picked":["Venomology","Wraith Form v2"],"picked":"Phantasmal Killer","floor":16},{"not_picked":["Flying Knee","Underhanded Strike"],"picked":"Poisoned Stab+1","floor":18},{"not_picked":["Flying Knee","Underhanded Strike"],"picked":"Flechettes+1","floor":22},{"not_picked":["Outmaneuver","Finisher"],"picked":"Flying Knee+1","floor":24},{"not_picked":["Endless Agony","Dagger Throw"],"picked":"Masterful Stab","floor":27},{"not_picked":["Doppelganger","Flying Knee"],"picked":"Acrobatics","floor":31},{"not_picked":["Night Terror","A Thousand Cuts"],"picked":"Burst","floor":33},{"not_picked":["Underhanded Strike","Outmaneuver+1"],"picked":"Quick Slash+1","floor":35},{"not_picked":["Dodge and Roll","Quick Slash"],"picked":"Distraction+1","floor":36},{"not_picked":["Blind","Enlightenment"],"picked":"Bandage Up","floor":37},{"not_picked":["Riddle With Holes","Escape Plan"],"picked":"Heel Hook+1","floor":38},{"not_picked":["Expertise+1","Bouncing Flask"],"picked":"Envenom","floor":41},{"not_picked":["Masterful Stab+1","Dagger Spray+1"],"picked":"Deadly Poison+1","floor":42},{"not_picked":["Dagger Throw+1","Prepared+1","Cloak And Dagger"],"picked":"Singing Bowl","floor":44},{"not_picked":["Slice","After Image"],"picked":"Deflect+1","floor":45}],"player_experience":205001,"relics_obtained":[{"floor":3,"key":"Art of War"},{"floor":9,"key":"Whetstone"},{"floor":24,"key":"Du-Vu Doll"},{"floor":26,"key":"Bag of Marbles"},{"floor":27,"key":"Vajra"},{"floor":34,"key":"Gambling Chip"},{"floor":34,"key":"Omamori"},{"floor":34,"key":"Blue Candle"},{"floor":38,"key":"Incense Burner"},{"floor":41,"key":"Dream Catcher"},{"floor":43,"key":"Singing Bowl"},{"floor":45,"key":"Centennial Puzzle"}],"event_choices":[{"event_name":"Shining Light","player_choice":"Entered Light","floor":5,"damage_taken":0},{"event_name":"The Cleric","player_choice":"Leave","floor":8,"damage_taken":0},{"event_name":"Scrap Ooze","player_choice":"success","floor":11,"damage_taken":7},{"event_name":"Forgotten Altar","player_choice":"Shed Blood","floor":19,"damage_taken":0},{"event_name":"The Woman in Blue","player_choice":"Bought 0 Potions","floor":20,"damage_taken":0},{"event_name":"The Joust","player_choice":"Bet on Murderer","floor":21,"damage_taken":0},{"event_name":"Bonfire Elementals","player_choice":"RARE","floor":29,"damage_taken":0},{"event_name":"Drug Dealer","player_choice":"Got JAXXED","floor":30,"damage_taken":0},{"event_name":"SensoryStone","player_choice":"Memory 1","floor":37,"damage_taken":0},{"event_name":"Mysterious Sphere","player_choice":"Fight","floor":38,"damage_taken":0},{"event_name":"The Lab","player_choice":"Got Potions","floor":39,"damage_taken":0}],"is_beta":false,"boss_relics":[{"not_picked":["Philosopher\u0027s Stone","Empty Cage"],"picked":"Sozu"},{"not_picked":["White Beast Statue","Astrolabe"],"picked":"Calling Bell"}],"items_purged_floors":[46],"is_endless":false,"potions_floor_spawned":[1,2,4,22,24,31,35,36,45],"killed_by":"Spire Growth","ascension_level":2}