{"gold_per_floor":[118,68,68,68,68,98,108,123,123,140,158,158,174,189,189,290,290,245,245,245,245],"floor_reached":21,"playtime":1248,"items_purged":[],"score":315,"play_id":"2a991e83-67bd-4f08-9291-e6399e214d9f","local_time":"20190825155902","is_ascension_mode":true,"campfire_choices":[{"data":"Searing Blow","floor":12,"key":"SMITH"},{"data":"Searing Blow+1","floor":15,"key":"SMITH"}],"neow_cost":"NONE","seed_source_timestamp":497206765875000,"circlet_count":0,"master_deck":["AscendersBane","Strike_R","Strike_R+1","Strike_R+1","Strike_R","Defend_R","Defend_R","Defend_R","Defend_R","Bash","Flame Barrier","Decay","Juggernaut","Infernal Blade","Headbutt","Shrug It Off","Searing Blow+2","Armaments","Ghostly Armor","Iron Wave","Seeing Red","Shrug It Off","Hemokinesis","Immolate","Entrench","Battle Trance","Metallicize","Combust+1","Seeing Red","Shrug It Off"],"relics":["Burning Blood","NeowsBlessing","Prayer Wheel","Bottled Flame","Ectoplasm"],"potions_floor_usage":[16,16,16,18,21],"damage_taken":[{"damage":0,"enemies":"2 Louse","floor":1,"turns":1},{"damage":0,"enemies":"Gremlin Nob","floor":6,"turns":1},{"damage":0,"enemies":"Small Slimes","floor":7,"turns":1},{"damage":2,"enemies":"Cultist","floor":8,"turns":4},{"damage":3,"enemies":"2 Fungi Beasts","floor":10,"turns":4},{"damage":13,"enemies":"Red Slaver","floor":11,"turns":4},{"damage":6,"enemies":"Looter","floor":13,"turns":3},{"damage":9,"enemies":"2 Fungi Beasts","floor":14,"turns":4},{"damage":74,"enemies":"Hexaghost","floor":16,"turns":10},{"damage":12,"enemies":"2 Thieves","floor":18,"turns":4},{"damage":10,"enemies":"Chosen","floor":19,"turns":5},{"damage":50,"enemies":"Snake Plant","floor":20,"turns":4},{"damage":14,"enemies":"3 Cultists","floor":21,"turns":5}],"seed_played":"-8786258365856056437","potions_obtained":[{"floor":7,"key":"FearPotion"},{"floor":8,"key":"BloodPotion"},{"floor":11,"key":"Strength Potion"},{"floor":16,"key":"SteroidPotion"},{"floor":18,"key":"Dexterity Potion"}],"is_trial":false,"path_per_floor":["M","?","?","?","$","E","M","M","T","M","M","R","M","M","R","B",null,"M","M","M","M"],"character_chosen":"IRONCLAD","items_purchased":[],"campfire_rested":0,"item_purchase_floors":[],"current_hp_per_floor":[78,78,62,62,62,68,74,78,78,80,73,73,73,70,70,22,66,60,56,12,0],"gold":245,"neow_bonus":"THREE_ENEMY_KILL","is_prod":false,"is_daily":false,"chose_seed":false,"campfire_upgraded":2,"win_rate":0,"timestamp":1566773942,"path_taken":["M","?","?","?","$","E","M","M","T","M","M","R","M","M","R","BOSS","M","M","M","?"],"build_version":"2019-07-17","purchased_purges":0,"victory":false,"max_hp_per_floor":[80,80,80,80,80,80,80,80,80,80,80,80,80,80,80,80,80,80,80,80,80],"card_choices":[{"not_picked":["Pommel Strike","Sword Boomerang"],"picked":"Flame Barrier","floor":1},{"not_picked":["Perfected Strike","Intimidate"],"picked":"Juggernaut","floor":6},{"not_picked":["Heavy Blade","Fire Breathing","Dual Wield"],"picked":"SKIP","floor":7},{"not_picked":["Thunderclap","True Grit","Flex"],"picked":"SKIP","floor":7},{"not_picked":["Perfected Strike","True Grit"],"picked":"Infernal Blade","floor":8},{"not_picked":["Thunderclap","Dual Wield"],"picked":"Headbutt","floor":8},{"not_picked":["Seeing Red","Armaments"],"picked":"Shrug It Off","floor":10},{"not_picked":["Clash","Second Wind"],"picked":"Searing Blow","floor":10},{"not_picked":["Clash","True Grit"],"picked":"Armaments","floor":11},{"not_picked":["Warcry","Reckless Charge"],"picked":"Ghostly Armor","floor":11},{"not_picked":["Havoc","Hemokinesis"],"picked":"Iron Wave","floor":13},{"not_picked":["Burning Pact","Flex"],"picked":"Seeing Red","floor":13},{"not_picked":["Pummel","Sentinel"],"picked":"Shrug It Off","floor":14},{"not_picked":["Double Tap","Havoc"],"picked":"Hemokinesis","floor":14},{"not_picked":["Reaper","Fiend Fire"],"picked":"Immolate","floor":16},{"not_picked":["Bloodletting","Sever Soul+1"],"picked":"Entrench","floor":18},{"not_picked":["Sword Boomerang","Twin Strike"],"picked":"Battle Trance","floor":18},{"not_picked":["Sword Boomerang","Fire Breathing+1"],"picked":"Metallicize","floor":19},{"not_picked":["Rage","Cleave"],"picked":"Combust+1","floor":19},{"not_picked":["Intimidate+1","Twin Strike"],"picked":"Seeing Red","floor":20},{"not_picked":["Evolve+1","Uppercut"],"picked":"Shrug It Off","floor":20}],"player_experience":176432,"relics_obtained":[{"floor":6,"key":"Prayer Wheel"},{"floor":9,"key":"Bottled Flame"}],"event_choices":[{"cards_removed":["Strike_R"],"damage_healed":0,"gold_gain":0,"player_choice":"Card Removal","damage_taken":0,"max_hp_gain":0,"max_hp_loss":0,"event_name":"The Cleric","floor":2,"gold_loss":50},{"damage_healed":0,"gold_gain":0,"player_choice":"Entered Light","damage_taken":16,"max_hp_gain":0,"max_hp_loss":0,"event_name":"Shining Light","floor":3,"gold_loss":0,"cards_upgraded":["Strike_R","Strike_R"]},{"damage_healed":0,"gold_gain":0,"player_choice":"Cursed","damage_taken":0,"max_hp_gain":0,"max_hp_loss":0,"event_name":"Wheel of Change","floor":4,"gold_loss":0,"cards_obtained":["Decay"]}],"is_beta":false,"boss_relics":[{"not_picked":["Runic Pyramid","Black Star"],"picked":"Ectoplasm"}],"items_purged_floors":[],"is_endless":false,"potions_floor_spawned":[7,8,11,13,16,18],"killed_by":"3 Cultists","ascension_level":10}