{"gold_per_floor":[119,119,129,139,154,154,181,191,266,284,309,323,323,333,333,407,407,425,7,7,7,24,51,51,77,77,89,105,122,134,134,134,210,210,221,12,26,26,41,41,92,118,144,144,244,29,29,46,46,46],"floor_reached":51,"playtime":3330,"items_purged":[],"score":1462,"play_id":"7d421989-0221-408d-8b7c-3618b01f01fe","local_time":"20190830114312","is_ascension_mode":true,"campfire_choices":[{"data":"Immolate","floor":6,"key":"SMITH"},{"data":"Feel No Pain","floor":13,"key":"SMITH"},{"data":"Brutality","floor":15,"key":"SMITH"},{"data":"Corruption","floor":24,"key":"SMITH"},{"floor":32,"key":"REST"},{"floor":40,"key":"REST"},{"floor":44,"key":"REST"},{"floor":49,"key":"REST"}],"neow_cost":"NONE","seed_source_timestamp":911757570654400,"circlet_count":0,"master_deck":["AscendersBane","Bash","Shrug It Off","Feel No Pain+1","Pommel Strike","Immolate+1","Evolve","Infernal Blade","Brutality+1","Offering","Sentinel","Corruption+1","Seeing Red","Dual Wield","Intimidate","Carnage+1","Metallicize","Bloodletting","Body Slam","Rupture","Jack Of All Trades","Seeing Red+1","Flame Barrier+1","Armaments+1","Dark Embrace","Intimidate","Offering","Body Slam","Blade Dance","Blade Dance+1","Turbo","Conserve Battery","Secret Technique","Body Slam","Apotheosis","Magnetism","Panacea"],"relics":["Burning Blood","Centennial Puzzle","Pear","Bottled Tornado","FossilizedHelix","Pandora\u0027s Box","Strange Spoon","Smiling Mask","Whetstone","Ginger","Sozu","PrismaticShard","Ancient Tea Set","Regal Pillow","Prayer Wheel"],"potions_floor_usage":[11,11,16,16,16,16,30,33],"damage_taken":[{"damage":1,"enemies":"Small Slimes","floor":1,"turns":4},{"damage":1,"enemies":"2 Louse","floor":3,"turns":4},{"damage":2,"enemies":"Jaw Worm","floor":4,"turns":4},{"damage":3,"enemies":"Blue Slaver","floor":5,"turns":5},{"damage":25,"enemies":"3 Sentries","floor":7,"turns":6},{"damage":3,"enemies":"Lots of Slimes","floor":8,"turns":2},{"damage":4,"enemies":"3 Louse","floor":10,"turns":4},{"damage":24,"enemies":"Gremlin Nob","floor":11,"turns":4},{"damage":0,"enemies":"Blue Slaver","floor":12,"turns":3},{"damage":0,"enemies":"Looter","floor":14,"turns":3},{"damage":24,"enemies":"Slime Boss","floor":16,"turns":9},{"damage":10,"enemies":"Shell Parasite","floor":18,"turns":3},{"damage":4,"enemies":"3 Byrds","floor":22,"turns":5},{"damage":19,"enemies":"Gremlin Leader","floor":23,"turns":3},{"damage":16,"enemies":"Shelled Parasite and Fungi","floor":27,"turns":2},{"damage":14,"enemies":"Snecko","floor":28,"turns":4},{"damage":19,"enemies":"Snake Plant","floor":29,"turns":3},{"damage":10,"enemies":"Centurion and Healer","floor":30,"turns":2},{"damage":23,"enemies":"Champ","floor":33,"turns":7},{"damage":7,"enemies":"Orb Walker","floor":35,"turns":2},{"damage":16,"enemies":"3 Darklings","floor":37,"turns":2},{"damage":17,"enemies":"4 Shapes","floor":39,"turns":4},{"damage":21,"enemies":"Jaw Worm Horde","floor":41,"turns":4},{"damage":45,"enemies":"Nemesis","floor":42,"turns":5},{"damage":7,"enemies":"Mind Bloom Boss Battle","floor":45,"turns":3},{"damage":8,"enemies":"Sphere and 2 Shapes","floor":48,"turns":3},{"damage":26,"enemies":"Donu and Deca","floor":50,"turns":3}],"seed_played":"5316259989790606160","potions_obtained":[{"floor":4,"key":"PowerPotion"},{"floor":8,"key":"Explosive Potion"},{"floor":10,"key":"Regen Potion"},{"floor":11,"key":"SkillPotion"},{"floor":12,"key":"EntropicBrew"},{"floor":27,"key":"PowerPotion"},{"floor":29,"key":"Ancient Potion"}],"is_trial":false,"path_per_floor":["M","?","M","M","M","R","E","M","T","M","E","M","R","M","R","B",null,"M","$","?","?","M","E","R","T","T","M","M","M","M","?","R","B",null,"M","$","M","$","M","R","M","E","T","R","?","$","?","M","R","B",null],"character_chosen":"IRONCLAD","items_purchased":["Strange Spoon","Body Slam","Rupture","Jack Of All Trades","PrismaticShard","Secret Technique","Body Slam"],"campfire_rested":4,"item_purchase_floors":[19,19,19,19,36,46,46],"current_hp_per_floor":[73,78,80,80,80,80,71,74,74,76,70,76,76,82,82,64,84,80,80,80,80,82,69,69,69,69,59,51,38,34,34,61,44,79,78,78,68,68,57,84,69,30,30,72,71,71,61,59,90,70],"gold":46,"neow_bonus":"RANDOM_COMMON_RELIC","is_prod":false,"is_daily":false,"chose_seed":false,"campfire_upgraded":4,"win_rate":0,"timestamp":1567190592,"path_taken":["M","?","M","M","M","R","E","M","T","M","E","M","R","M","R","BOSS","M","$","?","?","M","E","R","?","T","?","M","M","M","?","R","BOSS","M","$","M","?","M","R","M","E","T","R","?","$","?","M","R","BOSS"],"build_version":"2019-07-17","purchased_purges":0,"victory":true,"max_hp_per_floor":[75,80,80,80,80,80,90,90,90,90,90,90,90,90,90,90,90,90,90,90,90,90,90,90,90,90,90,90,90,90,90,90,90,90,90,90,90,90,90,90,90,90,90,90,90,90,90,90,90,90],"card_choices":[{"not_picked":["Twin Strike","Dual Wield"],"picked":"Shrug It Off","floor":1},{"not_picked":["Ghostly Armor","True Grit"],"picked":"Feel No Pain","floor":3},{"not_picked":["Rupture","Twin Strike"],"picked":"Pommel Strike","floor":4},{"not_picked":["Flame Barrier","Thunderclap"],"picked":"Immolate","floor":5},{"not_picked":["Blood for Blood","Cleave","Bloodletting"],"picked":"SKIP","floor":7},{"not_picked":["Anger","Pummel"],"picked":"Evolve","floor":8},{"not_picked":["Twin Strike","Pommel Strike","Iron Wave"],"picked":"SKIP","floor":10},{"not_picked":["Inflame","Shrug It Off"],"picked":"Infernal Blade","floor":11},{"not_picked":["Cleave","Searing Blow","Clash"],"picked":"SKIP","floor":12},{"not_picked":["Heavy Blade","Anger"],"picked":"Brutality","floor":14},{"not_picked":["Impervious","Exhume"],"picked":"Offering","floor":16},{"not_picked":["Headbutt","Cleave","Dropkick"],"picked":"SKIP","floor":18},{"not_picked":["Ghostly Armor","Warcry"],"picked":"Seeing Red+1","floor":22},{"not_picked":["Sword Boomerang","Double Tap"],"picked":"Flame Barrier+1","floor":23},{"not_picked":["Headbutt","Sword Boomerang","Wild Strike"],"picked":"SKIP","floor":27},{"not_picked":["Sentinel","Clothesline"],"picked":"Armaments+1","floor":28},{"not_picked":["Wild Strike","Iron Wave"],"picked":"Dark Embrace","floor":29},{"not_picked":["Iron Wave","True Grit"],"picked":"Intimidate","floor":30},{"not_picked":["Berserk","Fiend Fire"],"picked":"Offering","floor":33},{"not_picked":["Heavy Blade+1","Headbutt"],"picked":"Body Slam","floor":35},{"not_picked":["Beam Cell","Streamline"],"picked":"Blade Dance","floor":37},{"not_picked":["Dagger Spray","Fission","Reckless Charge"],"picked":"SKIP","floor":39},{"not_picked":["Poisoned Stab","Iron Wave"],"picked":"Blade Dance+1","floor":41},{"not_picked":["Stack","Predator"],"picked":"Turbo","floor":42},{"not_picked":["Stack","Sweeping Beam"],"picked":"Conserve Battery","floor":45},{"not_picked":["Madness","Secret Weapon"],"picked":"Apotheosis","floor":47},{"not_picked":["Swift Strike","Dramatic Entrance"],"picked":"Magnetism","floor":47},{"not_picked":["Forethought","Metamorphosis"],"picked":"Panacea","floor":47},{"not_picked":["Headbutt","Pommel Strike","Scrape"],"picked":"SKIP","floor":48},{"not_picked":["Havoc","Anger","Perfected Strike"],"picked":"SKIP","floor":48}],"player_experience":316238,"relics_obtained":[{"floor":7,"key":"Pear"},{"floor":9,"key":"Bottled Tornado"},{"floor":11,"key":"FossilizedHelix"},{"floor":23,"key":"Smiling Mask"},{"floor":25,"key":"Whetstone"},{"floor":26,"key":"Ginger"},{"floor":42,"key":"Ancient Tea Set"},{"floor":43,"key":"Regal Pillow"},{"floor":45,"key":"Prayer Wheel"}],"event_choices":[{"damage_healed":0,"gold_gain":0,"player_choice":"Donut","damage_taken":0,"max_hp_gain":5,"max_hp_loss":0,"event_name":"Big Fish","floor":2,"gold_loss":0},{"damage_healed":0,"gold_gain":0,"player_choice":"Ignored","damage_taken":0,"max_hp_gain":0,"max_hp_loss":0,"event_name":"Ghosts","floor":20,"gold_loss":0},{"damage_healed":0,"gold_gain":0,"player_choice":"Ignored","damage_taken":0,"max_hp_gain":0,"max_hp_loss":0,"event_name":"Vampires","floor":21,"gold_loss":0},{"cards_removed":["Heavy Blade"],"damage_healed":0,"gold_gain":0,"player_choice":"Purged","damage_taken":0,"max_hp_gain":0,"max_hp_loss":0,"event_name":"Purifier","floor":31,"gold_loss":0},{"damage_healed":0,"gold_gain":0,"player_choice":"Fight","damage_taken":0,"max_hp_gain":0,"max_hp_loss":0,"event_name":"MindBloom","floor":45,"gold_loss":0},{"damage_healed":0,"gold_gain":0,"player_choice":"Memory 3","damage_taken":10,"max_hp_gain":0,"max_hp_loss":0,"event_name":"SensoryStone","floor":47,"gold_loss":0}],"is_beta":false,"boss_relics":[{"not_picked":["Calling Bell","Coffee Dripper"],"picked":"Pandora\u0027s Box"},{"not_picked":["Philosopher\u0027s Stone","Runic Pyramid"],"picked":"Sozu"}],"items_purged_floors":[],"is_endless":false,"potions_floor_spawned":[4,8,10,11,12,14,27,29,35,39,45],"ascension_level":17}