{"gold_per_floor":[215,215,59,69,34,34,62,72,72,102,102,102,66,124,124,228,228,247,48,66,80,80,109,109,109,135,135,135,135,65,85,85,85],"floor_reached":33,"playtime":1822,"items_purged":["Decay"],"score":294,"play_id":"249d6ab1-ef1b-406b-8ac6-bf9b1f4dd2c6","local_time":"20190821183948","is_ascension_mode":false,"campfire_choices":[{"data":"Noxious Fumes","floor":6,"key":"SMITH"},{"data":"Crippling Poison","floor":12,"key":"SMITH"},{"floor":15,"key":"REST"},{"floor":24,"key":"REST"},{"floor":29,"key":"REST"},{"floor":32,"key":"REST"}],"neow_cost":"NONE","seed_source_timestamp":562018932121100,"circlet_count":0,"master_deck":["Defend_G","Defend_G","Defend_G","Defend_G","Defend_G","Survivor","Neutralize","Crippling Poison+1","Infinite Blades","Bane","Noxious Fumes+1","All Out Attack","Blur","A Thousand Cuts","Catalyst","Flying Knee","Adrenaline","Backstab+1","Poisoned Stab","Deadly Poison","Poisoned Stab+1","Bite","Bite","Bite","Bite","Bite","Flechettes","RitualDagger","Necronomicurse","All Out Attack","Blade Dance"],"relics":["Ring of the Snake","Tingsha","Ninja Scroll","Bronze Scales","Dodecahedron","WristBlade","Anchor","Frozen Egg 2","Oddly Smooth Stone","Matryoshka","Necronomicon"],"potions_floor_usage":[23,23],"damage_taken":[{"damage":5,"enemies":"Small Slimes","floor":1,"turns":4},{"damage":1,"enemies":"Cultist","floor":4,"turns":4},{"damage":6,"enemies":"Gremlin Nob","floor":7,"turns":4},{"damage":1,"enemies":"2 Louse","floor":8,"turns":2},{"damage":16,"enemies":"Lagavulin","floor":10,"turns":6},{"damage":23,"enemies":"3 Sentries","floor":14,"turns":5},{"damage":23,"enemies":"The Guardian","floor":16,"turns":8},{"damage":0,"enemies":"3 Byrds","floor":18,"turns":2},{"damage":0,"enemies":"2 Thieves","floor":20,"turns":2},{"damage":0,"enemies":"Cultist and Chosen","floor":21,"turns":4},{"damage":31,"enemies":"Book of Stabbing","floor":23,"turns":5},{"damage":21,"enemies":"Snake Plant","floor":31,"turns":3},{"damage":73,"enemies":"Collector","floor":33,"turns":6}],"seed_played":"3532797373885747997","potions_obtained":[{"floor":8,"key":"Weak Potion"},{"floor":10,"key":"Regen Potion"},{"floor":14,"key":"FearPotion"},{"floor":18,"key":"LiquidBronze"},{"floor":23,"key":"SmokeBomb"}],"is_trial":false,"path_per_floor":["M","?","$","M","$","R","E","M","T","E","?","R","$","?","R","B",null,"M","$","M","M","?","E","R","?","T","T","?","R","$","M","R","B"],"character_chosen":"THE_SILENT","items_purchased":["Infinite Blades","Noxious Fumes","Catalyst","Anchor","Poisoned Stab","All Out Attack"],"campfire_rested":4,"item_purchase_floors":[3,5,13,19,19,30],"current_hp_per_floor":[65,65,65,64,64,64,58,57,57,41,46,46,46,23,45,22,75,75,75,75,75,52,30,45,39,39,39,23,38,38,27,42,0],"gold":85,"neow_bonus":"HUNDRED_GOLD","is_prod":false,"is_daily":false,"chose_seed":false,"campfire_upgraded":2,"win_rate":0.0,"timestamp":1566437988,"path_taken":["M","?","$","?","?","R","E","M","T","E","?","R","$","?","R","BOSS","M","$","M","M","?","E","R","?","T","?","?","R","?","?","R","BOSS"],"build_version":"2019-07-17","purchased_purges":1,"victory":false,"max_hp_per_floor":[70,70,70,70,70,70,70,70,70,70,75,75,75,75,75,75,75,75,75,75,75,52,52,52,52,52,52,52,52,52,52,52,52],"card_choices":[{"not_picked":["Backflip","Bane"],"picked":"Crippling Poison","floor":1},{"not_picked":["Terror","Expertise"],"picked":"Bane","floor":4},{"not_picked":["Dodge and Roll","Bane"],"picked":"All Out Attack","floor":7},{"not_picked":["Riddle With Holes","Caltrops"],"picked":"Blur","floor":8},{"not_picked":["Dagger Throw","Eviscerate"],"picked":"A Thousand Cuts","floor":10},{"not_picked":["Eviscerate","Dodge and Roll"],"picked":"Flying Knee","floor":14},{"not_picked":["Venomology","Glass Knife"],"picked":"Adrenaline","floor":16},{"not_picked":["Bane+1","Acrobatics"],"picked":"Backstab+1","floor":18},{"not_picked":["Dodge and Roll","Prepared"],"picked":"Deadly Poison","floor":20},{"not_picked":["Dagger Throw","Prepared"],"picked":"Poisoned Stab+1","floor":21},{"not_picked":["Prepared","Masterful Stab"],"picked":"Flechettes","floor":23},{"not_picked":["Skewer+1","Flying Knee"],"picked":"Blade Dance","floor":31}],"player_experience":12791,"relics_obtained":[{"floor":7,"key":"Tingsha"},{"floor":9,"key":"Ninja Scroll"},{"floor":10,"key":"Bronze Scales"},{"floor":14,"key":"Dodecahedron"},{"floor":23,"key":"Frozen Egg 2"},{"floor":26,"key":"Oddly Smooth Stone"},{"floor":27,"key":"Matryoshka"},{"floor":28,"key":"Necronomicon"}],"event_choices":[{"damage_healed":0,"gold_gain":0,"player_choice":"Cursed","damage_taken":0,"max_hp_gain":0,"max_hp_loss":0,"event_name":"Wheel of Change","floor":2,"gold_loss":0,"cards_obtained":["Decay"]},{"damage_healed":0,"gold_gain":0,"player_choice":"Donut","damage_taken":0,"max_hp_gain":5,"max_hp_loss":0,"event_name":"Big Fish","floor":11,"gold_loss":0},{"damage_healed":0,"gold_gain":0,"player_choice":"Searched \u00271\u0027 times","damage_taken":0,"max_hp_gain":0,"max_hp_loss":0,"event_name":"Dead Adventurer","floor":14,"gold_loss":0},{"damage_healed":0,"gold_gain":0,"player_choice":"Became a vampire","damage_taken":0,"max_hp_gain":0,"max_hp_loss":23,"event_name":"Vampires","floor":22,"gold_loss":0,"cards_obtained":["Bite","Bite","Bite","Bite","Bite"]},{"damage_healed":0,"gold_gain":0,"player_choice":"Joined the Cult","damage_taken":6,"max_hp_gain":0,"max_hp_loss":0,"event_name":"Nest","floor":25,"gold_loss":0,"cards_obtained":["RitualDagger"]},{"damage_healed":0,"gold_gain":0,"player_choice":"Obtained Book","damage_taken":16,"max_hp_gain":0,"max_hp_loss":0,"event_name":"Cursed Tome","floor":28,"gold_loss":0}],"is_beta":false,"boss_relics":[{"not_picked":["Empty Cage","Velvet Choker"],"picked":"WristBlade"}],"items_purged_floors":[3],"is_endless":false,"potions_floor_spawned":[8,10,14,18,21,23],"killed_by":"Collector","ascension_level":0}