{"gold_per_floor":[16,34,84,95,115,150,150,150,150,103,103,138,148,167,167,239,239,258,258,276,276,296,296,307,327,351,351,351,49,61,9,9,9],"floor_reached":33,"playtime":1568,"items_purged":["Shame"],"score":581,"play_id":"c3dd1a43-9241-43dc-bb11-21fb7e8459d7","local_time":"20190829130804","is_ascension_mode":true,"campfire_choices":[{"data":"Armaments","floor":7,"key":"SMITH"},{"data":"Combust","floor":11,"key":"SMITH"},{"floor":15,"key":"REST"},{"data":"Rage","floor":23,"key":"SMITH"},{"floor":28,"key":"REST"},{"floor":32,"key":"REST"}],"neow_cost":"NO_GOLD","seed_source_timestamp":832236221370300,"circlet_count":0,"master_deck":["AscendersBane","Defend_R","Defend_R","Defend_R","Defend_R","Bash","Blind","Trip","Anger","Combust+1","Armaments+1","Anger","Spot Weakness","Rage+1","Limit Break","Headbutt","Bite","Bite","Bite","Bite","Bite","Pommel Strike","Shrug It Off+1","Rampage","Enlightenment","Discovery","Panache","Rupture","Rupture+1","Headbutt"],"relics":["Burning Blood","Darkstone Periapt","Bottled Tornado","Red Skull","Cursed Key","Potion Belt"],"potions_floor_usage":[12,16,16,30,33],"damage_taken":[{"damage":4,"enemies":"Jaw Worm","floor":1,"turns":4},{"damage":4,"enemies":"Cultist","floor":2,"turns":3},{"damage":1,"enemies":"2 Louse","floor":4,"turns":2},{"damage":1,"enemies":"2 Fungi Beasts","floor":5,"turns":4},{"damage":26,"enemies":"Lagavulin","floor":6,"turns":8},{"damage":11,"enemies":"3 Sentries","floor":12,"turns":3},{"damage":0,"enemies":"Looter","floor":13,"turns":2},{"damage":9,"enemies":"Exordium Wildlife","floor":14,"turns":3},{"damage":6,"enemies":"Slime Boss","floor":16,"turns":6},{"damage":6,"enemies":"Chosen","floor":18,"turns":3},{"damage":25,"enemies":"Spheric Guardian","floor":20,"turns":4},{"damage":26,"enemies":"3 Cultists","floor":22,"turns":5},{"damage":28,"enemies":"Snecko","floor":24,"turns":4},{"damage":3,"enemies":"Cultist and Chosen","floor":25,"turns":4},{"damage":11,"enemies":"Chosen and Byrds","floor":30,"turns":3},{"damage":62,"enemies":"Collector","floor":33,"turns":7}],"seed_played":"-3858247837887772699","potions_obtained":[{"floor":2,"key":"PowerPotion"},{"floor":6,"key":"Swift Potion"},{"floor":13,"key":"AttackPotion"},{"floor":18,"key":"LiquidBronze"},{"floor":21,"key":"SkillPotion"},{"floor":21,"key":"SkillPotion"}],"is_trial":false,"path_per_floor":["M","M","?","M","M","E","R","?","T","?","R","E","M","M","R","B",null,"M","?","M","?","M","R","M","M","T","?","R","$","M","$","R","B"],"character_chosen":"IRONCLAD","items_purchased":["Panache","Rupture","Headbutt"],"campfire_rested":3,"item_purchase_floors":[29,29,31],"current_hp_per_floor":[70,72,72,75,75,55,55,32,32,32,32,27,33,30,52,52,69,69,52,39,39,31,31,21,32,38,20,37,37,34,34,51,0],"gold":9,"neow_bonus":"RANDOM_COLORLESS_2","is_prod":false,"is_daily":false,"chose_seed":false,"campfire_upgraded":3,"win_rate":0,"timestamp":1567109284,"path_taken":["M","M","?","?","M","E","R","?","T","?","R","E","M","M","R","BOSS","M","?","M","?","M","R","M","?","T","?","R","$","?","?","R","BOSS"],"build_version":"2019-07-17","purchased_purges":1,"victory":false,"max_hp_per_floor":[75,75,75,75,75,75,75,75,75,75,75,75,75,75,75,75,75,75,52,52,52,52,52,52,52,58,58,58,58,58,58,58,58],"card_choices":[{"not_picked":["Headbutt","Havoc"],"picked":"Anger","floor":1},{"not_picked":["Perfected Strike","Body Slam"],"picked":"Combust","floor":2},{"not_picked":["Seeing Red","Inflame"],"picked":"Armaments","floor":4},{"not_picked":["Pummel","Blood for Blood"],"picked":"Anger","floor":5},{"not_picked":["Berserk","Heavy Blade"],"picked":"Spot Weakness","floor":6},{"not_picked":["Body Slam","Dual Wield","Sword Boomerang"],"picked":"SKIP","floor":12},{"not_picked":["Flex","Offering"],"picked":"Rage","floor":13},{"not_picked":["Entrench","Anger","Sever Soul"],"picked":"SKIP","floor":14},{"not_picked":["Immolate","Exhume"],"picked":"Limit Break","floor":16},{"not_picked":["Evolve","Fire Breathing"],"picked":"Headbutt","floor":18},{"not_picked":["True Grit","Anger"],"picked":"Pommel Strike","floor":20},{"not_picked":["Clothesline","Headbutt"],"picked":"Shrug It Off+1","floor":22},{"not_picked":["Iron Wave","Cleave+1","Fiend Fire"],"picked":"SKIP","floor":24},{"not_picked":["Corruption","Iron Wave"],"picked":"Rampage","floor":25},{"not_picked":["Armaments","Evolve"],"picked":"Rupture+1","floor":30}],"player_experience":292207,"relics_obtained":[{"floor":6,"key":"Darkstone Periapt"},{"floor":9,"key":"Bottled Tornado"},{"floor":12,"key":"Red Skull"},{"floor":26,"key":"Potion Belt"}],"event_choices":[{"damage_healed":0,"gold_gain":50,"player_choice":"Pray","damage_taken":0,"max_hp_gain":0,"max_hp_loss":0,"event_name":"Golden Shrine","floor":3,"gold_loss":0},{"damage_healed":0,"gold_gain":0,"player_choice":"Entered Light","damage_taken":23,"max_hp_gain":0,"max_hp_loss":0,"event_name":"Shining Light","floor":8,"gold_loss":0,"cards_upgraded":["Strike_R","Strike_R"]},{"damage_healed":0,"gold_gain":0,"player_choice":"Left Gold","damage_taken":0,"max_hp_gain":0,"max_hp_loss":0,"event_name":"World of Goop","floor":10,"gold_loss":47},{"damage_healed":0,"gold_gain":0,"player_choice":"Became a vampire","damage_taken":0,"max_hp_gain":0,"max_hp_loss":23,"event_name":"Vampires","floor":19,"gold_loss":0,"cards_obtained":["Bite","Bite","Bite","Bite","Bite"]},{"damage_healed":0,"gold_gain":0,"player_choice":"Got Potions","damage_taken":0,"max_hp_gain":0,"max_hp_loss":0,"event_name":"Lab","floor":21,"gold_loss":0},{"damage_healed":0,"gold_gain":0,"player_choice":"CARD CARD ","damage_taken":18,"max_hp_gain":0,"max_hp_loss":0,"event_name":"Knowing Skull","floor":27,"potions_obtained":[],"gold_loss":0,"cards_obtained":["Enlightenment","Discovery"]}],"is_beta":false,"boss_relics":[{"not_picked":["Busted Crown","Philosopher\u0027s Stone"],"picked":"Cursed Key"}],"items_purged_floors":[29],"is_endless":false,"potions_floor_spawned":[2,6,13,14,18,24,25],"killed_by":"Collector","ascension_level":16}