{"gold_per_floor":[117,192,192,206,223,223,251,265,265,265,1,13,24,38,38,143,143,143,98,98,98,98,98,98,98,98,98,98,98,98,23,23,23,23,23,23,23,23,23,23,0,0,0,0,0,0,0,0,0,0],"floor_reached":51,"playtime":3673,"items_purged":[],"score":965,"play_id":"0cb9390a-125d-4cd1-b817-7d5f9732d373","local_time":"20190825130246","is_ascension_mode":true,"campfire_choices":[{"data":"Uppercut","floor":6,"key":"SMITH"},{"data":"Feed","floor":10,"key":"SMITH"},{"data":"Combust","floor":15,"key":"SMITH"},{"data":"Armaments","floor":24,"key":"SMITH"},{"floor":32,"key":"REST"},{"floor":40,"key":"REST"},{"floor":44,"key":"DIG"},{"floor":46,"key":"DIG"},{"floor":49,"key":"REST"}],"neow_cost":"NONE","seed_source_timestamp":484191769285700,"circlet_count":0,"master_deck":["Strike_R","Strike_R","Strike_R","Defend_R","Defend_R","Defend_R","Defend_R","Bash","Uppercut+1","Evolve","Pummel","Feed+1","Combust+1","Headbutt","Power Through","Immolate","Metallicize+1","Uppercut+1","Armaments+1","Clothesline+1","Wild Strike","Ghostly Armor+1","Juggernaut","Iron Wave+1","Reckless Charge","Seeing Red+1","Parasite"],"relics":["Burning Blood","NeowsBlessing","Pocketwatch","Ginger","Toy Ornithopter","Ectoplasm","Bronze Scales","Ornamental Fan","Regal Pillow","White Beast Statue","Red Mask","Shovel","Bottled Flame","Singing Bowl"],"potions_floor_usage":[13,13,18,21,21,29,29,30,38,42,47,47,50,50,50],"damage_taken":[{"damage":0,"enemies":"2 Louse","floor":1,"turns":1},{"damage":0,"enemies":"Jaw Worm","floor":4,"turns":1},{"damage":0,"enemies":"Cultist","floor":5,"turns":1},{"damage":41,"enemies":"Lagavulin","floor":7,"turns":6},{"damage":9,"enemies":"Red Slaver","floor":8,"turns":4},{"damage":14,"enemies":"3 Louse","floor":12,"turns":4},{"damage":0,"enemies":"Exordium Thugs","floor":13,"turns":5},{"damage":0,"enemies":"Blue Slaver","floor":14,"turns":4},{"damage":32,"enemies":"Slime Boss","floor":16,"turns":10},{"damage":0,"enemies":"Spheric Guardian","floor":18,"turns":3},{"damage":31,"enemies":"2 Thieves","floor":19,"turns":3},{"damage":28,"enemies":"Snake Plant","floor":20,"turns":4},{"damage":3,"enemies":"Shelled Parasite and Fungi","floor":21,"turns":7},{"damage":30,"enemies":"Slavers","floor":23,"turns":4},{"damage":0,"enemies":"Snecko","floor":25,"turns":4},{"damage":4,"enemies":"Centurion and Healer","floor":27,"turns":5},{"damage":34,"enemies":"Shelled Parasite and Fungi","floor":28,"turns":6},{"damage":7,"enemies":"Snake Plant","floor":29,"turns":3},{"damage":6,"enemies":"Sentry and Sphere","floor":30,"turns":4},{"damage":45,"enemies":"Automaton","floor":33,"turns":10},{"damage":1,"enemies":"3 Shapes","floor":35,"turns":1},{"damage":19,"enemies":"3 Darklings","floor":37,"turns":4},{"damage":25,"enemies":"Writhing Mass","floor":38,"turns":6},{"damage":19,"enemies":"Spire Growth","floor":39,"turns":6},{"damage":27,"enemies":"3 Darklings","floor":42,"turns":4},{"damage":15,"enemies":"Writhing Mass","floor":47,"turns":6},{"damage":24,"enemies":"Spire Growth","floor":48,"turns":5},{"damage":113,"enemies":"Time Eater","floor":50,"turns":11}],"seed_played":"-2654062511070241360","potions_obtained":[{"floor":1,"key":"Swift Potion"},{"floor":4,"key":"SpeedPotion"},{"floor":8,"key":"Energy Potion"},{"floor":12,"key":"Regen Potion"},{"floor":13,"key":"GamblersBrew"},{"floor":20,"key":"Block Potion"},{"floor":23,"key":"Dexterity Potion"},{"floor":28,"key":"Strength Potion"},{"floor":29,"key":"PowerPotion"},{"floor":35,"key":"Weak Potion"},{"floor":37,"key":"PowerPotion"},{"floor":38,"key":"LiquidBronze"},{"floor":39,"key":"Ancient Potion"},{"floor":42,"key":"Ancient Potion"},{"floor":47,"key":"BloodPotion"},{"floor":48,"key":"BloodPotion"}],"is_trial":false,"path_per_floor":["M","?","?","M","M","R","E","M","T","R","$","M","M","M","R","B",null,"M","M","M","M","T","E","R","M","T","M","M","M","M","?","R","B",null,"M","?","M","M","M","R","?","M","T","R","$","R","M","M","R","B",null],"character_chosen":"IRONCLAD","items_purchased":["Toy Ornithopter","Combust"],"campfire_rested":3,"item_purchase_floors":[11,11],"current_hp_per_floor":[78,67,60,66,72,72,37,34,34,34,34,30,64,74,74,52,85,96,71,49,66,66,42,42,48,48,54,26,35,40,40,86,51,94,99,99,86,72,59,106,106,90,90,90,90,90,93,77,112,71],"gold":0,"neow_bonus":"THREE_ENEMY_KILL","is_prod":false,"is_daily":false,"chose_seed":false,"campfire_upgraded":4,"win_rate":0,"timestamp":1566763366,"path_taken":["M","?","?","?","M","R","E","M","T","R","$","?","M","M","R","BOSS","M","M","M","M","?","E","R","M","T","?","M","M","M","?","R","BOSS","M","?","M","M","M","R","?","?","T","R","?","R","M","M","R","BOSS"],"build_version":"2019-07-17","purchased_purges":0,"victory":true,"max_hp_per_floor":[80,80,80,80,80,80,80,80,80,80,80,84,88,92,92,96,96,96,96,96,100,100,100,100,100,100,104,104,104,104,104,104,108,108,108,108,108,108,108,108,108,108,108,108,108,108,110,112,112,112],"card_choices":[{"not_picked":["Second Wind","Burning Pact"],"picked":"Uppercut","floor":1},{"not_picked":["Heavy Blade","Thunderclap"],"picked":"Evolve","floor":4},{"not_picked":["Entrench","Shockwave"],"picked":"Pummel","floor":5},{"not_picked":["Headbutt","Warcry"],"picked":"Shrug It Off","floor":7},{"not_picked":["Pommel Strike","Heavy Blade"],"picked":"Feed","floor":8},{"not_picked":["Perfected Strike","Pommel Strike"],"picked":"Headbutt","floor":12},{"not_picked":["Wild Strike","Headbutt"],"picked":"Power Through","floor":13},{"not_picked":["Body Slam","Warcry","Perfected Strike"],"picked":"SKIP","floor":14},{"not_picked":["Brutality","Exhume"],"picked":"Immolate","floor":16},{"not_picked":["Cleave","Twin Strike","Clothesline"],"picked":"SKIP","floor":18},{"not_picked":["Wild Strike","Body Slam+1"],"picked":"Metallicize+1","floor":19},{"not_picked":["Infernal Blade","Rage"],"picked":"Uppercut+1","floor":20},{"not_picked":["Perfected Strike","Sever Soul"],"picked":"Armaments","floor":21},{"not_picked":["Thunderclap","Warcry"],"picked":"Clothesline+1","floor":23},{"not_picked":["Juggernaut","Shrug It Off"],"picked":"Wild Strike","floor":25},{"not_picked":["Clothesline","Bloodletting","Flex"],"picked":"SKIP","floor":27},{"not_picked":["Armaments","Fiend Fire","Cleave"],"picked":"SKIP","floor":28},{"not_picked":["Perfected Strike","Combust","Flex"],"picked":"SKIP","floor":29},{"not_picked":["Brutality","True Grit"],"picked":"Ghostly Armor+1","floor":30},{"not_picked":["Exhume","Reaper"],"picked":"Juggernaut","floor":33},{"not_picked":["Rupture","Pommel Strike+1","Flex"],"picked":"SKIP","floor":35},{"not_picked":["Carnage+1","Twin Strike+1"],"picked":"Iron Wave+1","floor":37},{"not_picked":["Havoc+1","Heavy Blade+1","Clothesline"],"picked":"SKIP","floor":38},{"not_picked":["Pommel Strike+1","Cleave"],"picked":"Reckless Charge","floor":39},{"not_picked":["Twin Strike","Sentinel"],"picked":"Seeing Red+1","floor":42},{"not_picked":["Warcry","Entrench","Feed"],"picked":"Singing Bowl","floor":47},{"not_picked":["Havoc+1","Twin Strike","Pommel Strike+1"],"picked":"Singing Bowl","floor":48}],"player_experience":166187,"relics_obtained":[{"floor":7,"key":"Pocketwatch"},{"floor":9,"key":"Ginger"},{"floor":22,"key":"Bronze Scales"},{"floor":23,"key":"Ornamental Fan"},{"floor":26,"key":"Regal Pillow"},{"floor":43,"key":"Shovel"},{"floor":44,"key":"Bottled Flame"},{"floor":46,"key":"Singing Bowl"}],"event_choices":[{"damage_healed":0,"gold_gain":75,"player_choice":"Gather Gold","damage_taken":11,"max_hp_gain":0,"max_hp_loss":0,"event_name":"World of Goop","floor":2,"gold_loss":0},{"cards_removed":["Strike_R"],"damage_healed":0,"gold_gain":0,"player_choice":"Card Removal","damage_taken":7,"max_hp_gain":0,"max_hp_loss":0,"event_name":"Golden Wing","floor":3,"gold_loss":0},{"cards_removed":["Strike_R"],"damage_healed":0,"gold_gain":0,"player_choice":"Gave Gold","damage_taken":0,"max_hp_gain":0,"max_hp_loss":0,"event_name":"Beggar","floor":31,"gold_loss":75},{"cards_removed":["Shrug It Off"],"damage_healed":0,"gold_gain":0,"player_choice":"Removed Skill","damage_taken":0,"max_hp_gain":0,"max_hp_loss":0,"event_name":"Falling","floor":36,"gold_loss":0},{"damage_healed":0,"gold_gain":0,"player_choice":"Paid","damage_taken":0,"relics_obtained":["Red Mask"],"max_hp_gain":0,"max_hp_loss":0,"event_name":"Tomb of Lord Red Mask","floor":41,"gold_loss":23}],"is_beta":false,"boss_relics":[{"not_picked":["Astrolabe","Black Blood"],"picked":"Ectoplasm"},{"not_picked":["Philosopher\u0027s Stone","Black Star"],"picked":"White Beast Statue"}],"items_purged_floors":[],"is_endless":false,"potions_floor_spawned":[1,4,8,12,13,20,23,28,29,35,37,38,39,42,47,48],"ascension_level":9}