{"gold_per_floor":[113,113,131,10,27,27,46,46,69,82,45,45,63,63,63,164,164,174,194,206,217,217,217,229,98,170,170,190,245,256,256,256,256],"floor_reached":33,"playtime":2617,"items_purged":[],"score":241,"play_id":"1f9b1e6b-fc94-444e-a18e-f03dfe704d71","local_time":"20190824105812","is_ascension_mode":false,"campfire_choices":[{"data":"Blade Dance","floor":6.0,"key":"SMITH"},{"data":"Quick Slash","floor":8.0,"key":"SMITH"},{"floor":12.0,"key":"REST"},{"data":"Bullet Time","floor":15.0,"key":"SMITH"},{"floor":23,"key":"REST"},{"floor":27,"key":"REST"},{"floor":32,"key":"REST"}],"neow_cost":"TEN_PERCENT_HP_LOSS","seed_source_timestamp":0,"circlet_count":0,"master_deck":["Strike_G","Strike_G+1","Strike_G","Strike_G","Strike_G","Defend_G","Defend_G","Defend_G","Defend_G","Defend_G","Survivor","Neutralize+1","Bullet Time+1","Dagger Spray+1","Quick Slash+1","Slice","Good Instincts","Blade Dance+1","Outmaneuver","Sucker Punch","Dodge and Roll","A Thousand Cuts","Quick Slash","Unload","Dash+1","Dagger Spray","Flying Knee","Dash","Blade Dance","Bandage Up","Quick Slash","Tools of the Trade","Backflip+1","Sucker Punch+1"],"special_seed":0,"relics":["Ring of the Snake","Dream Catcher","Runic Pyramid","Anchor","Ninja Scroll","Whetstone"],"potions_floor_usage":[30,33],"damage_taken":[{"damage":4.0,"enemies":"Small Slimes","floor":1.0,"turns":3.0},{"damage":0.0,"enemies":"Cultist","floor":3.0,"turns":4.0},{"damage":4.0,"enemies":"2 Louse","floor":5.0,"turns":3.0},{"damage":2.0,"enemies":"Looter","floor":7.0,"turns":3.0},{"damage":6.0,"enemies":"Gremlin Gang","floor":10.0,"turns":5.0},{"damage":2.0,"enemies":"3 Louse","floor":13.0,"turns":3.0},{"damage":58.0,"enemies":"Hexaghost","floor":16.0,"turns":16.0},{"damage":2.0,"enemies":"Shell Parasite","floor":18.0,"turns":5.0},{"damage":9.0,"enemies":"3 Byrds","floor":19.0,"turns":5.0},{"damage":8,"enemies":"3 Cultists","floor":20,"turns":4},{"damage":29,"enemies":"Snake Plant","floor":21,"turns":6},{"damage":11,"enemies":"Snecko","floor":24,"turns":5},{"damage":12,"enemies":"Shelled Parasite and Fungi","floor":28,"turns":6},{"damage":32,"enemies":"Centurion and Healer","floor":30,"turns":6},{"damage":53,"enemies":"Collector","floor":33,"turns":7}],"seed_played":"-166915179466946643","potions_obtained":[{"floor":1.0,"key":"EssenceOfSteel"},{"floor":5.0,"key":"Block Potion"},{"floor":10.0,"key":"SneckoOil"},{"floor":16.0,"key":"GamblersBrew"},{"floor":19,"key":"GhostInAJar"},{"floor":21,"key":"FearPotion"},{"floor":24,"key":"Energy Potion"}],"is_trial":false,"path_per_floor":["M","?","M","$","M","R","M","R","T","M","?","R","M","?","R","B",null,"M","M","M","M","?","R","M","$","T","R","M","T","M","?","R","B"],"character_chosen":"THE_SILENT","items_purchased":["Slice","Good Instincts","Blade Dance","Bandage Up"],"campfire_rested":4,"item_purchase_floors":[4,4,25,25],"current_hp_per_floor":[59,59,59,59,55,55,53,53,53,47,47,63,61,73,73,15,73,71,62,54,25,25,46,35,35,35,56,48,48,20,20,41,0],"gold":256,"neow_bonus":"THREE_RARE_CARDS","is_prod":false,"is_daily":false,"chose_seed":false,"campfire_upgraded":3,"win_rate":0.0,"timestamp":1566669492,"path_taken":["M","?","M","$","M","R","M","R","T","?","?","R","M","?","R","BOSS","M","?","M","M","?","R","?","$","T","R","M","?","M","?","R","BOSS"],"build_version":"2019-07-17","purchased_purges":0,"victory":false,"max_hp_per_floor":[63,63,63,63,63,63,63,63,63,63,63,63,63,73,73,73,73,73,73,73,73,73,73,73,73,73,73,73,73,73,73,73,73],"card_choices":[{"not_picked":["Burst","Unload"],"picked":"Bullet Time","floor":0.0},{"not_picked":["Deadly Poison","Outmaneuver"],"picked":"Dagger Spray","floor":1.0},{"not_picked":["Prepared","Underhanded Strike"],"picked":"Quick Slash","floor":3.0},{"not_picked":["Underhanded Strike","Acrobatics"],"picked":"Blade Dance","floor":5.0},{"not_picked":["PiercingWail","Calculated Gamble"],"picked":"Outmaneuver","floor":7.0},{"not_picked":["Outmaneuver","PiercingWail"],"picked":"Sucker Punch","floor":10.0},{"not_picked":["Endless Agony","Poisoned Stab"],"picked":"Dodge and Roll","floor":12.0},{"not_picked":["Bane","Dagger Throw"],"picked":"A Thousand Cuts","floor":13.0},{"not_picked":["Wraith Form v2","Bullet Time"],"picked":"A Thousand Cuts","floor":16.0},{"not_picked":["Outmaneuver","Dagger Spray"],"picked":"Quick Slash","floor":18.0},{"not_picked":["Deflect","Outmaneuver"],"picked":"Unload","floor":19},{"not_picked":["Blur+1","Escape Plan"],"picked":"Dash+1","floor":20},{"not_picked":["Sucker Punch+1","Acrobatics"],"picked":"Dagger Spray","floor":21},{"not_picked":["Outmaneuver","Leg Sweep"],"picked":"Flying Knee","floor":23},{"not_picked":["Acrobatics","Deadly Poison"],"picked":"Dash","floor":24},{"not_picked":["Backflip","Escape Plan+1"],"picked":"Quick Slash","floor":27},{"not_picked":["Escape Plan","Deflect"],"picked":"Tools of the Trade","floor":28},{"not_picked":["Tactician","Slice"],"picked":"Backflip+1","floor":30},{"not_picked":["Underhanded Strike","Poisoned Stab"],"picked":"Sucker Punch+1","floor":32}],"player_experience":46311,"relics_obtained":[{"floor":9.0,"key":"Dream Catcher"},{"floor":26,"key":"Ninja Scroll"},{"floor":29,"key":"Whetstone"}],"event_choices":[{"damage_healed":0.0,"max_hp_gain":0.0,"max_hp_loss":0.0,"gold_gain":0.0,"event_name":"Upgrade Shrine","player_choice":"Upgraded","floor":2.0,"gold_loss":0.0,"damage_taken":0.0,"cards_upgraded":["Dagger Spray"]},{"damage_healed":0.0,"max_hp_gain":0.0,"max_hp_loss":0.0,"gold_gain":0.0,"event_name":"World of Goop","player_choice":"Left Gold","floor":11.0,"gold_loss":37.0,"damage_taken":0.0},{"cards_removed":["A Thousand Cuts"],"damage_healed":2.0,"max_hp_gain":10.0,"max_hp_loss":0.0,"gold_gain":0.0,"event_name":"Bonfire Elementals","player_choice":"Offered Rare","floor":14.0,"gold_loss":0.0,"damage_taken":0.0},{"damage_healed":0,"gold_gain":0,"player_choice":"Gave Potion","damage_taken":0,"relics_obtained":["Anchor"],"max_hp_gain":0,"max_hp_loss":0,"event_name":"WeMeetAgain","floor":22,"gold_loss":0},{"damage_healed":0,"gold_gain":0,"player_choice":"Ignored","damage_taken":0,"max_hp_gain":0,"max_hp_loss":0,"event_name":"Ghosts","floor":31,"gold_loss":0}],"is_beta":false,"boss_relics":[{"not_picked":["Fusion Hammer","Runic Dome"],"picked":"Runic Pyramid"}],"items_purged_floors":[],"is_endless":false,"potions_floor_spawned":[1,5,10,16,19,21,24],"killed_by":"Collector","ascension_level":0}