{"gold_per_floor":[111,111,31,31,42,42,76,76,76,110,110,22,41,59,59,164,164,178,178,196,196,196,196,211,225,251,301,314,345,362,362,362,467,467,477,477,42,62,79,79,79,94,139,171,0,19,19,29,29,29],"floor_reached":51,"playtime":8937,"items_purged":["Defend_B"],"score":732,"play_id":"b8b5e408-bfdf-488e-8090-56f06220ac75","local_time":"20190615202321","is_ascension_mode":false,"campfire_choices":[{"data":"Scrape","floor":6,"key":"SMITH"},{"data":"Chaos","floor":11,"key":"SMITH"},{"data":"Creative AI","floor":15,"key":"SMITH"},{"floor":23,"key":"REST"},{"floor":32,"key":"REST"},{"floor":40,"key":"REST"},{"floor":49,"key":"REST"}],"neow_cost":"CURSE","seed_source_timestamp":253382857589929,"circlet_count":0,"master_deck":["Defend_B","Defend_B","Defend_B","Zap","Dualcast","Flash of Steel","PanicButton","Glacier","Scrape+1","Sweeping Beam","Creative AI+1","Chaos+1","Flash of Steel","Seek","Conserve Battery","Electrodynamics","Reinforced Body","Bite","Bite","Bite","Bite","Bite","Gash","Hello World","Hologram+1","Chill","Sweeping Beam","Hello World","Multi-Cast","Redo+1","Iron Wave","Gash+1","Amplify","Gash","White Noise+1","Hologram"],"relics":["Cracked Core","GremlinMask","Dodecahedron","Whetstone","Mercury Hourglass","Bag of Preparation","Mummified Hand","Fusion Hammer","PreservedInsect","Boot","MutagenicStrength","Inserter","Omamori","TheAbacus","Strawberry","Dream Catcher","Red Mask"],"potions_floor_usage":[10,16,16,33,33,33,50,50],"damage_taken":[{"damage":0,"enemies":"Small Slimes","floor":1,"turns":3},{"damage":0,"enemies":"Cultist","floor":5,"turns":3},{"damage":16,"enemies":"3 Sentries","floor":7,"turns":9},{"damage":15,"enemies":"Lagavulin","floor":10,"turns":6},{"damage":0,"enemies":"Jaw Worm","floor":13,"turns":2},{"damage":2,"enemies":"3 Louse","floor":14,"turns":2},{"damage":6,"enemies":"Hexaghost","floor":16,"turns":7},{"damage":0,"enemies":"2 Thieves","floor":18,"turns":2},{"damage":0,"enemies":"3 Byrds","floor":20,"turns":2},{"damage":0,"enemies":"Snake Plant","floor":24,"turns":3},{"damage":0,"enemies":"3 Cultists","floor":25,"turns":3},{"damage":0,"enemies":"Centurion and Healer","floor":28,"turns":4},{"damage":7,"enemies":"Book of Stabbing","floor":29,"turns":4},{"damage":11,"enemies":"Shelled Parasite and Fungi","floor":30,"turns":4},{"damage":28,"enemies":"Automaton","floor":33,"turns":7},{"damage":6,"enemies":"3 Shapes","floor":35,"turns":4},{"damage":0,"enemies":"Orb Walker","floor":38,"turns":4},{"damage":0,"enemies":"Transient","floor":39,"turns":5},{"damage":13,"enemies":"Maw","floor":42,"turns":8},{"damage":10,"enemies":"Nemesis","floor":44,"turns":5},{"damage":10,"enemies":"Jaw Worm Horde","floor":46,"turns":3},{"damage":0,"enemies":"Transient","floor":48,"turns":5},{"damage":56,"enemies":"Time Eater","floor":50,"turns":8}],"seed_played":"7014460323366904280","potions_obtained":[{"floor":1,"key":"AttackPotion"},{"floor":7,"key":"FearPotion"},{"floor":10,"key":"Weak Potion"},{"floor":13,"key":"FocusPotion"},{"floor":18,"key":"Dexterity Potion"},{"floor":20,"key":"Block Potion"},{"floor":25,"key":"FocusPotion"},{"floor":28,"key":"GamblersBrew"},{"floor":30,"key":"Explosive Potion"},{"floor":35,"key":"SpeedPotion"},{"floor":39,"key":"Fire Potion"},{"floor":48,"key":"FocusPotion"}],"is_trial":false,"path_per_floor":["M","?","$","T","M","R","E","?","T","E","R","$","M","M","R","B",null,"M","?","M","?","?","R","M","M","T","?","M","E","M","?","R","B",null,"M","?","$","M","M","R","?","M","T","E","?","M","$","M","R","B",null],"character_chosen":"DEFECT","items_purchased":["Scrape","Flash of Steel","Omamori","TheAbacus"],"campfire_rested":4,"item_purchase_floors":[3,12,37,37],"current_hp_per_floor":[75,75,75,75,75,75,59,52,52,37,37,37,37,35,35,29,75,75,52,52,44,44,57,57,57,57,57,57,55,54,54,57,31,57,51,51,51,53,57,57,57,52,59,55,55,53,53,61,64,12],"gold":29,"neow_bonus":"RANDOM_COLORLESS_2","is_prod":false,"is_daily":false,"chose_seed":false,"campfire_upgraded":3,"win_rate":0.0,"timestamp":1560644601,"path_taken":["M","?","$","?","M","R","E","?","T","E","R","?","M","M","R","BOSS","M","?","M","?","?","R","M","M","T","?","M","E","?","?","R","BOSS","M","?","$","?","M","R","?","?","T","E","?","M","?","M","R","BOSS"],"build_version":"2019-01-23","purchased_purges":1,"victory":true,"max_hp_per_floor":[75,75,75,75,75,75,75,75,75,75,75,75,75,75,75,75,75,75,52,52,57,57,57,57,57,57,57,57,57,57,57,57,57,57,57,57,57,57,57,57,57,57,64,64,64,64,64,64,64,64],"card_choices":[{"not_picked":["Genetic Algorithm","Leap"],"picked":"Glacier","floor":1},{"not_picked":["Coolheaded","Cold Snap"],"picked":"Sweeping Beam","floor":5},{"not_picked":["FTL","Skim"],"picked":"Creative AI","floor":7},{"not_picked":["Streamline","Ball Lightning"],"picked":"Chaos","floor":10},{"not_picked":["Go for the Eyes","Stack"],"picked":"Seek","floor":13},{"not_picked":["Redo","Coolheaded"],"picked":"Conserve Battery","floor":14},{"not_picked":["Thunder Strike","Biased Cognition"],"picked":"Electrodynamics","floor":16},{"not_picked":["Steam","Redo"],"picked":"Reinforced Body","floor":18},{"not_picked":["Darkness","Consume"],"picked":"Gash","floor":20},{"not_picked":["Redo","Leap"],"picked":"Hologram+1","floor":24},{"not_picked":["Steam+1","Heatsinks"],"picked":"Chill","floor":25},{"not_picked":["Coolheaded","Heatsinks"],"picked":"Cold Snap","floor":28},{"not_picked":["Cold Snap","Doom and Gloom"],"picked":"Sweeping Beam","floor":29},{"not_picked":["Rip and Tear","Blizzard+1"],"picked":"Hello World","floor":30},{"not_picked":["Biased Cognition","Machine Learning"],"picked":"Multi-Cast","floor":33},{"not_picked":["Stack","Blizzard","Conserve Battery"],"picked":"SKIP","floor":35},{"not_picked":["Cold Snap","Aggregate+1","Steam"],"picked":"SKIP","floor":38},{"not_picked":["Stack+1","Auto Shields"],"picked":"Redo+1","floor":39},{"not_picked":["Thunder Strike","Steam+1"],"picked":"Gash+1","floor":42},{"not_picked":["Streamline","Compile Driver"],"picked":"Amplify","floor":44},{"not_picked":["Cold Snap+1","Beam Cell"],"picked":"Gash","floor":46},{"not_picked":["Steam+1","Leap"],"picked":"White Noise+1","floor":48},{"not_picked":["Leap","Cold Snap+1"],"picked":"Hologram","floor":49}],"player_experience":26852,"relics_obtained":[{"floor":4,"key":"Dodecahedron"},{"floor":7,"key":"Whetstone"},{"floor":9,"key":"Bag of Preparation"},{"floor":10,"key":"Mummified Hand"},{"floor":26,"key":"PreservedInsect"},{"floor":29,"key":"Boot"},{"floor":43,"key":"Strawberry"},{"floor":44,"key":"Dream Catcher"}],"event_choices":[{"damage_healed":0,"gold_gain":0,"player_choice":"Trade","damage_taken":0,"relics_obtained":["GremlinMask"],"max_hp_gain":0,"max_hp_loss":0,"event_name":"FaceTrader","floor":2,"gold_loss":0},{"damage_healed":0,"gold_gain":0,"player_choice":"Success","damage_taken":7,"relics_obtained":["Mercury Hourglass"],"max_hp_gain":0,"max_hp_loss":0,"event_name":"Scrap Ooze","floor":8,"gold_loss":0},{"damage_healed":0,"gold_gain":0,"player_choice":"Became a vampire","damage_taken":0,"max_hp_gain":0,"max_hp_loss":23,"event_name":"Vampires","floor":19,"gold_loss":0,"cards_obtained":["Bite","Bite","Bite","Bite","Bite"]},{"damage_healed":0,"gold_gain":0,"player_choice":"Shed Blood","damage_taken":13,"max_hp_gain":5,"max_hp_loss":0,"event_name":"Forgotten Altar","floor":21,"gold_loss":0},{"damage_healed":0,"gold_gain":0,"player_choice":"Read","damage_taken":0,"max_hp_gain":0,"max_hp_loss":0,"event_name":"The Library","floor":22,"gold_loss":0,"cards_obtained":["Hello World"]},{"damage_healed":0,"gold_gain":100,"player_choice":"Bet on Murderer","damage_taken":0,"max_hp_gain":0,"max_hp_loss":0,"event_name":"The Joust","floor":27,"gold_loss":50},{"damage_healed":0,"gold_gain":0,"player_choice":"Inject Mutagens","damage_taken":0,"relics_obtained":["MutagenicStrength"],"max_hp_gain":0,"max_hp_loss":0,"event_name":"Drug Dealer","floor":31,"gold_loss":0},{"cards_removed":["Clumsy"],"damage_healed":0,"gold_gain":0,"player_choice":"Purged","damage_taken":0,"max_hp_gain":0,"max_hp_loss":0,"event_name":"Purifier","floor":36,"gold_loss":0},{"cards_removed":["Cold Snap"],"damage_healed":0,"gold_gain":0,"player_choice":"Took Card","damage_taken":0,"max_hp_gain":0,"max_hp_loss":0,"event_name":"NoteForYourself","floor":41,"gold_loss":0,"cards_obtained":["Iron Wave"]},{"damage_healed":0,"gold_gain":0,"player_choice":"Paid","damage_taken":0,"relics_obtained":["Red Mask"],"max_hp_gain":0,"max_hp_loss":0,"event_name":"Tomb of Lord Red Mask","floor":45,"gold_loss":171}],"is_beta":false,"boss_relics":[{"not_picked":["Ectoplasm","Astrolabe"],"picked":"Fusion Hammer"},{"not_picked":["Runic Pyramid","Calling Bell"],"picked":"Inserter"}],"items_purged_floors":[37],"is_endless":false,"potions_floor_spawned":[1,7,10,13,18,20,25,28,30,35,39,48],"ascension_level":0}