{"path_per_floor":["M","M","?","M","M","R","E","R","T","R","M","M","M","M","R","B",null,"M","?","M","$","M","E","R","M","T","$","M","R","M","?","R"],"character_chosen":"IRONCLAD","items_purchased":["Kunai","Flex","Twin Strike","Bag of Marbles"],"gold_per_floor":[148,158,158,176,187,187,215,215,290,290,305,321,339,355,355,457,457,474,474,490,3,15,47,47,59,112,112,126,126,136,36,36],"floor_reached":33,"campfire_rested":2,"playtime":1597,"current_hp_per_floor":[80,73,73,76,73,73,51,51,51,51,53,55,55,61,61,7,80,78,78,68,68,26,12,51,33,33,33,46,80,67,67,67],"items_purged":[],"gold":36,"score":287,"play_id":"e6fed27d-94bb-4466-b6d3-15fc1a31bfa6","is_prod":false,"is_daily":false,"is_ascension_mode":true,"campfire_upgraded":5,"path_taken":["M","M","?","M","M","R","E","R","T","R","M","M","M","M","R","BOSS","M","?","?","$","M","E","R","M","T","$","M","R","M","?","R","BOSS"],"build_version":"2018-02-15-PROD1","purchased_purges":0,"victory":false,"master_deck":["Strike_R","Strike_R","Strike_R","Strike_R","Strike_R","Defend_R","Defend_R","Defend_R","Defend_R","Inflame+1","Offering+1","Twin Strike","Cleave+1","Juggernaut+1","Shockwave","Perfected Strike","Heavy Blade","Cleave+1","Demon Form","Shrug It Off","Reckless Charge","Bloodletting","Flex","Twin Strike","Anger","Heavy Blade","Anger","Clash","Flex","J.A.X.+1"],"max_hp_per_floor":[80,80,80,80,80,80,80,80,80,80,80,80,80,80,80,80,80,80,80,80,80,80,80,80,80,80,80,80,80,80,80,80],"relics":["Burning Blood","Tiny Chest","Anchor","Blue Candle","Lizard Tail","Kunai","Bag of Marbles","Regal Pillow","Art of War"],"card_choices":[{"not_picked":["Cleave","Iron Wave"],"picked":"Inflame"},{"not_picked":["Shockwave","Hemokinesis"],"picked":"Offering"},{"not_picked":["Pommel Strike","Searing Blow"],"picked":"Twin Strike"},{"not_picked":["Shockwave","Iron Wave"],"picked":"Cleave"},{"not_picked":["Thunderclap","Dual Wield"],"picked":"Juggernaut"},{"not_picked":["Havoc","Heavy Blade"],"picked":"Shockwave"},{"not_picked":["Fire Breathing","Heavy Blade"],"picked":"Perfected Strike"},{"not_picked":["Clothesline","True Grit"],"picked":"Heavy Blade"},{"not_picked":["Heavy Blade","Feel No Pain"],"picked":"Cleave"},{"not_picked":["Double Tap","Barricade"],"picked":"Demon Form"},{"not_picked":["Clothesline","True Grit"],"picked":"Shrug It Off"},{"not_picked":["Impervious","Battle Trance"],"picked":"Bloodletting"},{"not_picked":["Corruption","Shockwave"],"picked":"Anger"},{"not_picked":["Corruption","Wild Strike"],"picked":"Heavy Blade"},{"not_picked":["True Grit","Second Wind"],"picked":"Anger"},{"not_picked":["Shrug It Off","Combust"],"picked":"Clash"},{"not_picked":["Battle Trance","Dropkick"],"picked":"Flex"}],"player_experience":100727,"potions_floor_usage":[5,5,14,20,22,23,23,28],"damage_taken":[{"damage":1,"enemies":"2 Louse","floor":1,"turns":2},{"damage":13,"enemies":"Jaw Worm","floor":2,"turns":4},{"damage":3,"enemies":"Small Slimes","floor":4,"turns":3},{"damage":9,"enemies":"Gremlin Gang","floor":5,"turns":3},{"damage":28,"enemies":"3 Sentries","floor":7,"turns":4},{"damage":4,"enemies":"Looter","floor":11,"turns":2},{"damage":4,"enemies":"Lots of Slimes","floor":12,"turns":1},{"damage":6,"enemies":"Blue Slaver","floor":13,"turns":3},{"damage":0,"enemies":"3 Louse","floor":14,"turns":3},{"damage":60,"enemies":"Hexaghost","floor":16,"turns":8},{"damage":8,"enemies":"3 Byrds","floor":18,"turns":4},{"damage":16,"enemies":"Shell Parasite","floor":20,"turns":4},{"damage":48,"enemies":"Sentry and Sphere","floor":22,"turns":6},{"damage":20,"enemies":"Book of Stabbing","floor":23,"turns":4},{"damage":24,"enemies":"Snecko","floor":25,"turns":4},{"damage":36,"enemies":"Slaver and Parasite","floor":28,"turns":7},{"damage":19,"enemies":"Centurion and Healer","floor":30,"turns":4},{"damage":85,"enemies":"Automaton","floor":33,"turns":6}],"event_choices":[{"event_name":"Living Wall","player_choice":"Grow","floor":3,"damage_taken":0},{"event_name":"Transmorgrifier","player_choice":"Transform","floor":19,"damage_taken":0},{"event_name":"Drug Dealer","player_choice":"Got JAXXED","floor":31,"damage_taken":0}],"boss_relics":[{"not_picked":["Runic Pyramid","Philosopher\u0027s Stone"],"picked":"Lizard Tail"}],"potions_floor_spawned":[2,4,7,12,16,20,22,23],"seed_played":"6106245679678465549","killed_by":"Automaton","ascension_level":1,"is_trial":false}