{"gold_per_floor":[117,128,128,128,140,140,172,172,172,172,192,192,207,11,11,82,82,98,98,116,116,129,129],"floor_reached":23,"playtime":1475,"items_purged":[],"score":363,"play_id":"3231448e-bccf-464e-a5a6-462bfddf0fd1","local_time":"20190728174552","is_ascension_mode":true,"campfire_choices":[{"data":"Self Repair","floor":6,"key":"SMITH"},{"data":"Buffer","floor":8,"key":"SMITH"},{"floor":10,"key":"REST"},{"floor":12,"key":"REST"},{"data":"Capacitor","floor":15,"key":"SMITH"}],"neow_cost":"NONE","seed_source_timestamp":65187516297739,"circlet_count":0,"master_deck":["AscendersBane","Strike_B+1","Strike_B+1","Defend_B+1","Defend_B","Defend_B","Defend_B","Zap","Dualcast","Consume+1","Self Repair+1","Creative AI","White Noise","Buffer+1","BootSequence","Chill","Capacitor+1","Electrodynamics","Amplify","Storm","Ball Lightning+1","Chill"],"relics":["Cracked Core","The Courier","Whetstone","Inserter"],"potions_floor_usage":[18],"damage_taken":[{"damage":2,"enemies":"Jaw Worm","floor":1,"turns":3},{"damage":7,"enemies":"2 Louse","floor":2,"turns":3},{"damage":12,"enemies":"Cultist","floor":5,"turns":5},{"damage":14,"enemies":"Lagavulin","floor":7,"turns":6},{"damage":31,"enemies":"Exordium Thugs","floor":11,"turns":5},{"damage":0,"enemies":"Exordium Wildlife","floor":13,"turns":4},{"damage":35,"enemies":"The Guardian","floor":16,"turns":8},{"damage":2,"enemies":"2 Thieves","floor":18,"turns":3},{"damage":0,"enemies":"Spheric Guardian","floor":20,"turns":5},{"damage":33,"enemies":"Snake Plant","floor":22,"turns":5},{"damage":65,"enemies":"Book of Stabbing","floor":23,"turns":5}],"seed_played":"6352954482842814853","potions_obtained":[{"floor":2,"key":"Ancient Potion"},{"floor":13,"key":"AttackPotion"},{"floor":16,"key":"Strength Potion"},{"floor":20,"key":"FairyPotion"}],"is_trial":false,"path_per_floor":["M","M","?","?","M","R","E","R","T","R","M","R","M","$","R","B",null,"M","?","M","?","M","E"],"character_chosen":"DEFECT","items_purchased":["Capacitor","Electrodynamics"],"campfire_rested":2,"item_purchase_floors":[14,14],"current_hp_per_floor":[69,62,39,39,34,34,20,20,20,43,22,45,55,55,55,30,66,74,74,78,78,55,0],"gold":129,"neow_bonus":"TEN_PERCENT_HP_BONUS","is_prod":false,"is_daily":false,"chose_seed":false,"campfire_upgraded":3,"win_rate":0,"timestamp":1564350352,"path_taken":["M","M","?","?","M","R","E","R","T","R","M","R","M","?","R","BOSS","M","?","M","?","?","E"],"build_version":"2019-07-17","purchased_purges":0,"victory":false,"max_hp_per_floor":[78,78,78,78,78,78,78,78,78,78,78,78,78,78,78,78,78,78,78,78,78,78,78],"card_choices":[{"not_picked":["Hologram","Compile Driver"],"picked":"Consume","floor":1},{"not_picked":["Redo","Steam"],"picked":"Self Repair","floor":2},{"not_picked":["Scrape","Leap"],"picked":"White Noise","floor":5},{"not_picked":["Conserve Battery","Sweeping Beam"],"picked":"Buffer","floor":7},{"not_picked":["Compile Driver","Leap"],"picked":"BootSequence","floor":11},{"not_picked":["Beam Cell","Undo"],"picked":"Chill","floor":13},{"not_picked":["Echo Form","Electrodynamics"],"picked":"Amplify","floor":16},{"not_picked":["Reinforced Body","Redo"],"picked":"Storm","floor":18},{"not_picked":["Melter","Static Discharge"],"picked":"Ball Lightning+1","floor":20},{"not_picked":["Fusion","Barrage"],"picked":"Chill","floor":22}],"player_experience":316414,"relics_obtained":[{"floor":7,"key":"The Courier"},{"floor":9,"key":"Whetstone"}],"event_choices":[{"damage_healed":0,"gold_gain":0,"player_choice":"Entered Light","damage_taken":23,"max_hp_gain":0,"max_hp_loss":0,"event_name":"Shining Light","floor":3,"gold_loss":0,"cards_upgraded":["Consume","Defend_B"]},{"damage_healed":0,"gold_gain":0,"cards_transformed":["Strike_B"],"player_choice":"Change","damage_taken":0,"max_hp_gain":0,"max_hp_loss":0,"event_name":"Living Wall","floor":4,"gold_loss":0,"cards_obtained":["Creative AI"]},{"damage_healed":0,"gold_gain":0,"player_choice":"Ignored","damage_taken":0,"max_hp_gain":0,"max_hp_loss":0,"event_name":"Ghosts","floor":19,"gold_loss":0},{"cards_removed":["Strike_B"],"damage_healed":0,"gold_gain":0,"player_choice":"Purged","damage_taken":0,"max_hp_gain":0,"max_hp_loss":0,"event_name":"Purifier","floor":21,"gold_loss":0}],"is_beta":false,"boss_relics":[{"not_picked":["Ectoplasm","Black Star"],"picked":"Inserter"}],"items_purged_floors":[],"is_endless":false,"potions_floor_spawned":[2,13,16,20],"killed_by":"Book of Stabbing","ascension_level":18}