{"gold_per_floor":[118,128,143,158,177,206,206,218,264,279,54,74,106,123,123,197,197,208,221,235,37,53,80,94,94,119,134,134,154,16,26,26,98,98,110,110,123,136,147,147,157,157,157,177,194,212,212,226,226,226],"floor_reached":51,"playtime":4666,"items_purged":["Shame","Strike_R"],"score":1184,"play_id":"c94bf1f0-5175-4a25-983e-9d9172ab5d73","local_time":"20190828000255","is_ascension_mode":true,"campfire_choices":[{"data":"Armaments","floor":7.0,"key":"SMITH"},{"data":"Demon Form","floor":15.0,"key":"SMITH"},{"data":"Rage","floor":25.0,"key":"SMITH"},{"floor":32.0,"key":"REST"},{"floor":40.0,"key":"REST"},{"floor":47,"key":"REST"},{"floor":49,"key":"REST"}],"neow_cost":"CURSE","seed_source_timestamp":695327645791500,"circlet_count":0,"master_deck":["AscendersBane","Strike_R","Strike_R","Strike_R","Defend_R","Defend_R","Defend_R","Defend_R","Bash","Feed","Armaments+1","Dropkick","Demon Form+1","Thunderclap","Sword Boomerang","Fiend Fire","Rampage","Immolate","Battle Trance","Flame Barrier","Limit Break","Warcry+1","Disarm","Inflame+1","Ghostly Armor","Heavy Blade","Rage+1","Seeing Red","Battle Trance","Disarm","Master of Strategy","Anger","Shrug It Off","Metallicize+1","Parasite","Battle Trance+1"],"special_seed":0,"relics":["Burning Blood","Mummified Hand","Lantern","Incense Burner","Eternal Feather","The Courier","Blood Vial","Fusion Hammer","Charon\u0027s Ashes"],"potions_floor_usage":[46,50],"damage_taken":[{"damage":6.0,"enemies":"Cultist","floor":1.0,"turns":3.0},{"damage":7.0,"enemies":"2 Louse","floor":2.0,"turns":4.0},{"damage":0.0,"enemies":"Small Slimes","floor":3.0,"turns":2.0},{"damage":14.0,"enemies":"Red Slaver","floor":4.0,"turns":5.0},{"damage":9.0,"enemies":"Gremlin Gang","floor":5.0,"turns":4.0},{"damage":15.0,"enemies":"Lagavulin","floor":6.0,"turns":5.0},{"damage":15.0,"enemies":"Exordium Thugs","floor":8.0,"turns":4.0},{"damage":5.0,"enemies":"Large Slime","floor":10.0,"turns":5.0},{"damage":0.0,"enemies":"Lots of Slimes","floor":12.0,"turns":1.0},{"damage":15.0,"enemies":"3 Sentries","floor":13.0,"turns":5.0},{"damage":21.0,"enemies":"Exordium Wildlife","floor":14.0,"turns":3.0},{"damage":14.0,"enemies":"The Guardian","floor":16.0,"turns":7.0},{"damage":23.0,"enemies":"Spheric Guardian","floor":18.0,"turns":4.0},{"damage":37.0,"enemies":"Shell Parasite","floor":19.0,"turns":6.0},{"damage":7.0,"enemies":"3 Cultists","floor":20.0,"turns":3.0},{"damage":19.0,"enemies":"Snake Plant","floor":22.0,"turns":4.0},{"damage":19.0,"enemies":"Book of Stabbing","floor":23.0,"turns":4.0},{"damage":23.0,"enemies":"Centurion and Healer","floor":24.0,"turns":7.0},{"damage":11.0,"enemies":"3 Cultists","floor":27.0,"turns":5.0},{"damage":11.0,"enemies":"Snecko","floor":29.0,"turns":4.0},{"damage":22.0,"enemies":"Centurion and Healer","floor":31.0,"turns":5.0},{"damage":74.0,"enemies":"Champ","floor":33.0,"turns":7.0},{"damage":34.0,"enemies":"3 Darklings","floor":35.0,"turns":5.0},{"damage":33.0,"enemies":"3 Shapes","floor":37.0,"turns":8.0},{"damage":5.0,"enemies":"Spire Growth","floor":38.0,"turns":3.0},{"damage":12.0,"enemies":"3 Darklings","floor":39.0,"turns":4.0},{"damage":50.0,"enemies":"Sphere and 2 Shapes","floor":41.0,"turns":6.0},{"damage":38.0,"enemies":"Spire Growth","floor":44.0,"turns":5.0},{"damage":7.0,"enemies":"4 Shapes","floor":45.0,"turns":3.0},{"damage":20,"enemies":"Writhing Mass","floor":46,"turns":7},{"damage":12,"enemies":"Sphere and 2 Shapes","floor":48,"turns":5},{"damage":90,"enemies":"Time Eater","floor":50,"turns":11}],"seed_played":"4612411700112397532","potions_obtained":[{"floor":2.0,"key":"Fire Potion"},{"floor":6.0,"key":"Block Potion"},{"floor":8.0,"key":"EssenceOfSteel"},{"floor":13.0,"key":"BloodPotion"},{"floor":18.0,"key":"Weak Potion"},{"floor":22.0,"key":"Strength Potion"},{"floor":29.0,"key":"Dexterity Potion"},{"floor":31.0,"key":"SkillPotion"},{"floor":35.0,"key":"SteroidPotion"},{"floor":37.0,"key":"Strength Potion"},{"floor":39.0,"key":"Block Potion"},{"floor":45.0,"key":"GamblersBrew"},{"floor":46,"key":"LiquidBronze"}],"is_trial":false,"path_per_floor":["M","M","M","M","M","E","R","M","T","M","$","M","E","M","R","B",null,"M","M","M","$","M","E","M","R","T","M","?","M","$","M","R","B",null,"M","?","M","M","M","R","M","?","T","M","M","M","R","M","R","B",null],"character_chosen":"IRONCLAD","items_purchased":["Immolate","Ghostly Armor","Heavy Blade","Master of Strategy"],"campfire_rested":4,"item_purchase_floors":[11,21,21,30],"current_hp_per_floor":[75,77,86,81,81,72,72,63,63,68,68,77,68,56,56,52,95,105,77,79,79,66,53,39,54,54,51,51,48,48,34,87,21,94,68,68,46,52,48,103,64,64,64,34,38,26,86,85,133,49],"gold":226,"neow_bonus":"THREE_RARE_CARDS","is_prod":false,"is_daily":false,"chose_seed":false,"campfire_upgraded":3,"win_rate":0,"timestamp":1566975775,"path_taken":["M","M","?","M","M","E","R","M","T","M","$","M","E","M","R","BOSS","M","M","M","$","M","E","M","R","T","M","?","M","?","M","R","BOSS","M","?","M","M","M","R","M","?","T","M","?","?","R","M","R","BOSS"],"build_version":"2019-07-17","purchased_purges":2,"victory":true,"max_hp_per_floor":[83,86,89,92,95,95,95,95,95,99,99,102,102,105,105,109,109,109,112,115,115,115,115,118,118,118,118,118,118,118,118,118,118,118,118,118,121,124,124,124,127,127,127,127,130,130,130,133,133,133],"card_choices":[{"not_picked":["Offering","Demon Form"],"picked":"Feed","floor":0.0},{"not_picked":["Hemokinesis","Pommel Strike"],"picked":"Armaments","floor":1.0},{"not_picked":["Sword Boomerang","Fire Breathing"],"picked":"Dropkick","floor":2.0},{"not_picked":["Second Wind","Body Slam"],"picked":"Demon Form","floor":3.0},{"not_picked":["Seeing Red","Rupture"],"picked":"Thunderclap","floor":4.0},{"not_picked":["Searing Blow","Whirlwind"],"picked":"Sword Boomerang","floor":5.0},{"not_picked":["Hemokinesis","Sever Soul"],"picked":"Fiend Fire","floor":6.0},{"not_picked":["Clash","Twin Strike"],"picked":"Rampage","floor":8.0},{"not_picked":["Second Wind","Armaments","Body Slam"],"picked":"SKIP","floor":10.0},{"not_picked":["Armaments","Wild Strike"],"picked":"Battle Trance","floor":12.0},{"not_picked":["Reckless Charge","Flex","Clash"],"picked":"SKIP","floor":13.0},{"not_picked":["Armaments","Pommel Strike"],"picked":"Flame Barrier","floor":14.0},{"not_picked":["Berserk","Brutality"],"picked":"Limit Break","floor":16.0},{"not_picked":["Reckless Charge","Corruption"],"picked":"Warcry+1","floor":18.0},{"not_picked":["Flex","Iron Wave"],"picked":"Disarm","floor":19.0},{"not_picked":["Clothesline","Body Slam"],"picked":"Inflame+1","floor":20.0},{"not_picked":["Flex","Dual Wield"],"picked":"Rage","floor":22.0},{"not_picked":["True Grit+1","Entrench+1","Armaments"],"picked":"SKIP","floor":23.0},{"not_picked":["Feel No Pain","Uppercut"],"picked":"Seeing Red","floor":24.0},{"not_picked":["Armaments","Pommel Strike","Uppercut"],"picked":"SKIP","floor":27.0},{"not_picked":["Fire Breathing+1","Sever Soul"],"picked":"Disarm","floor":29.0},{"not_picked":["Twin Strike","Thunderclap"],"picked":"Anger","floor":31.0},{"not_picked":["Whirlwind+1","Evolve"],"picked":"Shrug It Off","floor":35.0},{"not_picked":["Second Wind","Headbutt","Shrug It Off"],"picked":"SKIP","floor":37.0},{"not_picked":["Heavy Blade","Pummel","Sever Soul"],"picked":"SKIP","floor":38.0},{"not_picked":["Fire Breathing","Blood for Blood+1","Perfected Strike"],"picked":"SKIP","floor":39.0},{"not_picked":["Clash+1","Havoc+1"],"picked":"Metallicize+1","floor":41.0},{"not_picked":["Intimidate+1","Thunderclap+1","Havoc+1"],"picked":"SKIP","floor":44.0},{"not_picked":["Cleave+1","Body Slam","Fire Breathing"],"picked":"SKIP","floor":45.0},{"not_picked":["Hemokinesis","Power Through","Anger"],"picked":"SKIP","floor":46},{"not_picked":["Rage","Bloodletting"],"picked":"Battle Trance+1","floor":48}],"player_experience":246506,"relics_obtained":[{"floor":6.0,"key":"Mummified Hand"},{"floor":9.0,"key":"Lantern"},{"floor":13.0,"key":"Incense Burner"},{"floor":23.0,"key":"The Courier"},{"floor":26.0,"key":"Blood Vial"},{"floor":43.0,"key":"Charon\u0027s Ashes"}],"event_choices":[{"damage_healed":0.0,"max_hp_gain":0.0,"max_hp_loss":0.0,"gold_gain":0.0,"event_name":"Duplicator","player_choice":"Copied","floor":28.0,"gold_loss":0.0,"damage_taken":0.0,"cards_obtained":["Battle Trance"]},{"cards_removed":["Strike_R"],"damage_healed":0.0,"max_hp_gain":0.0,"max_hp_loss":0.0,"gold_gain":0.0,"event_name":"Falling","player_choice":"Removed Attack","floor":36.0,"gold_loss":0.0,"damage_taken":0.0},{"damage_healed":0.0,"max_hp_gain":0.0,"max_hp_loss":0.0,"gold_gain":0.0,"event_name":"SecretPortal","player_choice":"Ignored","floor":42.0,"gold_loss":0.0,"damage_taken":0.0}],"is_beta":false,"boss_relics":[{"not_picked":["Runic Cube","Runic Pyramid"],"picked":"Eternal Feather"},{"not_picked":["Runic Dome","Philosopher\u0027s Stone"],"picked":"Fusion Hammer"}],"items_purged_floors":[11,21],"is_endless":false,"potions_floor_spawned":[2,6,8,10,13,18,22,29,31,35,37,39,45,46],"ascension_level":13}