{"gold_per_floor":[118,138,153,228,378,404,404,77,101,101,101,101,131,131,131,202,202,214,226,226,43,59,79,79,79,79,0,32,62,89,117,117,117],"floor_reached":33,"playtime":5355,"items_purged":["Doubt"],"score":520,"play_id":"17fa2e5d-eaf1-45c2-9040-f525e3225873","local_time":"20190829153508","is_ascension_mode":true,"campfire_choices":[{"floor":7,"key":"REST"},{"data":"Rage","floor":10,"key":"SMITH"},{"floor":12,"key":"REST"},{"floor":15,"key":"REST"},{"data":"Armaments","floor":24,"key":"SMITH"},{"data":"Brutality","floor":32,"key":"SMITH"}],"neow_cost":"PERCENT_DAMAGE","seed_source_timestamp":837271221936500,"circlet_count":0,"master_deck":["AscendersBane","Strike_R","Strike_R","Strike_R","Strike_R+1","Strike_R","Defend_R","Defend_R","Bash","Dramatic Entrance","Bandage Up","Pommel Strike","Rage+1","Rage","Battle Trance","Anger","Battle Trance+1","Pommel Strike","Brutality+1","Armaments+1","Double Tap","Iron Wave+1","Clothesline","Warcry","Dramatic Entrance","Disarm","Blood for Blood","Headbutt+1","Shrug It Off+1"],"relics":["Burning Blood","Dream Catcher","Juzu Bracelet","Omamori","Bag of Marbles","Pocketwatch","Cursed Key","Ginger","Toxic Egg 2","Tiny Chest","Gremlin Horn","Red Mask"],"potions_floor_usage":[6,30,33,33],"damage_taken":[{"damage":12,"enemies":"Jaw Worm","floor":1,"turns":3},{"damage":11,"enemies":"Small Slimes","floor":2,"turns":3},{"damage":11,"enemies":"2 Louse","floor":3,"turns":3},{"damage":53,"enemies":"Lagavulin","floor":6,"turns":9},{"damage":11,"enemies":"3 Sentries","floor":13,"turns":5},{"damage":28,"enemies":"Slime Boss","floor":16,"turns":12},{"damage":0,"enemies":"Chosen","floor":18,"turns":4},{"damage":12,"enemies":"3 Byrds","floor":19,"turns":6},{"damage":18,"enemies":"Snake Plant","floor":22,"turns":4},{"damage":7,"enemies":"Chosen and Byrds","floor":23,"turns":5},{"damage":16,"enemies":"Gremlin Leader","floor":28,"turns":4},{"damage":18,"enemies":"Book of Stabbing","floor":30,"turns":5},{"damage":2,"enemies":"Masked Bandits","floor":31,"turns":3},{"damage":67,"enemies":"Automaton","floor":33,"turns":10}],"seed_played":"7126878690160909447","potions_obtained":[{"floor":3,"key":"BloodPotion"},{"floor":13,"key":"Dexterity Potion"},{"floor":23,"key":"GamblersBrew"},{"floor":30,"key":"LiquidBronze"},{"floor":31,"key":"AttackPotion"}],"is_trial":false,"path_per_floor":["M","M","M","?","?","E","R","$","T","R","?","R","E","?","R","B",null,"M","M","?","$","M","M","R","?","T","$","E","T","E","?","R","B"],"character_chosen":"IRONCLAD","items_purchased":["Battle Trance","Juzu Bracelet","Dramatic Entrance","Disarm","Blood for Blood"],"campfire_rested":3,"item_purchase_floors":[8,8,21,21,27],"current_hp_per_floor":[48,47,46,35,35,10,32,32,32,32,21,43,42,19,41,23,62,72,72,72,72,64,67,67,67,67,67,61,61,53,57,57,0],"gold":117,"neow_bonus":"RANDOM_COLORLESS_2","is_prod":false,"is_daily":false,"chose_seed":false,"campfire_upgraded":3,"win_rate":0,"timestamp":1567118108,"path_taken":["M","M","M","?","?","E","R","$","T","R","?","R","E","?","R","BOSS","M","M","?","$","M","M","R","?","T","?","E","?","E","?","R","BOSS"],"build_version":"2019-07-17","purchased_purges":1,"victory":false,"max_hp_per_floor":[75,75,75,75,75,75,75,75,75,75,75,75,75,75,75,75,75,75,75,75,75,75,75,75,75,75,75,75,75,75,75,75,75],"card_choices":[{"not_picked":["Dual Wield","Havoc"],"picked":"Pommel Strike","floor":1},{"not_picked":["Thunderclap","Clash"],"picked":"Rage","floor":2},{"not_picked":["Spot Weakness","Clothesline"],"picked":"Rage","floor":3},{"not_picked":["Flex","Perfected Strike"],"picked":"Battle Trance","floor":6},{"not_picked":["Rampage","Wild Strike"],"picked":"Anger","floor":7},{"not_picked":["True Grit","Heavy Blade"],"picked":"Pommel Strike","floor":12},{"not_picked":["Rupture","Twin Strike"],"picked":"Brutality","floor":13},{"not_picked":["Thunderclap","Sentinel"],"picked":"Armaments","floor":15},{"not_picked":["Offering","Exhume"],"picked":"Double Tap","floor":16},{"not_picked":["True Grit","Carnage"],"picked":"Iron Wave+1","floor":18},{"not_picked":["Pommel Strike","Sword Boomerang","Sever Soul"],"picked":"SKIP","floor":19},{"not_picked":["Wild Strike","Uppercut","Cleave"],"picked":"SKIP","floor":22},{"not_picked":["Dual Wield","Heavy Blade","Power Through"],"picked":"SKIP","floor":23},{"not_picked":["Bludgeon","Perfected Strike+1"],"picked":"Headbutt+1","floor":28},{"not_picked":["Twin Strike","Wild Strike+1"],"picked":"Shrug It Off+1","floor":30}],"player_experience":297209,"relics_obtained":[{"floor":6,"key":"Dream Catcher"},{"floor":9,"key":"Omamori"},{"floor":13,"key":"Pocketwatch"},{"floor":26,"key":"Ginger"},{"floor":28,"key":"Toxic Egg 2"},{"floor":29,"key":"Tiny Chest"},{"floor":30,"key":"Gremlin Horn"},{"floor":31,"key":"Red Mask"}],"event_choices":[{"damage_healed":0,"gold_gain":75,"player_choice":"Gather Gold","damage_taken":11,"max_hp_gain":0,"max_hp_loss":0,"event_name":"World of Goop","floor":4,"gold_loss":0},{"damage_healed":0,"gold_gain":150,"player_choice":"AGREE","damage_taken":0,"max_hp_gain":0,"max_hp_loss":0,"event_name":"Liars Game","floor":5,"gold_loss":0,"cards_obtained":["Doubt"]},{"damage_healed":0,"gold_gain":0,"player_choice":"Success","damage_taken":11,"relics_obtained":["Bag of Marbles"],"max_hp_gain":0,"max_hp_loss":0,"event_name":"Scrap Ooze","floor":11,"gold_loss":0},{"damage_healed":0,"gold_gain":0,"player_choice":"Entered Light","damage_taken":23,"max_hp_gain":0,"max_hp_loss":0,"event_name":"Shining Light","floor":14,"gold_loss":0,"cards_upgraded":["Strike_R","Battle Trance"]},{"damage_healed":0,"gold_gain":0,"cards_transformed":["Defend_R","Defend_R"],"player_choice":"Became Test Subject","damage_taken":0,"max_hp_gain":0,"max_hp_loss":0,"event_name":"Drug Dealer","floor":20,"gold_loss":0,"cards_obtained":["Clothesline","Warcry"]},{"damage_healed":0,"gold_gain":0,"player_choice":"Ignored","damage_taken":0,"max_hp_gain":0,"max_hp_loss":0,"event_name":"Ghosts","floor":25,"gold_loss":0},{"damage_healed":0,"gold_gain":0,"player_choice":"Fought Bandits","damage_taken":0,"max_hp_gain":0,"max_hp_loss":0,"event_name":"Masked Bandits","floor":31,"gold_loss":0}],"is_beta":false,"boss_relics":[{"not_picked":["Ectoplasm","Black Star"],"picked":"Cursed Key"}],"items_purged_floors":[8],"is_endless":false,"potions_floor_spawned":[3,13,23,30,31],"killed_by":"Automaton","ascension_level":16}