{"gold_per_floor":[210,227,22,33,44,78,90,90,90,90,90,117,129,154,166,274,286,315,343,368,449,478,490,534,82,106,132,132,132,132,161,161,161],"floor_reached":33,"playtime":980,"items_purged":[],"score":498,"play_id":"2e16b101-e4bc-472d-883b-c71710485df3","local_time":"20181124140857","is_ascension_mode":true,"campfire_choices":[{"data":"Whirlwind","floor":11,"key":"SMITH"},{"data":"Inflame","floor":13,"key":"SMITH"},{"data":"Whirlwind","floor":15,"key":"SMITH"},{"data":"Inflame","floor":23,"key":"SMITH"},{"data":"Dark Embrace","floor":28,"key":"SMITH"},{"data":"Bash","floor":30,"key":"SMITH"},{"data":"Shrug It Off","floor":32,"key":"SMITH"}],"neow_cost":"NONE","seed_source_timestamp":568255525990300,"circlet_count":0,"master_deck":["Strike_R","Strike_R","Strike_R","Strike_R+1","Strike_R","Defend_R","Defend_R","Defend_R","Bash+1","Whirlwind+1","Clash+1","Clash","Shrug It Off+1","Inflame+1","Whirlwind+1","Dark Embrace+1","Corruption","Inflame+1","Armaments+1","Clash+1","Evolve"],"relics":["Burning Blood","Chemical X","Dream Catcher","PreservedInsect","MawBank","Black Star","Self Forming Clay","Sundial","Mummified Hand","FossilizedHelix","Juzu Bracelet","Art of War","Whetstone","Red Skull","Darkstone Periapt","The Courier"],"potions_floor_usage":[16,19,22,33,33],"damage_taken":[{"damage":6,"enemies":"Cultist","floor":1,"turns":3},{"damage":8,"enemies":"Small Slimes","floor":2,"turns":4},{"damage":1,"enemies":"2 Louse","floor":4,"turns":2},{"damage":0,"enemies":"Large Slime","floor":5,"turns":4},{"damage":40,"enemies":"Lagavulin","floor":6,"turns":4},{"damage":0,"enemies":"2 Fungi Beasts","floor":7,"turns":2},{"damage":0,"enemies":"3 Sentries","floor":12,"turns":2},{"damage":14,"enemies":"Red Slaver","floor":14,"turns":2},{"damage":0,"enemies":"Slime Boss","floor":16,"turns":3},{"damage":0,"enemies":"3 Byrds","floor":18,"turns":2},{"damage":14,"enemies":"Shell Parasite","floor":19,"turns":3},{"damage":10,"enemies":"Snecko","floor":20,"turns":3},{"damage":6,"enemies":"Cultist and Chosen","floor":22,"turns":3},{"damage":0,"enemies":"Slavers","floor":24,"turns":1},{"damage":22,"enemies":"Book of Stabbing","floor":27,"turns":3},{"damage":10,"enemies":"Gremlin Leader","floor":31,"turns":3},{"damage":83,"enemies":"Automaton","floor":33,"turns":6}],"seed_played":"-4192997245746783092","potions_obtained":[{"floor":1,"key":"Ancient Potion"},{"floor":2,"key":"FearPotion"},{"floor":7,"key":"Ancient Potion"},{"floor":12,"key":"SkillPotion"},{"floor":20,"key":"Poison Potion"},{"floor":22,"key":"Poison Potion"}],"is_trial":false,"path_per_floor":["M","M","$","M","M","E","M","$","T","?","R","E","R","M","R","B",null,"M","M","M","T","M","R","E","$","T","E","R","?","R","E","R","B"],"character_chosen":"IRONCLAD","items_purchased":["Chemical X","FossilizedHelix","Juzu Bracelet"],"campfire_rested":0,"item_purchase_floors":[3,25,25],"current_hp_per_floor":[80,78,78,80,80,46,52,52,52,52,52,58,58,50,50,56,80,80,72,68,68,68,68,74,74,74,58,58,80,80,76,76,0],"gold":161,"neow_bonus":"HUNDRED_GOLD","is_prod":false,"is_daily":false,"chose_seed":false,"campfire_upgraded":7,"win_rate":0,"timestamp":1543064937,"path_taken":["M","M","$","?","M","E","M","?","T","?","R","E","R","M","R","BOSS","M","?","M","?","M","R","E","?","T","E","R","?","R","E","R","BOSS"],"build_version":"2018-11-15","purchased_purges":0,"victory":false,"max_hp_per_floor":[80,80,80,80,80,80,80,80,80,80,80,80,80,80,80,80,80,80,80,80,80,80,80,80,80,80,80,80,80,80,80,80,80],"card_choices":[{"not_picked":["Uppercut","Rage"],"picked":"Whirlwind","floor":1},{"not_picked":["Headbutt","Clothesline"],"picked":"Clash","floor":2},{"not_picked":["Pommel Strike","Evolve"],"picked":"Clash","floor":4},{"not_picked":["Cleave","Feel No Pain","Body Slam"],"picked":"SKIP","floor":5},{"not_picked":["Hemokinesis","Flex","Seeing Red"],"picked":"SKIP","floor":6},{"not_picked":["Second Wind","Warcry"],"picked":"Shrug It Off","floor":7},{"not_picked":["Cleave","Havoc"],"picked":"Inflame","floor":12},{"not_picked":["Anger","Flame Barrier"],"picked":"Whirlwind","floor":14},{"not_picked":["Brutality","Bludgeon"],"picked":"Dark Embrace","floor":16},{"not_picked":["Metallicize","Iron Wave"],"picked":"Corruption","floor":18},{"not_picked":["Pommel Strike","Entrench"],"picked":"Inflame","floor":19},{"not_picked":["Cleave+1","Perfected Strike"],"picked":"Armaments+1","floor":20},{"not_picked":["Inflame","Clothesline"],"picked":"Clash+1","floor":22},{"not_picked":["Anger","Flex"],"picked":"Evolve","floor":24},{"not_picked":["Burning Pact","Ghostly Armor","Iron Wave+1"],"picked":"SKIP","floor":27},{"not_picked":["Cleave","Exhume","Clothesline"],"picked":"SKIP","floor":31}],"player_experience":307174,"relics_obtained":[{"floor":6,"key":"Dream Catcher"},{"floor":9,"key":"PreservedInsect"},{"floor":12,"key":"MawBank"},{"floor":21,"key":"Self Forming Clay"},{"floor":24,"key":"Sundial"},{"floor":24,"key":"Mummified Hand"},{"floor":26,"key":"Art of War"},{"floor":27,"key":"Whetstone"},{"floor":27,"key":"Red Skull"},{"floor":31,"key":"Darkstone Periapt"},{"floor":31,"key":"The Courier"}],"event_choices":[{"cards_removed":["Defend_R"],"damage_healed":0,"gold_gain":0,"player_choice":"Offered Basic","damage_taken":0,"max_hp_gain":0,"max_hp_loss":0,"event_name":"Bonfire Elementals","floor":10,"gold_loss":0},{"damage_healed":26,"gold_gain":0,"player_choice":"Heal","damage_taken":0,"max_hp_gain":0,"max_hp_loss":0,"event_name":"The Library","floor":29,"gold_loss":0}],"is_beta":false,"boss_relics":[{"not_picked":["Runic Pyramid","White Beast Statue"],"picked":"Black Star"}],"items_purged_floors":[],"is_endless":false,"potions_floor_spawned":[1,2,7,12,14,20,22],"killed_by":"Automaton","ascension_level":4}