{"gold_per_floor":[19,30,40,40,40,65,65,93,172,172,196,214,12,24,24,126,126,143,143,143,154,154,154,173,188,188,188,219,219,231,262,262,359,359,377,377,64,164,179,214,214,214,214,214,41,91,91,111,111,111,111,111,36,71,71],"floor_reached":55,"playtime":5635,"items_purged":["Dualcast"],"score":1027,"play_id":"bd8b459e-1339-4d3a-81ee-42a80f8c30b6","local_time":"20190711221158","is_ascension_mode":true,"campfire_choices":[{"floor":7,"key":"REST"},{"data":"1","floor":10,"key":"LIFT"},{"data":"2","floor":15,"key":"LIFT"},{"data":"3","floor":23,"key":"LIFT"},{"data":"Beam Cell","floor":27,"key":"SMITH"},{"data":"Uppercut","floor":29,"key":"SMITH"},{"data":"Hologram","floor":32,"key":"SMITH"},{"data":"Heatsinks","floor":41,"key":"SMITH"},{"floor":44,"key":"RECALL"},{"floor":49,"key":"DIG"},{"data":"Turbo","floor":52,"key":"SMITH"}],"neow_cost":"NO_GOLD","seed_source_timestamp":99088175175582,"circlet_count":0,"master_deck":["Strike_B+1","Strike_B+1","Defend_B+1","Defend_B+1","Genetic Algorithm","Creative AI","Ball Lightning","Hologram+1","Sunder","Ball Lightning","Rip and Tear","Undo","Echo Form","Auto Shields","Heavy Blade","Storm of Steel","Footwork+1","Auto Shields+1","Turbo+1","Beam Cell+1","Uppercut+1","Flex+1","Blade Dance+1","Glass Knife","Flying Knee+1","Madness","Madness","Self Repair","FTL+1","Hologram+1","Heatsinks+1","Enlightenment","Sadistic Nature","Flash of Steel","Flash of Steel","White Noise","Well Laid Plans+1","Disarm"],"relics":["Cracked Core","Girya","Blood Vial","Bottled Flame","Odd Mushroom","PrismaticShard","Coffee Dripper","Oddly Smooth Stone","Ornamental Fan","Bronze Scales","Strawberry","Empty Cage","Shuriken","Thread and Needle","Bottled Lightning","Shovel","Incense Burner","Letter Opener"],"potions_floor_usage":[16,33,55],"damage_taken":[{"damage":3,"enemies":"Jaw Worm","floor":1,"turns":4},{"damage":10,"enemies":"2 Louse","floor":2,"turns":2},{"damage":0,"enemies":"Small Slimes","floor":3,"turns":3},{"damage":31,"enemies":"Gremlin Nob","floor":6,"turns":4},{"damage":8,"enemies":"3 Sentries","floor":8,"turns":4},{"damage":5,"enemies":"The Mushroom Lair","floor":11,"turns":3},{"damage":0,"enemies":"3 Louse","floor":12,"turns":2},{"damage":0,"enemies":"Looter","floor":14,"turns":2},{"damage":9,"enemies":"Hexaghost","floor":16,"turns":7},{"damage":6,"enemies":"3 Byrds","floor":18,"turns":4},{"damage":12,"enemies":"Chosen","floor":21,"turns":3},{"damage":2,"enemies":"3 Cultists","floor":24,"turns":5},{"damage":0,"enemies":"Shelled Parasite and Fungi","floor":25,"turns":5},{"damage":14,"enemies":"Slavers","floor":28,"turns":4},{"damage":0,"enemies":"Cultist and Chosen","floor":30,"turns":5},{"damage":39,"enemies":"Gremlin Leader","floor":31,"turns":5},{"damage":18,"enemies":"Collector","floor":33,"turns":8},{"damage":0,"enemies":"3 Shapes","floor":35,"turns":4},{"damage":0,"enemies":"Mind Bloom Boss Battle","floor":38,"turns":5},{"damage":0,"enemies":"Orb Walker","floor":39,"turns":3},{"damage":0,"enemies":"Giant Head","floor":40,"turns":6},{"damage":0,"enemies":"2 Orb Walkers","floor":46,"turns":4},{"damage":2,"enemies":"Transient","floor":48,"turns":5},{"damage":58,"enemies":"Awakened One","floor":50,"turns":8},{"damage":66,"enemies":"Shield and Spear","floor":54,"turns":4},{"damage":56,"enemies":"The Heart","floor":55,"turns":5}],"seed_played":"985270413909960964","potions_obtained":[{"floor":3,"key":"LiquidBronze"},{"floor":12,"key":"FairyPotion"},{"floor":14,"key":"SteroidPotion"},{"floor":16,"key":"FocusPotion"},{"floor":25,"key":"Dexterity Potion"},{"floor":31,"key":"FairyPotion"},{"floor":33,"key":"Fire Potion"},{"floor":35,"key":"Explosive Potion"},{"floor":46,"key":"Dexterity Potion"}],"is_trial":false,"path_per_floor":["M","M","M","?","?","E","R","E","T","R","?","M","$","M","R","B",null,"M","?","?","M","?","R","M","M","T","R","E","R","M","E","R","B",null,"M","?","$","?","M","E","R","?","T","R","$","?","?","M","R","B",null,"R","$","E","B"],"character_chosen":"DEFECT","items_purchased":["PrismaticShard","Shuriken","Self Repair","Flash of Steel","White Noise"],"campfire_rested":1,"item_purchase_floors":[13,37,37,45,45],"current_hp_per_floor":[65,55,55,40,40,9,31,23,23,23,20,22,22,24,24,17,61,57,57,57,47,47,47,47,49,49,49,37,37,39,9,9,8,64,66,56,56,58,67,76,76,66,66,66,66,68,68,75,75,26,68,68,68,11,0],"gold":71,"neow_bonus":"TRANSFORM_TWO_CARDS","is_prod":false,"is_daily":false,"chose_seed":false,"campfire_upgraded":5,"win_rate":0,"timestamp":1562897518,"path_taken":["M","M","M","?","?","E","R","E","T","R","?","?","$","M","R","BOSS","M","?","?","M","?","R","M","M","T","R","E","R","M","E","R","BOSS","M","?","$","?","M","E","R","?","T","R","$","?","?","M","R","BOSS","R","$","E","BOSS"],"build_version":"2019-07-05","purchased_purges":1,"victory":false,"max_hp_per_floor":[75,75,75,75,75,75,75,75,75,75,75,75,75,75,75,75,75,75,75,75,75,75,75,75,75,75,75,75,75,75,82,82,82,82,82,82,82,82,82,82,82,82,82,82,82,82,82,82,82,82,82,82,82,82,82],"card_choices":[{"not_picked":["Cold Snap","Aggregate"],"picked":"Ball Lightning","floor":1},{"not_picked":["Force Field","Rebound"],"picked":"Hologram","floor":2},{"not_picked":["Leap","Sweeping Beam"],"picked":"Sunder","floor":3},{"not_picked":["Steam","Cold Snap"],"picked":"Rip and Tear","floor":6},{"not_picked":["Rebound","Stack"],"picked":"Undo","floor":8},{"not_picked":["Force Field","Double Energy"],"picked":"Echo Form","floor":11},{"not_picked":["Reinforced Body","Darkness"],"picked":"Auto Shields","floor":12},{"not_picked":["Body Slam","Cleave"],"picked":"Heavy Blade","floor":14},{"not_picked":["Unload","Transmutation"],"picked":"Storm of Steel","floor":16},{"not_picked":["Carnage","Pommel Strike"],"picked":"Footwork+1","floor":18},{"not_picked":["Coolheaded","Iron Wave"],"picked":"Auto Shields+1","floor":21},{"not_picked":["Madness","Heel Hook"],"picked":"Turbo","floor":24},{"not_picked":["Scrape","Genetic Algorithm"],"picked":"Beam Cell","floor":25},{"not_picked":["Doppelganger","Redo"],"picked":"Uppercut","floor":28},{"not_picked":["Uppercut","Beam Cell"],"picked":"Flex+1","floor":30},{"not_picked":["Slice","Cleave"],"picked":"Blade Dance+1","floor":31},{"not_picked":["Rainbow","Biased Cognition"],"picked":"Glass Knife","floor":33},{"not_picked":["Capacitor","Conserve Battery"],"picked":"Flying Knee+1","floor":35},{"not_picked":["Dodge and Roll","Conserve Battery"],"picked":"FTL+1","floor":38},{"not_picked":["Conserve Battery+1","Well Laid Plans"],"picked":"Hologram+1","floor":39},{"not_picked":["Flying Knee+1","Cleave+1"],"picked":"Heatsinks","floor":40},{"not_picked":["Forethought","Panacea"],"picked":"Enlightenment","floor":42},{"not_picked":["The Bomb","Blind"],"picked":"Sadistic Nature","floor":42},{"not_picked":["Trip","Swift Strike"],"picked":"Flash of Steel","floor":42},{"not_picked":["Thunderclap","Beam Cell"],"picked":"Well Laid Plans+1","floor":48},{"not_picked":["Berserk","Shockwave"],"picked":"Disarm","floor":54}],"player_experience":205917,"relics_obtained":[{"floor":6,"key":"Girya"},{"floor":8,"key":"Blood Vial"},{"floor":9,"key":"Bottled Flame"},{"floor":11,"key":"Odd Mushroom"},{"floor":26,"key":"Ornamental Fan"},{"floor":28,"key":"Bronze Scales"},{"floor":31,"key":"Strawberry"},{"floor":38,"key":"Thread and Needle"},{"floor":40,"key":"Bottled Lightning"},{"floor":46,"key":"Shovel"},{"floor":49,"key":"Incense Burner"},{"floor":54,"key":"Letter Opener"}],"event_choices":[{"damage_healed":0,"gold_gain":0,"player_choice":"Entered Light","damage_taken":15,"max_hp_gain":0,"max_hp_loss":0,"event_name":"Shining Light","floor":4,"gold_loss":0,"cards_upgraded":["Strike_B","Defend_B"]},{"damage_healed":0,"gold_gain":0,"cards_transformed":["Strike_B"],"player_choice":"Change","damage_taken":0,"max_hp_gain":0,"max_hp_loss":0,"event_name":"Living Wall","floor":5,"gold_loss":0,"cards_obtained":["Ball Lightning"]},{"damage_healed":0,"gold_gain":0,"player_choice":"Fought Mushrooms","damage_taken":0,"max_hp_gain":0,"max_hp_loss":0,"event_name":"Mushrooms","floor":11,"gold_loss":0},{"damage_healed":0,"gold_gain":0,"player_choice":"Simplicity","damage_taken":0,"max_hp_gain":0,"max_hp_loss":0,"event_name":"Back to Basics","floor":19,"gold_loss":0,"cards_upgraded":["Strike_B","Defend_B","Defend_B"]},{"damage_healed":0,"gold_gain":0,"player_choice":"Opened","damage_taken":0,"relics_obtained":["Oddly Smooth Stone"],"max_hp_gain":0,"max_hp_loss":0,"event_name":"The Mausoleum","floor":20,"gold_loss":0,"cards_obtained":["Writhe"]},{"damage_healed":0,"gold_gain":0,"player_choice":"Ignored","damage_taken":0,"max_hp_gain":0,"max_hp_loss":0,"event_name":"Vampires","floor":22,"gold_loss":0},{"damage_healed":0,"gold_gain":0,"player_choice":"Embrace Madness","damage_taken":10,"max_hp_gain":0,"max_hp_loss":0,"event_name":"Winding Halls","floor":36,"gold_loss":0,"cards_obtained":["Madness","Madness"]},{"damage_healed":0,"gold_gain":0,"player_choice":"Fight","damage_taken":0,"max_hp_gain":0,"max_hp_loss":0,"event_name":"MindBloom","floor":38,"gold_loss":0},{"damage_healed":0,"gold_gain":0,"player_choice":"Memory 3","damage_taken":10,"max_hp_gain":0,"max_hp_loss":0,"event_name":"SensoryStone","floor":42,"gold_loss":0},{"damage_healed":0,"gold_gain":0,"player_choice":"Fight","damage_taken":0,"max_hp_gain":0,"max_hp_loss":0,"event_name":"Mysterious Sphere","floor":46,"gold_loss":0},{"cards_removed":["Defend_B"],"damage_healed":0,"gold_gain":0,"player_choice":"Removed Skill","damage_taken":0,"max_hp_gain":0,"max_hp_loss":0,"event_name":"Falling","floor":47,"gold_loss":0}],"is_beta":false,"boss_relics":[{"not_picked":["Cursed Key","Velvet Choker"],"picked":"Coffee Dripper"},{"not_picked":["Runic Pyramid","Calling Bell"],"picked":"Empty Cage"}],"items_purged_floors":[53],"is_endless":false,"potions_floor_spawned":[3,12,14,16,24,25,30,31,33,35,39,46],"killed_by":"The Heart","ascension_level":8}