{"gold_per_floor":[109,129,105,105,115,115,115,115,115,134,134,155,168,168,168,298,298,311,79,93,93,93,93,109,24,24,0,0,16,16,16,16,16],"floor_reached":33,"playtime":905,"items_purged":["Parasite"],"score":235,"play_id":"95df4408-750d-42ea-abc3-62b291a4de29","local_time":"20181227135129","is_ascension_mode":false,"campfire_choices":[{"data":"Clash","floor":6,"key":"SMITH"},{"data":"Perfected Strike","floor":15,"key":"SMITH"},{"data":"Perfected Strike","floor":23,"key":"SMITH"},{"floor":30,"key":"REST"},{"data":"Perfected Strike","floor":32,"key":"SMITH"}],"neow_cost":"NONE","seed_source_timestamp":238083760020780,"circlet_count":0,"master_deck":["Strike_R","Strike_R","Strike_R","Strike_R","Strike_R","Defend_R","Defend_R","Defend_R","Defend_R","Bash","Headbutt","Cleave","Clash+1","Pommel Strike","Perfected Strike+1","Cleave","Double Tap","Perfected Strike+1","Shrug It Off+1","Shame","Parasite","Perfected Strike+1"],"relics":["Burning Blood","Bag of Marbles","Mummified Hand","Bloody Idol","Bottled Lightning","Shuriken","Cursed Key","Pen Nib","MutagenicStrength","PreservedInsect","Toxic Egg 2"],"potions_floor_usage":[16],"damage_taken":[{"damage":5,"enemies":"Jaw Worm","floor":1,"turns":4},{"damage":9,"enemies":"Small Slimes","floor":2,"turns":4},{"damage":0,"enemies":"2 Louse","floor":5,"turns":2},{"damage":0,"enemies":"Large Slime","floor":10,"turns":3},{"damage":8,"enemies":"3 Louse","floor":12,"turns":2},{"damage":10,"enemies":"Looter","floor":13,"turns":3},{"damage":64,"enemies":"The Guardian","floor":16,"turns":9},{"damage":20,"enemies":"2 Thieves","floor":18,"turns":3},{"damage":5,"enemies":"Chosen","floor":20,"turns":3},{"damage":12,"enemies":"Centurion and Healer","floor":24,"turns":2},{"damage":37,"enemies":"Snake Plant","floor":29,"turns":4},{"damage":80,"enemies":"Automaton","floor":33,"turns":6}],"seed_played":"1847540366263848425","potions_obtained":[{"floor":1,"key":"AttackPotion"},{"floor":10,"key":"SpeedPotion"},{"floor":12,"key":"SteroidPotion"},{"floor":20,"key":"Strength Potion"}],"is_trial":false,"path_per_floor":["M","M","$","?","M","R","?","?","T","M","T","M","M","?","R","B",null,"M","$","M","?","?","R","M","?","T","?","T","M","R","$","R","B"],"character_chosen":"IRONCLAD","items_purchased":["Clash","Pen Nib"],"campfire_rested":1,"item_purchase_floors":[3,19],"current_hp_per_floor":[80,77,77,77,80,80,73,53,53,59,59,57,53,73,73,15,80,66,66,67,67,67,67,66,66,66,66,66,40,63,63,63,0],"gold":16,"neow_bonus":"RANDOM_COMMON_RELIC","is_prod":false,"is_daily":false,"chose_seed":false,"campfire_upgraded":4,"win_rate":0,"timestamp":1545886289,"path_taken":["M","M","$","?","M","R","?","?","T","M","?","M","M","?","R","BOSS","M","$","M","?","?","R","M","?","T","?","?","?","R","$","R","BOSS"],"build_version":"2018-12-20","purchased_purges":1,"victory":false,"max_hp_per_floor":[80,80,80,80,80,80,80,80,80,80,80,80,80,80,80,80,80,80,77,77,77,77,77,77,77,77,77,77,77,77,77,77,77],"card_choices":[{"not_picked":["Rage","Rupture"],"picked":"Headbutt","floor":1},{"not_picked":["Thunderclap","Pummel"],"picked":"Cleave","floor":2},{"not_picked":["Cleave","Twin Strike"],"picked":"Pommel Strike","floor":5},{"not_picked":["Anger","Iron Wave"],"picked":"Perfected Strike","floor":10},{"not_picked":["Body Slam","Searing Blow"],"picked":"Cleave","floor":12},{"not_picked":["Armaments","Headbutt"],"picked":"Double Tap","floor":13},{"not_picked":["Cleave","Thunderclap","Seeing Red"],"picked":"SKIP","floor":18},{"not_picked":["Pommel Strike","Dual Wield"],"picked":"Perfected Strike","floor":20},{"not_picked":["Burning Pact+1","Clash"],"picked":"Shrug It Off+1","floor":24},{"not_picked":["Cleave+1","Flex+1"],"picked":"Perfected Strike","floor":29}],"player_experience":12838,"relics_obtained":[{"floor":9,"key":"Bottled Lightning"},{"floor":11,"key":"Shuriken"},{"floor":26,"key":"Toxic Egg 2"}],"event_choices":[{"damage_healed":0,"gold_gain":0,"player_choice":"Box","damage_taken":0,"relics_obtained":["Mummified Hand"],"max_hp_gain":0,"max_hp_loss":0,"event_name":"Big Fish","floor":4,"gold_loss":0,"cards_obtained":["Regret"]},{"cards_removed":["Regret"],"damage_healed":0,"gold_gain":0,"player_choice":"Card Removal","damage_taken":7,"max_hp_gain":0,"max_hp_loss":0,"event_name":"Golden Wing","floor":7,"gold_loss":0},{"damage_healed":0,"gold_gain":0,"player_choice":"Take Damage","damage_taken":20,"relics_obtained":["Golden Idol"],"max_hp_gain":0,"max_hp_loss":0,"event_name":"Golden Idol","floor":8,"gold_loss":0},{"damage_healed":20,"gold_gain":0,"player_choice":"Healed and dodged fight","damage_taken":0,"max_hp_gain":0,"max_hp_loss":0,"event_name":"Mushrooms","floor":14,"gold_loss":0,"cards_obtained":["Parasite"]},{"damage_healed":0,"gold_gain":0,"player_choice":"Inject Mutagens","damage_taken":0,"relics_obtained":["MutagenicStrength"],"max_hp_gain":0,"max_hp_loss":0,"event_name":"Drug Dealer","floor":21,"gold_loss":0},{"damage_healed":0,"gold_gain":0,"player_choice":"Gave Idol","damage_taken":0,"relics_obtained":["Bloody Idol"],"max_hp_gain":0,"max_hp_loss":0,"event_name":"Forgotten Altar","floor":22,"relics_lost":["Golden Idol"],"gold_loss":0},{"damage_healed":0,"gold_gain":0,"player_choice":"Obtained Relic","damage_taken":0,"relics_obtained":["PreservedInsect"],"max_hp_gain":0,"max_hp_loss":0,"event_name":"Addict","floor":25,"gold_loss":85},{"damage_healed":0,"gold_gain":0,"player_choice":"Paid Fearfully","damage_taken":0,"max_hp_gain":0,"max_hp_loss":0,"event_name":"Masked Bandits","floor":27,"gold_loss":24}],"is_beta":false,"boss_relics":[{"not_picked":["Snecko Eye","Runic Dome"],"picked":"Cursed Key"}],"items_purged_floors":[19],"is_endless":false,"potions_floor_spawned":[1,10,12,20,29],"killed_by":"Automaton","ascension_level":0}