{"gold_per_floor":[111,36,36,48,48,48,82,82,136,136,153,178,178,192,192,295,295,295],"floor_reached":18,"playtime":886,"items_purged":[],"score":252,"play_id":"df652370-0ec4-45ba-8a03-651d7c550a0a","local_time":"20190826211437","is_ascension_mode":true,"campfire_choices":[{"data":"Bash","floor":6,"key":"SMITH"},{"data":"Shockwave","floor":8,"key":"SMITH"},{"data":"Shrug It Off","floor":10,"key":"SMITH"},{"floor":15,"key":"REST"}],"neow_cost":"NONE","seed_source_timestamp":990953158826500,"circlet_count":0,"master_deck":["AscendersBane","Strike_R","Strike_R","Strike_R","Strike_R","Defend_R","Defend_R","Defend_R","Bash+1","Finesse","Heavy Blade","Shockwave+1","Pommel Strike","Shrug It Off+1","Shrug It Off","Evolve","Body Slam","Immolate"],"relics":["Black Blood","Darkstone Periapt","Bag of Marbles","Shuriken"],"potions_floor_usage":[7,12],"damage_taken":[{"damage":0,"enemies":"2 Louse","floor":1,"turns":3},{"damage":1,"enemies":"Small Slimes","floor":4,"turns":4},{"damage":18,"enemies":"Gremlin Nob","floor":7,"turns":4},{"damage":1,"enemies":"Jaw Worm","floor":11,"turns":3},{"damage":44,"enemies":"Lagavulin","floor":12,"turns":6},{"damage":1,"enemies":"2 Fungi Beasts","floor":14,"turns":3},{"damage":57,"enemies":"Slime Boss","floor":16,"turns":13},{"damage":79,"enemies":"3 Byrds","floor":18,"turns":4}],"seed_played":"-4853979110233222","potions_obtained":[{"floor":1,"key":"Regen Potion"},{"floor":4,"key":"Energy Potion"},{"floor":11,"key":"FairyPotion"}],"is_trial":false,"path_per_floor":["M","$","?","M","?","R","E","R","T","R","M","E","?","M","R","B",null,"M"],"character_chosen":"IRONCLAD","items_purchased":["Shockwave"],"campfire_rested":1,"item_purchase_floors":[2],"current_hp_per_floor":[78,78,71,76,76,76,64,64,64,64,69,45,45,50,74,23,66,0],"gold":295,"neow_bonus":"RANDOM_COLORLESS","is_prod":false,"is_daily":false,"chose_seed":false,"campfire_upgraded":3,"win_rate":0,"timestamp":1566821677,"path_taken":["M","$","?","M","?","R","E","R","T","R","M","E","?","M","R","BOSS","M"],"build_version":"2019-07-17","purchased_purges":0,"victory":false,"max_hp_per_floor":[80,80,80,80,80,80,80,80,80,80,80,80,80,80,80,80,80,80],"card_choices":[{"not_picked":["Thunderclap","Armaments"],"picked":"Heavy Blade","floor":1},{"not_picked":["Iron Wave","Intimidate"],"picked":"Pommel Strike","floor":4},{"not_picked":["Iron Wave","True Grit"],"picked":"Shrug It Off","floor":7},{"not_picked":["Headbutt","Fiend Fire"],"picked":"Shrug It Off","floor":11},{"not_picked":["Cleave","Thunderclap"],"picked":"Evolve","floor":12},{"not_picked":["Iron Wave","Headbutt"],"picked":"Body Slam","floor":14},{"not_picked":["Juggernaut","Offering"],"picked":"Immolate","floor":16}],"player_experience":220334,"relics_obtained":[{"floor":7,"key":"Darkstone Periapt"},{"floor":9,"key":"Bag of Marbles"},{"floor":12,"key":"Shuriken"}],"event_choices":[{"cards_removed":["Strike_R"],"damage_healed":0,"gold_gain":0,"player_choice":"Card Removal","damage_taken":7,"max_hp_gain":0,"max_hp_loss":0,"event_name":"Golden Wing","floor":3,"gold_loss":0},{"cards_removed":["Defend_R"],"damage_healed":0,"gold_gain":0,"player_choice":"Forget","damage_taken":0,"max_hp_gain":0,"max_hp_loss":0,"event_name":"Living Wall","floor":5,"gold_loss":0},{"damage_healed":0,"gold_gain":0,"player_choice":"Searched \u00271\u0027 times","damage_taken":0,"max_hp_gain":0,"max_hp_loss":0,"event_name":"Dead Adventurer","floor":13,"gold_loss":0}],"is_beta":false,"boss_relics":[{"not_picked":["Calling Bell","Eternal Feather"],"picked":"Black Blood"}],"items_purged_floors":[],"is_endless":false,"potions_floor_spawned":[1,4,11],"killed_by":"3 Byrds","ascension_level":10}