{"path_per_floor":["M","?","M","?","?","E","R","E","T","M","$","M","?","M","R","B",null,"M","M","$","?","?","R","M","M","T","$","?","R","M","M","R"],"character_chosen":"THE_SILENT","items_purchased":["Accuracy","Prepared","Shovel","Caltrops","Deadly Poison"],"gold_per_floor":[112,112,132,207,207,237,237,267,267,281,154,167,236,251,251,352,352,366,386,1,1,1,1,16,35,61,61,61,61,73,89,89],"floor_reached":33,"campfire_rested":1,"playtime":1706,"current_hp_per_floor":[70,56,56,45,68,60,60,30,30,29,29,29,29,29,50,16,70,61,59,59,59,59,69,66,48,48,48,48,58,57,57,69],"items_purged":[],"gold":89,"score":270,"play_id":"bb81c7d1-21cf-49b7-a617-2aea8cbbb5eb","local_time":"20180313191416","is_prod":false,"is_daily":false,"is_ascension_mode":true,"campfire_upgraded":1,"timestamp":1520964856,"path_taken":["M","?","M","?","?","E","R","E","T","M","$","M","?","M","R","BOSS","M","M","$","?","?","R","?","M","T","?","?","R","M","M","R","BOSS"],"build_version":"2018-03-01-PROD1","purchased_purges":0,"victory":false,"master_deck":["Defend_G+1","Defend_G+1","Defend_G+1","Defend_G+1","Defend_G+1","Strike_G+1","Strike_G+1","Strike_G+1","Strike_G+1","Strike_G+1","Survivor","Neutralize","All Out Attack","Bane","Blade Dance+1","Bouncing Flask","Deadly Poison","Accuracy","Prepared","Dagger Spray","Prepared","After Image","Cloak And Dagger+1","PiercingWail+1","Caltrops","Deadly Poison","Deadly Poison+1","Terror","Cloak And Dagger","Slice"],"max_hp_per_floor":[70,70,70,70,70,70,70,70,70,70,70,70,70,70,70,70,70,70,70,70,70,70,70,70,70,70,70,70,70,70,70,70],"relics":["Sozu","Shuriken","Ninja Scroll","Ice Cream","Eternal Feather","Shovel","Anchor","Dead Branch","Art of War","Tingsha","Bag of Preparation"],"card_choices":[{"not_picked":["Dodge and Roll","Acrobatics"],"picked":"All Out Attack"},{"not_picked":["Acrobatics","Underhanded Strike"],"picked":"Bane"},{"not_picked":["Quick Slash","Calculated Gamble"],"picked":"Blade Dance"},{"not_picked":["Deflect","PiercingWail"],"picked":"Bouncing Flask"},{"not_picked":["Flying Knee","Underhanded Strike"],"picked":"Deadly Poison"},{"not_picked":["Quick Slash","Deflect"],"picked":"Dagger Spray"},{"not_picked":["Escape Plan","Deflect"],"picked":"Prepared"},{"not_picked":["Bullet Time","Tactician"],"picked":"After Image"},{"not_picked":["Distraction","Finisher"],"picked":"Cloak And Dagger"},{"not_picked":["Dodge and Roll","Deadly Poison"],"picked":"PiercingWail"},{"not_picked":["Escape Plan","Leg Sweep"],"picked":"Deadly Poison"},{"not_picked":["Sucker Punch","Choke"],"picked":"Terror"},{"not_picked":["Prepared","Deadly Poison"],"picked":"Cloak And Dagger"},{"not_picked":["Poisoned Stab","Backflip"],"picked":"Slice"}],"player_experience":106305,"potions_floor_usage":[],"damage_taken":[{"damage":0,"enemies":"Jaw Worm","floor":1,"turns":4},{"damage":0,"enemies":"Small Slimes","floor":3,"turns":2},{"damage":8,"enemies":"Lagavulin","floor":6,"turns":7},{"damage":30,"enemies":"Gremlin Nob","floor":8,"turns":4},{"damage":1,"enemies":"2 Louse","floor":10,"turns":2},{"damage":0,"enemies":"Exordium Wildlife","floor":12,"turns":1},{"damage":0,"enemies":"3 Louse","floor":14,"turns":1},{"damage":34,"enemies":"The Guardian","floor":16,"turns":8},{"damage":9,"enemies":"Spheric Guardian","floor":18,"turns":3},{"damage":2,"enemies":"3 Byrds","floor":19,"turns":3},{"damage":3,"enemies":"Centurion and Healer","floor":24,"turns":5},{"damage":18,"enemies":"Slaver and Parasite","floor":25,"turns":4},{"damage":1,"enemies":"Cultist and Chosen","floor":30,"turns":5},{"damage":0,"enemies":"Centurion and Healer","floor":31,"turns":3},{"damage":75,"enemies":"Collector","floor":33,"turns":6}],"event_choices":[{"event_name":"Shining Light","player_choice":"Entered Light","floor":2,"damage_taken":0},{"event_name":"World of Goop","player_choice":"Gather Gold","floor":4,"damage_taken":0},{"event_name":"Big Fish","player_choice":"Banana","floor":5,"damage_taken":0},{"event_name":"Golden Wing","player_choice":"Gained Gold","floor":13,"damage_taken":0},{"event_name":"The Mausoleum","player_choice":"Yes","floor":21,"damage_taken":0},{"event_name":"Back to Basics","player_choice":"Simplicity","floor":22,"damage_taken":0},{"event_name":"Purifier","player_choice":"Skipped","floor":28,"damage_taken":0}],"boss_relics":[{"not_picked":["Philosopher\u0027s Stone","Runic Pyramid"],"picked":"Eternal Feather"}],"potions_floor_spawned":[6,10,12,18,25],"seed_played":"6687241096198876267","killed_by":"Collector","ascension_level":1,"is_trial":false}