{"path_per_floor":["M","M","M","?","?","R","M","$","T","$","M","R","M","?","R","B",null,"M","M","?","M","?"],"character_chosen":"THE_SILENT","items_purchased":["Footwork","Bouncing Flask"],"gold_per_floor":[112,124,143,143,143,143,155,42,42,42,61,61,80,80,80,178,208,222,234,234,254,254,254],"floor_reached":23,"campfire_rested":2,"playtime":1426,"current_hp_per_floor":[70,69,67,67,67,67,47,47,47,47,16,37,37,37,58,3,80,77,77,56,53,53,0],"items_purged":[],"gold":254,"score":217,"play_id":"5309774c-e5fc-44fc-a2e7-06e2d05d6697","local_time":"20180519210206","is_prod":false,"is_daily":false,"chose_seed":false,"is_ascension_mode":true,"campfire_upgraded":1,"timestamp":1526756526,"campfire_choices":[{"data":"Neutralize","floor":6,"key":"SMITH"},{"floor":12,"key":"REST"},{"floor":15,"key":"REST"}],"path_taken":["M","M","M","?","?","R","M","$","T","?","?","R","?","?","R","BOSS","M","M","?","M","?","E"],"build_version":"2018-05-17","seed_source_timestamp":301678846880060,"purchased_purges":0,"victory":false,"master_deck":["Defend_G+1","Defend_G+1","Defend_G+1","Defend_G+1","Defend_G+1","Survivor","Neutralize+1","Slice","Cloak And Dagger","Dagger Throw","Prepared","Footwork","Bouncing Flask","Crippling Poison","Eviscerate","After Image","Catalyst","Slice","Deadly Poison","Bite","Bite","Bite","Bite","Bite","Dagger Throw"],"max_hp_per_floor":[70,70,70,70,70,70,70,70,70,70,70,70,70,70,70,75,80,80,80,56,56,56,56],"relics":["Ring of the Snake","Du-Vu Doll","Tiny House"],"card_choices":[{"not_picked":["Eviscerate","Underhanded Strike"],"picked":"Slice","floor":1},{"not_picked":["Backflip","Riddle With Holes"],"picked":"Cloak And Dagger","floor":2},{"not_picked":["Sucker Punch","Deadly Poison"],"picked":"Dagger Throw","floor":3},{"not_picked":["Deflect","Flying Knee"],"picked":"Prepared","floor":7},{"not_picked":["Blur","Cloak And Dagger"],"picked":"Crippling Poison","floor":11},{"not_picked":["Leg Sweep","Backflip"],"picked":"Eviscerate","floor":13},{"not_picked":["Bullet Time","Storm of Steel"],"picked":"After Image","floor":16},{"not_picked":["Flechettes","Accuracy"],"picked":"Catalyst","floor":17},{"not_picked":["Escape Plan","Dodge and Roll"],"picked":"Slice","floor":18},{"not_picked":["Backflip+1","Dodge and Roll+1"],"picked":"Deadly Poison","floor":19},{"not_picked":["Accuracy","Deadly Poison"],"picked":"Dagger Throw","floor":21}],"player_experience":124765,"potions_floor_usage":[16,16,16,16,16,18,19,21,23],"damage_taken":[{"damage":0,"enemies":"Small Slimes","floor":1,"turns":3},{"damage":1,"enemies":"Cultist","floor":2,"turns":4},{"damage":2,"enemies":"Jaw Worm","floor":3,"turns":5},{"damage":20,"enemies":"Exordium Wildlife","floor":7,"turns":6},{"damage":31,"enemies":"Gremlin Gang","floor":11,"turns":5},{"damage":0,"enemies":"Blue Slaver","floor":13,"turns":4},{"damage":60,"enemies":"The Guardian","floor":16,"turns":10},{"damage":3,"enemies":"Shell Parasite","floor":18,"turns":7},{"damage":0,"enemies":"Chosen","floor":19,"turns":8},{"damage":7,"enemies":"Centurion and Healer","floor":21,"turns":6},{"damage":65,"enemies":"Gremlin Leader","floor":23,"turns":9}],"relics_obtained":[{"floor":9,"key":"Du-Vu Doll"}],"event_choices":[{"event_name":"The Woman in Blue","player_choice":"Bought 0 Potions","floor":4,"damage_taken":0},{"event_name":"The Cleric","player_choice":"Leave","floor":5,"damage_taken":0},{"event_name":"The Lab","player_choice":"Got Potions","floor":14,"damage_taken":0},{"event_name":"Vampires","player_choice":"Became a vampire","floor":20,"damage_taken":0},{"event_name":"Back to Basics","player_choice":"Simplicity","floor":22,"damage_taken":0}],"boss_relics":[{"not_picked":["Velvet Choker","Snecko Eye"],"picked":"Tiny House"}],"potions_floor_spawned":[2,11,16,19],"seed_played":"3228577011727046577","killed_by":"Gremlin Leader","ascension_level":1,"potions_obtained":[{"floor":2,"key":"SteroidPotion"},{"floor":11,"key":"SkillPotion"},{"floor":14,"key":"Fruit Juice"},{"floor":14,"key":"EntropicBrew"},{"floor":16,"key":"Poison Potion"},{"floor":17,"key":"Weak Potion"},{"floor":19,"key":"SpeedPotion"}],"is_trial":false}