{"gold_per_floor":[111,130,145,145,145,158,189,200,223,223,234,234,269,281,281,386,386,399,416,416,416,78,78],"floor_reached":23,"playtime":1073,"items_purged":["Strike_B+1"],"score":213,"play_id":"fe6034b8-2fda-4de2-8f1c-743b1a56b376","local_time":"20190830163349","is_ascension_mode":true,"campfire_choices":[{"floor":10,"key":"REST"},{"data":"Loop","floor":12,"key":"SMITH"},{"floor":15,"key":"REST"}],"neow_cost":"PERCENT_DAMAGE","seed_source_timestamp":1193545776528061,"circlet_count":0,"master_deck":["Strike_B+1","Strike_B+1","Strike_B+1","Defend_B+1","Defend_B+1","Defend_B+1","Defend_B+1","Zap","Dualcast","Loop+1","Conserve Battery","Double Energy","Reinforced Body","Machine Learning","Genetic Algorithm","Storm","Amplify"],"relics":["Cracked Core","Sundial","Bronze Scales","Omamori","Black Star","Tiny Chest"],"potions_floor_usage":[7,13,16,16,23],"damage_taken":[{"damage":8,"enemies":"Jaw Worm","floor":1,"turns":3},{"damage":1,"enemies":"Cultist","floor":2,"turns":3},{"damage":2,"enemies":"2 Louse","floor":3,"turns":2},{"damage":3,"enemies":"2 Fungi Beasts","floor":6,"turns":4},{"damage":32,"enemies":"Gremlin Nob","floor":7,"turns":4},{"damage":15,"enemies":"Exordium Wildlife","floor":8,"turns":5},{"damage":4,"enemies":"Blue Slaver","floor":11,"turns":3},{"damage":18,"enemies":"3 Sentries","floor":13,"turns":6},{"damage":7,"enemies":"3 Louse","floor":14,"turns":3},{"damage":20,"enemies":"Hexaghost","floor":16,"turns":8},{"damage":32,"enemies":"Spheric Guardian","floor":18,"turns":6},{"damage":23,"enemies":"Shell Parasite","floor":19,"turns":8},{"damage":90,"enemies":"Gremlin Leader","floor":23,"turns":9}],"seed_played":"204303014302653401","potions_obtained":[{"floor":2,"key":"FearPotion"},{"floor":7,"key":"GamblersBrew"},{"floor":11,"key":"LiquidBronze"},{"floor":13,"key":"Swift Potion"},{"floor":14,"key":"FocusPotion"},{"floor":18,"key":"Ancient Potion"},{"floor":19,"key":"Regen Potion"}],"is_trial":false,"path_per_floor":["M","M","M","?","$","M","E","M","T","R","M","R","E","M","R","B",null,"M","M","?","?","$","E"],"character_chosen":"DEFECT","items_purchased":["Tiny Chest","Amplify"],"campfire_rested":2,"item_purchase_floors":[22,22],"current_hp_per_floor":[60,59,57,57,57,54,22,7,7,33,29,29,11,4,30,10,89,57,34,63,63,63,0],"gold":78,"neow_bonus":"TWENTY_PERCENT_HP_BONUS","is_prod":false,"is_daily":false,"chose_seed":false,"campfire_upgraded":1,"win_rate":0,"timestamp":1567150429,"path_taken":["M","M","M","?","?","M","E","M","T","R","M","R","E","M","R","BOSS","M","M","?","?","?","E"],"build_version":"2019-07-05","purchased_purges":1,"victory":false,"max_hp_per_floor":[89,89,89,89,89,89,89,89,89,89,89,89,89,89,89,89,89,89,89,89,89,89,89],"card_choices":[{"not_picked":["Streamline","Turbo","Redo"],"picked":"SKIP","floor":1},{"not_picked":["Steam Power","FTL","Streamline"],"picked":"SKIP","floor":2},{"not_picked":["Leap","Hologram","Gash"],"picked":"SKIP","floor":3},{"not_picked":["Turbo","Sunder"],"picked":"Loop","floor":6},{"not_picked":["Aggregate","Chill","Redo"],"picked":"SKIP","floor":7},{"not_picked":["Self Repair","Compile Driver"],"picked":"Conserve Battery","floor":8},{"not_picked":["Stack","Auto Shields","Hello World"],"picked":"SKIP","floor":11},{"not_picked":["Steam","Lockon"],"picked":"Double Energy","floor":13},{"not_picked":["Force Field","Hologram"],"picked":"Reinforced Body","floor":14},{"not_picked":["Hyperbeam","Biased Cognition"],"picked":"Machine Learning","floor":16},{"not_picked":["Steam+1","Sweeping Beam"],"picked":"Genetic Algorithm","floor":18},{"not_picked":["Steam Power","Go for the Eyes"],"picked":"Storm","floor":19}],"player_experience":634639,"relics_obtained":[{"floor":7,"key":"Sundial"},{"floor":9,"key":"Bronze Scales"},{"floor":13,"key":"Omamori"}],"event_choices":[{"damage_healed":0,"gold_gain":0,"player_choice":"Bought 0 Potions","damage_taken":0,"max_hp_gain":0,"max_hp_loss":0,"event_name":"The Woman in Blue","floor":4,"gold_loss":0},{"damage_healed":29,"gold_gain":0,"player_choice":"Heal","damage_taken":0,"max_hp_gain":0,"max_hp_loss":0,"event_name":"The Library","floor":20,"gold_loss":0},{"damage_healed":0,"gold_gain":0,"player_choice":"Simplicity","damage_taken":0,"max_hp_gain":0,"max_hp_loss":0,"event_name":"Back to Basics","floor":21,"gold_loss":0,"cards_upgraded":["Strike_B","Strike_B","Strike_B","Strike_B","Defend_B","Defend_B","Defend_B","Defend_B"]}],"is_beta":false,"boss_relics":[{"not_picked":["FrozenCore","Calling Bell"],"picked":"Black Star"}],"items_purged_floors":[22],"is_endless":false,"potions_floor_spawned":[2,7,11,13,14,18,19],"killed_by":"Gremlin Leader","ascension_level":1}