{"gold_per_floor":[116,133,11,11,11,47,47,47,47,60,60,81,100,100,100,231,231,254,179,179,158,171,171,187,187,187,206,206,219,219],"floor_reached":30,"playtime":2989,"items_purged":[],"score":232,"play_id":"3c3c022c-ee0b-4af8-b954-3f64468c36a4","local_time":"20190828000915","is_ascension_mode":false,"campfire_choices":[{"floor":7,"key":"REST"},{"data":"Anger","floor":11,"key":"SMITH"},{"data":"Rage","floor":15,"key":"SMITH"},{"floor":23,"key":"REST"},{"floor":25,"key":"REST"}],"neow_cost":"NONE","seed_source_timestamp":58178726887800,"circlet_count":0,"master_deck":["Strike_R","Strike_R","Strike_R","Defend_R","Defend_R","Defend_R","Defend_R","Bash","Sentinel","Shrug It Off","Battle Trance","Anger+1","Rampage","Ghostly Armor","Rage+1","Evolve","Cleave","Double Tap","True Grit","Dark Embrace","Armaments","Feel No Pain","Disarm","Wild Strike","Body Slam","Exhume"],"relics":["Burning Blood","Golden Idol","Pocketwatch","Mango","Ginger","Meat on the Bone","Nloth\u0027s Gift"],"potions_floor_usage":[6,21,22,27,29],"damage_taken":[{"damage":2,"enemies":"Cultist","floor":1,"turns":5},{"damage":10,"enemies":"2 Louse","floor":2,"turns":3},{"damage":17,"enemies":"Gremlin Nob","floor":6,"turns":5},{"damage":11,"enemies":"Jaw Worm","floor":10,"turns":2},{"damage":2,"enemies":"Blue Slaver","floor":12,"turns":4},{"damage":13,"enemies":"Lots of Slimes","floor":13,"turns":4},{"damage":18,"enemies":"Slime Boss","floor":16,"turns":9},{"damage":2,"enemies":"3 Byrds","floor":18,"turns":8},{"damage":26,"enemies":"2 Thieves","floor":21,"turns":5},{"damage":29,"enemies":"Snecko","floor":22,"turns":7},{"damage":36,"enemies":"Centurion and Healer","floor":24,"turns":12},{"damage":9,"enemies":"Chosen and Byrds","floor":27,"turns":8},{"damage":25,"enemies":"Shelled Parasite and Fungi","floor":29,"turns":10},{"damage":56,"enemies":"Sentry and Sphere","floor":30,"turns":7}],"seed_played":"-6048276883238430175","potions_obtained":[{"floor":2,"key":"Weak Potion"},{"floor":6,"key":"SneckoOil"},{"floor":16,"key":"SpeedPotion"},{"floor":18,"key":"GamblersBrew"},{"floor":21,"key":"LiquidBronze"},{"floor":27,"key":"Block Potion"}],"is_trial":false,"path_per_floor":["M","M","$","?","?","E","R","T","T","M","R","M","M","?","R","B",null,"M","?","?","M","M","R","M","R","T","M","?","M","M"],"character_chosen":"IRONCLAD","items_purchased":["Anger","Rampage"],"campfire_rested":3,"item_purchase_floors":[3,3],"current_hp_per_floor":[80,76,76,76,76,65,80,94,94,89,89,93,86,79,79,67,94,94,94,94,74,51,79,49,77,77,74,74,55,0],"gold":219,"neow_bonus":"THREE_CARDS","is_prod":false,"is_daily":false,"chose_seed":false,"campfire_upgraded":2,"win_rate":0.0,"timestamp":1566922155,"path_taken":["M","?","$","?","?","E","R","?","T","?","R","M","?","?","R","BOSS","M","?","?","M","M","R","M","R","T","?","?","M","?"],"build_version":"2019-07-17","purchased_purges":0,"victory":false,"max_hp_per_floor":[80,80,80,80,80,80,80,94,94,94,94,94,94,94,94,94,94,94,94,94,94,94,94,94,94,94,94,94,94,94],"card_choices":[{"not_picked":["Thunderclap","Seeing Red"],"picked":"Sentinel","floor":0},{"not_picked":["Reckless Charge","Flex"],"picked":"Shrug It Off","floor":1},{"not_picked":["Seeing Red","Clothesline"],"picked":"Battle Trance","floor":2},{"not_picked":["Twin Strike","Perfected Strike"],"picked":"Ghostly Armor","floor":6},{"not_picked":["Havoc","Body Slam"],"picked":"Rage","floor":10},{"not_picked":["Sentinel","Perfected Strike"],"picked":"Evolve","floor":12},{"not_picked":["Battle Trance","Sword Boomerang"],"picked":"Cleave","floor":13},{"not_picked":["Brutality","Immolate"],"picked":"Double Tap","floor":16},{"not_picked":["Anger+1","Dropkick"],"picked":"True Grit","floor":18},{"not_picked":["Anger+1","Shrug It Off+1"],"picked":"Feel No Pain","floor":21},{"not_picked":["Clothesline","Fire Breathing+1"],"picked":"Disarm","floor":22},{"not_picked":["Clash","Demon Form"],"picked":"Wild Strike","floor":24},{"not_picked":["Thunderclap","Blood for Blood"],"picked":"Body Slam","floor":27},{"not_picked":["Thunderclap+1","True Grit"],"picked":"Exhume","floor":29}],"player_experience":102308,"relics_obtained":[{"floor":6,"key":"Pocketwatch"},{"floor":8,"key":"Mango"},{"floor":9,"key":"Ginger"},{"floor":26,"key":"Meat on the Bone"}],"event_choices":[{"damage_healed":0,"gold_gain":0,"player_choice":"Take Wound","damage_taken":0,"relics_obtained":["Golden Idol"],"max_hp_gain":0,"max_hp_loss":0,"event_name":"Golden Idol","floor":4,"gold_loss":0,"cards_obtained":["Injury"]},{"cards_removed":["Strike_R"],"damage_healed":0,"gold_gain":0,"player_choice":"Forget","damage_taken":0,"max_hp_gain":0,"max_hp_loss":0,"event_name":"Living Wall","floor":5,"gold_loss":0},{"cards_removed":["Injury"],"damage_healed":0,"gold_gain":0,"player_choice":"Card Removal","damage_taken":7,"max_hp_gain":0,"max_hp_loss":0,"event_name":"Golden Wing","floor":14,"gold_loss":0},{"cards_removed":["Strike_R"],"damage_healed":0,"gold_gain":0,"player_choice":"Gave Gold","damage_taken":0,"max_hp_gain":0,"max_hp_loss":0,"event_name":"Beggar","floor":19,"gold_loss":75},{"damage_healed":0,"gold_gain":0,"player_choice":"2 cards matched","damage_taken":0,"max_hp_gain":0,"max_hp_loss":0,"event_name":"Match and Keep!","floor":20,"gold_loss":0,"cards_obtained":["Dark Embrace","Armaments"]},{"damage_healed":0,"gold_gain":0,"player_choice":"Traded Relic","damage_taken":0,"relics_obtained":["Nloth\u0027s Gift"],"max_hp_gain":0,"max_hp_loss":0,"event_name":"N\u0027loth","floor":28,"relics_lost":["Runic Cube"],"gold_loss":0}],"is_beta":false,"boss_relics":[{"not_picked":["Eternal Feather","Astrolabe"],"picked":"Runic Cube"}],"items_purged_floors":[],"is_endless":false,"potions_floor_spawned":[2,6,16,18,21,27],"killed_by":"Sentry and Sphere","ascension_level":0}