{"gold_per_floor":[118,118,68,80,80,80,109,109,109,135,135,149,149],"floor_reached":13,"playtime":950,"items_purged":[],"score":96,"play_id":"6c9e95f2-2797-465f-be85-f280829c4dde","local_time":"20190616214124","is_ascension_mode":true,"campfire_choices":[{"data":"Consume","floor":6,"key":"SMITH"},{"data":"Static Discharge","floor":8,"key":"SMITH"}],"neow_cost":"NONE","seed_source_timestamp":74064538808,"circlet_count":0,"master_deck":["Strike_B","Strike_B","Strike_B","Defend_B","Defend_B","Defend_B","Defend_B","Zap","Dualcast","Static Discharge+1","Consume+1","Rainbow","Heatsinks","White Noise"],"relics":["Cracked Core","Pear","Gremlin Horn","Mercury Hourglass","Golden Idol"],"potions_floor_usage":[13],"damage_taken":[{"damage":0,"enemies":"2 Louse","floor":1,"turns":3},{"damage":2,"enemies":"Small Slimes","floor":4,"turns":4},{"damage":39,"enemies":"3 Sentries","floor":7,"turns":5},{"damage":21,"enemies":"Lagavulin","floor":10,"turns":5},{"damage":3,"enemies":"Jaw Worm","floor":12,"turns":3},{"damage":18,"enemies":"The Mushroom Lair","floor":13,"turns":4}],"seed_played":"8233711997025057362","potions_obtained":[{"floor":1,"key":"PowerPotion"},{"floor":4,"key":"Ancient Potion"}],"is_trial":false,"path_per_floor":["M","?","?","M","?","R","E","R","T","E","?","M","?"],"character_chosen":"DEFECT","items_purchased":[],"campfire_rested":0,"item_purchase_floors":[],"current_hp_per_floor":[82,80,80,78,78,78,39,39,39,18,18,15,0],"gold":149,"neow_bonus":"TEN_PERCENT_HP_BONUS","is_prod":false,"is_daily":false,"chose_seed":false,"campfire_upgraded":2,"win_rate":0,"timestamp":1560735684,"path_taken":["M","?","?","M","?","R","E","R","T","E","?","M","?"],"build_version":"2019-01-23","purchased_purges":0,"victory":false,"max_hp_per_floor":[82,92,92,92,92,92,92,92,92,92,85,85,85],"card_choices":[{"not_picked":["Coolheaded","Turbo"],"picked":"Static Discharge","floor":1},{"not_picked":["Turbo","Doom and Gloom"],"picked":"Consume","floor":4},{"not_picked":["Rebound","Double Energy"],"picked":"Rainbow","floor":7},{"not_picked":["Leap","Blizzard"],"picked":"Heatsinks","floor":10},{"not_picked":["Compile Driver","Lockon"],"picked":"White Noise","floor":12}],"player_experience":44469,"relics_obtained":[{"floor":7,"key":"Gremlin Horn"},{"floor":10,"key":"Mercury Hourglass"}],"event_choices":[{"damage_healed":0,"gold_gain":0,"player_choice":"Success","damage_taken":12,"relics_obtained":["Pear"],"max_hp_gain":0,"max_hp_loss":0,"event_name":"Scrap Ooze","floor":2,"gold_loss":0},{"cards_removed":["Strike_B"],"damage_healed":0,"gold_gain":0,"player_choice":"Card Removal","damage_taken":0,"max_hp_gain":0,"max_hp_loss":0,"event_name":"The Cleric","floor":3,"gold_loss":50},{"damage_healed":0,"gold_gain":0,"player_choice":"Ignored","damage_taken":0,"max_hp_gain":0,"max_hp_loss":0,"event_name":"Liars Game","floor":5,"gold_loss":0},{"damage_healed":0,"gold_gain":0,"player_choice":"Lose Max HP","damage_taken":0,"relics_obtained":["Golden Idol"],"max_hp_gain":0,"max_hp_loss":7,"event_name":"Golden Idol","floor":11,"gold_loss":0},{"damage_healed":0,"gold_gain":0,"player_choice":"Fought Mushrooms","damage_taken":0,"max_hp_gain":0,"max_hp_loss":0,"event_name":"Mushrooms","floor":13,"gold_loss":0}],"is_beta":false,"boss_relics":[],"items_purged_floors":[],"is_endless":false,"potions_floor_spawned":[1,4],"killed_by":"The Mushroom Lair","ascension_level":1}