{"gold_per_floor":[126,138,161,173,204,227,339,28,52,72,83,83,94,13,13,114,114,124,124,124,140,55,55,88,99,125,125,158,169,185,195,195,195],"floor_reached":33,"playtime":1580,"items_purged":[],"score":323,"play_id":"188d369b-152f-43f2-9234-ae02e18f41fb","local_time":"20181006150412","is_ascension_mode":true,"campfire_choices":[{"data":"1","floor":12,"key":"LIFT"},{"data":"2","floor":15,"key":"LIFT"},{"data":"3","floor":23,"key":"LIFT"},{"floor":27,"key":"REST"},{"floor":32,"key":"REST"}],"neow_cost":"NONE","seed_source_timestamp":1202605567525199,"circlet_count":0,"master_deck":["Defend_G","Defend_G+1","Defend_G","Defend_G","Defend_G","Strike_G","Strike_G","Strike_G","Strike_G","Survivor","Neutralize","Backstab","Cloak And Dagger","Eviscerate","Unload","Predator","Prepared+1","Flying Knee","Finisher","Slice","Masterful Stab","Unload","Dagger Throw+1","Writhe","Flechettes+1","Setup+1","Acrobatics","Malaise","PiercingWail+1","Distraction","Backflip+1"],"relics":["Ring of the Snake","MawBank","Girya","Bag of Preparation","Runic Pyramid","Boot","Question Card","Art of War","Anchor","War Paint","Ice Cream"],"potions_floor_usage":[16,24,25,33,33,33],"damage_taken":[{"damage":8,"enemies":"2 Louse","floor":1,"turns":2},{"damage":0,"enemies":"Cultist","floor":3,"turns":3},{"damage":1,"enemies":"Jaw Worm","floor":5,"turns":3},{"damage":0,"enemies":"Looter","floor":6,"turns":3},{"damage":0,"enemies":"Exordium Thugs","floor":10,"turns":2},{"damage":0,"enemies":"Exordium Wildlife","floor":11,"turns":2},{"damage":0,"enemies":"Blue Slaver","floor":13,"turns":1},{"damage":46,"enemies":"The Guardian","floor":16,"turns":8},{"damage":14,"enemies":"Shell Parasite","floor":18,"turns":3},{"damage":0,"enemies":"Spheric Guardian","floor":21,"turns":1},{"damage":21,"enemies":"Gremlin Leader","floor":24,"turns":3},{"damage":13,"enemies":"Centurion and Healer","floor":25,"turns":3},{"damage":1,"enemies":"Slavers","floor":28,"turns":4},{"damage":0,"enemies":"3 Cultists","floor":29,"turns":3},{"damage":0,"enemies":"Snake Plant","floor":30,"turns":3},{"damage":0,"enemies":"Shelled Parasite and Fungi","floor":31,"turns":2},{"damage":66,"enemies":"Champ","floor":33,"turns":8}],"seed_played":"-5523333255100809475","potions_obtained":[{"floor":3,"key":"PowerPotion"},{"floor":10,"key":"EssenceOfSteel"},{"floor":13,"key":"Dexterity Potion"},{"floor":24,"key":"SkillPotion"},{"floor":28,"key":"GamblersBrew"},{"floor":30,"key":"FearPotion"},{"floor":31,"key":"SkillPotion"}],"is_trial":false,"path_per_floor":["M","$","M","?","M","M","?","$","T","M","M","R","M","$","R","B",null,"M","?","?","M","?","R","E","M","T","R","E","M","M","M","R"],"character_chosen":"THE_SILENT","items_purchased":["Girya","Prepared","Masterful Stab"],"campfire_rested":2,"item_purchase_floors":[8,8,14],"current_hp_per_floor":[62,62,62,62,61,61,61,61,61,61,61,61,61,61,61,15,70,56,56,56,56,56,56,35,22,22,43,42,42,42,42,63,0],"gold":195,"neow_bonus":"RANDOM_COMMON_RELIC","is_prod":false,"is_daily":false,"chose_seed":false,"campfire_upgraded":0,"win_rate":0,"timestamp":1538831052,"path_taken":["M","$","M","?","M","M","?","$","T","?","M","R","M","?","R","BOSS","M","?","?","M","?","R","E","M","T","R","E","M","M","M","R","BOSS"],"build_version":"2018-10-04v2","purchased_purges":0,"victory":false,"max_hp_per_floor":[70,70,70,70,70,70,70,70,70,70,70,70,70,70,70,70,70,70,70,70,70,70,70,70,70,70,70,70,70,70,70,70,70],"card_choices":[{"not_picked":["PiercingWail","Leg Sweep"],"picked":"Backstab","floor":1},{"not_picked":["Slice","Dodge and Roll"],"picked":"Cloak And Dagger","floor":3},{"not_picked":["Cloak And Dagger","Sucker Punch"],"picked":"Unload","floor":5},{"not_picked":["Concentrate","Dagger Spray"],"picked":"Predator","floor":6},{"not_picked":["Slice","Catalyst"],"picked":"Flying Knee","floor":10},{"not_picked":["Flechettes","Crippling Poison"],"picked":"Finisher","floor":11},{"not_picked":["Dagger Spray","Riddle With Holes"],"picked":"Slice","floor":13},{"not_picked":["Bullet Time","Wraith Form v2"],"picked":"Unload","floor":16},{"not_picked":["Bouncing Flask","Well Laid Plans+1"],"picked":"Dagger Throw+1","floor":18},{"not_picked":["Bane","Dash+1","Well Laid Plans"],"picked":"Flechettes+1","floor":21},{"not_picked":["Backstab","Blade Dance","Outmaneuver"],"picked":"Setup+1","floor":24},{"not_picked":["Tactician","Outmaneuver","Poisoned Stab"],"picked":"Acrobatics","floor":25},{"not_picked":["Choke","Quick Slash","Glass Knife"],"picked":"Malaise","floor":28},{"not_picked":["Deflect","Deadly Poison","Backflip"],"picked":"PiercingWail+1","floor":29},{"not_picked":["Well Laid Plans+1","Deflect","Sucker Punch"],"picked":"Distraction","floor":30},{"not_picked":["Riddle With Holes","Deflect","Accuracy"],"picked":"Backflip+1","floor":31}],"player_experience":228409,"relics_obtained":[{"floor":9,"key":"Bag of Preparation"},{"floor":24,"key":"Anchor"},{"floor":26,"key":"War Paint"},{"floor":28,"key":"Ice Cream"}],"event_choices":[{"event_name":"Transmorgrifier","player_choice":"Transform","floor":4,"damage_taken":0},{"event_name":"Golden Shrine","player_choice":"Pray","floor":7,"damage_taken":0},{"event_name":"WeMeetAgain","player_choice":"Potion","floor":19,"damage_taken":0},{"event_name":"The Mausoleum","player_choice":"Yes","floor":20,"damage_taken":0},{"event_name":"Addict","player_choice":"Obtained Relic","floor":22,"damage_taken":0}],"is_beta":false,"boss_relics":[{"not_picked":["Snecko Eye","Calling Bell"],"picked":"Runic Pyramid"}],"items_purged_floors":[],"is_endless":false,"potions_floor_spawned":[3,10,13,24,28,30,31],"killed_by":"Champ","ascension_level":3}