{"gold_per_floor":[116,13,33,52,52,52,84,84,84,100,100,118,153,153,153,227,277,288,288,288,40,16,16,50,50,50,50,68,17,17],"floor_reached":30,"playtime":1850,"items_purged":["Strike_B"],"score":558,"play_id":"b1997de8-a585-4b3b-be85-4cf20e8945a4","local_time":"20190803220614","is_ascension_mode":true,"campfire_choices":[{"data":"Jack Of All Trades","floor":6.0,"key":"SMITH"},{"floor":8.0,"key":"REST"},{"floor":11.0,"key":"REST"},{"data":"Beam Cell","floor":15,"key":"SMITH"},{"floor":23,"key":"REST"},{"floor":27,"key":"REST"}],"neow_cost":"TEN_PERCENT_HP_LOSS","seed_source_timestamp":101728689923566,"circlet_count":0,"master_deck":["AscendersBane","Strike_B","Strike_B","Strike_B+1","Defend_B","Defend_B","Defend_B","Defend_B","Zap","Dualcast","Jack Of All Trades+1","Panacea","Rip and Tear","Steam","Capacitor","Barrage","Tempest","Beam Cell+1","Sweeping Beam","Genetic Algorithm","Fission","Rebound","Capacitor","Auto Shields","Ball Lightning","Sweeping Beam","Shrug It Off","Choke","Conserve Battery"],"special_seed":0,"relics":["Cracked Core","CultistMask","Dodecahedron","Cables","Bag of Preparation","Tiny House","PrismaticShard","Blood Vial","MutagenicStrength","Matryoshka"],"potions_floor_usage":[16,18,24,30],"damage_taken":[{"damage":8.0,"enemies":"2 Louse","floor":1.0,"turns":4.0},{"damage":0.0,"enemies":"Cultist","floor":3.0,"turns":2.0},{"damage":7.0,"enemies":"Jaw Worm","floor":4.0,"turns":3.0},{"damage":44.0,"enemies":"Lagavulin","floor":7.0,"turns":8.0},{"damage":1.0,"enemies":"2 Fungi Beasts","floor":10.0,"turns":2.0},{"damage":24.0,"enemies":"3 Louse","floor":12.0,"turns":3.0},{"damage":0.0,"enemies":"Gremlin Nob","floor":13.0,"turns":2.0},{"damage":1,"enemies":"Slime Boss","floor":16,"turns":9},{"damage":22,"enemies":"2 Thieves","floor":18,"turns":2},{"damage":59,"enemies":"Gremlin Leader","floor":24,"turns":6},{"damage":18,"enemies":"Shell Parasite","floor":28,"turns":3},{"damage":15,"enemies":"Slavers","floor":30,"turns":2}],"seed_played":"1693089461426356090","potions_obtained":[{"floor":7.0,"key":"FearPotion"},{"floor":12.0,"key":"Block Potion"},{"floor":16,"key":"SteroidPotion"},{"floor":17,"key":"Regen Potion"},{"floor":28,"key":"AttackPotion"}],"is_trial":false,"path_per_floor":["M","$","M","M","?","R","E","R","T","M","R","M","E","?","R","B",null,"M","?","?","$","$","R","E","?","T","R","M","$","E"],"character_chosen":"DEFECT","items_purchased":["Steam","Ball Lightning","PrismaticShard","Sweeping Beam","Conserve Battery"],"campfire_rested":4,"item_purchase_floors":[2,21,21,22,29],"current_hp_per_floor":[56,56,56,49,49,49,5,24,24,23,42,18,18,18,18,17,57,35,35,35,35,35,55,8,8,8,28,12,12,0],"gold":17,"neow_bonus":"RANDOM_COLORLESS_2","is_prod":false,"is_daily":false,"chose_seed":false,"campfire_upgraded":2,"win_rate":0,"timestamp":1564884374,"path_taken":["M","$","M","M","?","R","E","R","T","?","R","M","E","?","R","BOSS","M","?","?","?","$","R","E","?","T","R","M","$","E"],"build_version":"2019-07-17","purchased_purges":1,"victory":false,"max_hp_per_floor":[64,64,64,64,64,64,64,64,64,64,64,64,64,64,64,64,69,69,69,69,69,69,69,69,69,69,69,69,69,69],"card_choices":[{"not_picked":["Redo","Sweeping Beam"],"picked":"Rip and Tear","floor":1.0},{"not_picked":["Force Field","Turbo"],"picked":"Capacitor","floor":3.0},{"not_picked":["Hologram","Streamline"],"picked":"Barrage","floor":4.0},{"not_picked":["Compile Driver","Redo"],"picked":"Tempest","floor":7.0},{"not_picked":["Steam","Turbo"],"picked":"Beam Cell","floor":10.0},{"not_picked":["Rebound","Storm"],"picked":"Sweeping Beam","floor":12.0},{"not_picked":["Leap","Coolheaded"],"picked":"Genetic Algorithm","floor":13.0},{"not_picked":["Electrodynamics","Amplify"],"picked":"Fission","floor":16},{"not_picked":["Recycle","Redo"],"picked":"Rebound","floor":17},{"not_picked":["Streamline","Turbo"],"picked":"Capacitor","floor":18},{"not_picked":["Havoc","Bane"],"picked":"Shrug It Off","floor":24},{"not_picked":["Bouncing Flask","Iron Wave"],"picked":"Choke","floor":28}],"player_experience":352175,"relics_obtained":[{"floor":7.0,"key":"Dodecahedron"},{"floor":9.0,"key":"Cables"},{"floor":13.0,"key":"Bag of Preparation"},{"floor":24,"key":"Blood Vial"},{"floor":26,"key":"Matryoshka"}],"event_choices":[{"damage_healed":0.0,"max_hp_gain":0.0,"max_hp_loss":0.0,"gold_gain":0.0,"event_name":"FaceTrader","player_choice":"Trade","floor":5.0,"gold_loss":0.0,"damage_taken":0.0,"relics_obtained":["CultistMask"]},{"damage_healed":0,"gold_gain":0,"player_choice":"Searched \u00270\u0027 times","damage_taken":0,"max_hp_gain":0,"max_hp_loss":0,"event_name":"Dead Adventurer","floor":14,"gold_loss":0},{"damage_healed":0,"gold_gain":0,"player_choice":"Read","damage_taken":0,"max_hp_gain":0,"max_hp_loss":0,"event_name":"The Library","floor":19,"gold_loss":0,"cards_obtained":["Auto Shields"]},{"damage_healed":0,"gold_gain":0,"player_choice":"Ignored","damage_taken":0,"max_hp_gain":0,"max_hp_loss":0,"event_name":"Ghosts","floor":20,"gold_loss":0},{"damage_healed":0,"gold_gain":0,"player_choice":"Inject Mutagens","damage_taken":0,"relics_obtained":["MutagenicStrength"],"max_hp_gain":0,"max_hp_loss":0,"event_name":"Drug Dealer","floor":25,"gold_loss":0}],"is_beta":false,"boss_relics":[{"not_picked":["Busted Crown","Coffee Dripper"],"picked":"Tiny House"}],"items_purged_floors":[2],"is_endless":false,"potions_floor_spawned":[7,12,16,28],"killed_by":"Slavers","ascension_level":20}