{"gold_per_floor":[112,37,37,61,61,75,100,100,123,123,123,123,442,465,465,596,596,611,624,624,645,645,645,688,688,688,133,147,147,165,190,190,313,313,327,327,128,128,146,146,170,186,237,237,256,1,1,17,17,17],"floor_reached":51,"playtime":3858,"items_purged":["Creative AI","Echo Form","Meteor Strike","All For One"],"score":761,"play_id":"16428dd4-8ae5-433a-9256-232def2f0ca5","local_time":"20190627193603","daily_mods":["Shiny","Specialized","Vintage"],"is_ascension_mode":false,"campfire_choices":[{"data":"Seek","floor":8,"key":"SMITH"},{"data":"Buffer","floor":10,"key":"SMITH"},{"data":"Fission","floor":12,"key":"SMITH"},{"data":"Multi-Cast","floor":15,"key":"SMITH"},{"data":"Electrodynamics","floor":23,"key":"SMITH"},{"data":"Thunder Strike","floor":25,"key":"SMITH"},{"data":"1","floor":32,"key":"LIFT"},{"data":"Rainbow","floor":40,"key":"SMITH"},{"data":"2","floor":44,"key":"LIFT"},{"data":"3","floor":49,"key":"LIFT"}],"neow_cost":"","seed_source_timestamp":729783964747879,"circlet_count":0,"master_deck":["Multi-Cast+1","Hyperbeam","Thunder Strike+1","Machine Learning","Electrodynamics+1","Buffer+1","Rainbow+1","Seek+1","Reboot","Amplify","Fission+1","Core Surge+1","Echo Form","Echo Form","Echo Form","Echo Form","Electrodynamics+1","Ball Lightning+1","Panache"],"relics":["Cracked Core","Pen Nib","Golden Idol","Orichalcum","Ancient Tea Set","Matryoshka","Strawberry","Art of War","Old Coin","Smiling Mask","Nuclear Battery","PreservedInsect","Dream Catcher","Potion Belt","Oddly Smooth Stone","Whetstone","Happy Flower","Bronze Scales","Strange Spoon","Girya","Bottled Lightning","Ornamental Fan","Gremlin Horn","Black Star","Vajra","DataDisk","FaceOfCleric","Turnip","Blood Vial","Bottled Flame","Regal Pillow","Mango","ClockworkSouvenir","Darkstone Periapt"],"potions_floor_usage":[16,45,50,50,50,50],"damage_taken":[{"damage":0,"enemies":"2 Louse","floor":1,"turns":1},{"damage":14,"enemies":"Jaw Worm","floor":4,"turns":4},{"damage":0,"enemies":"Cultist","floor":6,"turns":4},{"damage":0,"enemies":"Exordium Wildlife","floor":7,"turns":2},{"damage":25,"enemies":"Gremlin Gang","floor":13,"turns":4},{"damage":6,"enemies":"Blue Slaver","floor":14,"turns":2},{"damage":29,"enemies":"Slime Boss","floor":16,"turns":5},{"damage":14,"enemies":"2 Thieves","floor":18,"turns":3},{"damage":0,"enemies":"3 Byrds","floor":19,"turns":2},{"damage":0,"enemies":"Snecko","floor":21,"turns":3},{"damage":15,"enemies":"Book of Stabbing","floor":24,"turns":3},{"damage":0,"enemies":"Snake Plant","floor":28,"turns":1},{"damage":6,"enemies":"Centurion and Healer","floor":30,"turns":3},{"damage":0,"enemies":"Snecko","floor":31,"turns":2},{"damage":26,"enemies":"Collector","floor":33,"turns":4},{"damage":0,"enemies":"3 Darklings","floor":35,"turns":3},{"damage":5,"enemies":"3 Shapes","floor":39,"turns":3},{"damage":7,"enemies":"Spire Growth","floor":41,"turns":3},{"damage":20,"enemies":"Transient","floor":42,"turns":5},{"damage":4,"enemies":"Writhing Mass","floor":45,"turns":3},{"damage":0,"enemies":"Jaw Worm Horde","floor":48,"turns":2},{"damage":34,"enemies":"Donu and Deca","floor":50,"turns":4}],"seed_played":"-6386933762902433921","potions_obtained":[{"floor":4,"key":"FairyPotion"},{"floor":6,"key":"AttackPotion"},{"floor":14,"key":"FairyPotion"},{"floor":16,"key":"Strength Potion"},{"floor":19,"key":"Block Potion"},{"floor":21,"key":"FocusPotion"},{"floor":31,"key":"FocusPotion"},{"floor":39,"key":"Ancient Potion"},{"floor":48,"key":"SkillPotion"}],"is_trial":true,"path_per_floor":["M","$","?","M","?","M","M","R","T","R","?","R","M","M","R","B",null,"M","M","?","M","?","R","E","R","T","$","M","T","M","M","R","B",null,"M","?","$","?","M","R","M","M","T","R","M","$","?","M","R","B",null],"character_chosen":"DEFECT","items_purchased":["Happy Flower","Bronze Scales","Strange Spoon","DataDisk","ClockworkSouvenir"],"campfire_rested":0,"item_purchase_floors":[27,27,27,37,46],"current_hp_per_floor":[75,75,57,43,43,43,43,43,50,50,92,92,67,61,61,32,92,78,78,75,75,75,75,60,60,60,60,60,60,54,54,54,28,92,92,92,92,92,88,88,82,65,65,65,78,78,78,81,81,50],"gold":17,"neow_bonus":"","is_prod":false,"is_daily":false,"chose_seed":false,"campfire_upgraded":7,"win_rate":0,"timestamp":1561631763,"path_taken":["M","$","?","M","?","M","?","R","T","R","?","R","M","M","R","BOSS","M","?","?","?","?","R","E","R","T","$","?","?","M","M","R","BOSS","M","?","$","?","M","R","M","M","T","R","?","$","?","M","R","BOSS"],"build_version":"2019-01-23","purchased_purges":4,"victory":true,"max_hp_per_floor":[75,75,75,75,75,75,75,75,82,82,92,92,92,92,92,92,92,92,92,92,92,92,92,92,92,92,92,92,92,92,92,92,92,92,92,92,92,92,93,93,94,95,95,95,110,110,110,111,111,112],"card_choices":[{"not_picked":["Fission","Biased Cognition"],"picked":"Electrodynamics","floor":16},{"not_picked":["Redo","Barrage"],"picked":"Ball Lightning","floor":24},{"not_picked":["Forethought","Apotheosis"],"picked":"Panache","floor":47}],"player_experience":71759,"relics_obtained":[{"floor":1,"key":"Pen Nib"},{"floor":4,"key":"Orichalcum"},{"floor":6,"key":"Ancient Tea Set"},{"floor":7,"key":"Matryoshka"},{"floor":9,"key":"Strawberry"},{"floor":9,"key":"Art of War"},{"floor":13,"key":"Old Coin"},{"floor":14,"key":"Smiling Mask"},{"floor":18,"key":"PreservedInsect"},{"floor":19,"key":"Dream Catcher"},{"floor":21,"key":"Potion Belt"},{"floor":24,"key":"Oddly Smooth Stone"},{"floor":26,"key":"Whetstone"},{"floor":28,"key":"Girya"},{"floor":29,"key":"Bottled Lightning"},{"floor":30,"key":"Ornamental Fan"},{"floor":31,"key":"Gremlin Horn"},{"floor":35,"key":"Vajra"},{"floor":39,"key":"Turnip"},{"floor":41,"key":"Blood Vial"},{"floor":42,"key":"Bottled Flame"},{"floor":43,"key":"Regal Pillow"},{"floor":45,"key":"Mango"},{"floor":48,"key":"Darkstone Periapt"}],"event_choices":[{"damage_healed":0,"gold_gain":0,"player_choice":"Take Damage","damage_taken":18,"relics_obtained":["Golden Idol"],"max_hp_gain":0,"max_hp_loss":0,"event_name":"Golden Idol","floor":3,"gold_loss":0},{"cards_removed":["Biased Cognition"],"damage_healed":0,"gold_gain":0,"player_choice":"Purged","damage_taken":0,"max_hp_gain":0,"max_hp_loss":0,"event_name":"Purifier","floor":5,"gold_loss":0},{"cards_removed":["Echo Form"],"damage_healed":32,"gold_gain":0,"player_choice":"Offered Rare","damage_taken":0,"max_hp_gain":10,"max_hp_loss":0,"event_name":"Bonfire Elementals","floor":11,"gold_loss":0},{"damage_healed":0,"gold_gain":0,"player_choice":"Punched","damage_taken":3,"max_hp_gain":0,"max_hp_loss":0,"event_name":"Designer","floor":20,"gold_loss":0},{"damage_healed":0,"gold_gain":0,"player_choice":"Upgraded","damage_taken":0,"max_hp_gain":0,"max_hp_loss":0,"event_name":"Upgrade Shrine","floor":22,"gold_loss":0,"cards_upgraded":["Electrodynamics"]},{"damage_healed":0,"gold_gain":0,"player_choice":"Ignored","damage_taken":0,"max_hp_gain":0,"max_hp_loss":0,"event_name":"The Moai Head","floor":36,"gold_loss":0},{"damage_healed":0,"gold_gain":0,"player_choice":"Trade","damage_taken":0,"relics_obtained":["FaceOfCleric"],"max_hp_gain":0,"max_hp_loss":0,"event_name":"FaceTrader","floor":38,"gold_loss":0},{"damage_healed":0,"gold_gain":0,"player_choice":"Memory 1","damage_taken":0,"max_hp_gain":0,"max_hp_loss":0,"event_name":"SensoryStone","floor":47,"gold_loss":0}],"is_beta":false,"boss_relics":[{"not_picked":["White Beast Statue","Snecko Eye"],"picked":"Nuclear Battery"},{"not_picked":["Runic Pyramid","Cursed Key"],"picked":"Black Star"}],"items_purged_floors":[2,27,37,46],"is_endless":false,"potions_floor_spawned":[4,6,14,16,19,21,31,39,48],"ascension_level":0}