{"gold_per_floor":[111,121,121,134,134,134,146,179,179,179,505,505,522,522,522,522],"floor_reached":16,"playtime":586,"items_purged":[],"score":157,"play_id":"b20696f5-0ebe-49b8-ad5e-c6b551e45209","local_time":"20181116155732","is_ascension_mode":true,"campfire_choices":[{"floor":6,"key":"REST"},{"floor":15,"key":"REST"}],"neow_cost":"NONE","seed_source_timestamp":1111271319773376,"circlet_count":0,"master_deck":["Defend_G","Defend_G+1","Defend_G","Defend_G","Defend_G","Strike_G","Strike_G","Strike_G","Strike_G+1","Strike_G","Survivor","Neutralize","Catalyst","Poisoned Stab","Crippling Poison","Distraction","Poisoned Stab","Well Laid Plans","Injury"],"relics":["Ring of the Snake","NeowsBlessing","Turnip","Bird Faced Urn","Mango","Old Coin","Golden Idol"],"potions_floor_usage":[11],"damage_taken":[{"damage":0,"enemies":"Jaw Worm","floor":1,"turns":1},{"damage":0,"enemies":"Small Slimes","floor":2,"turns":1},{"damage":0,"enemies":"Cultist","floor":4,"turns":1},{"damage":4,"enemies":"2 Fungi Beasts","floor":7,"turns":3},{"damage":18,"enemies":"Gremlin Nob","floor":8,"turns":4},{"damage":25,"enemies":"3 Sentries","floor":11,"turns":8},{"damage":6,"enemies":"Looter","floor":13,"turns":3},{"damage":62,"enemies":"Slime Boss","floor":16,"turns":11}],"seed_played":"4900650167500074297","potions_obtained":[{"floor":4,"key":"Poison Potion"},{"floor":13,"key":"Dexterity Potion"}],"is_trial":false,"path_per_floor":["M","M","?","M","?","R","M","E","T","T","E","?","M","?","R","B"],"character_chosen":"THE_SILENT","items_purchased":[],"campfire_rested":2,"item_purchase_floors":[],"current_hp_per_floor":[70,70,56,56,56,70,66,48,48,62,37,42,36,36,62,2],"gold":522,"neow_bonus":"THREE_ENEMY_KILL","is_prod":false,"is_daily":false,"chose_seed":false,"campfire_upgraded":0,"win_rate":0,"timestamp":1542380252,"path_taken":["M","M","?","M","?","R","M","E","T","?","E","?","?","?","R","BOSS"],"build_version":"2018-11-15","purchased_purges":0,"victory":false,"max_hp_per_floor":[70,70,70,70,70,70,70,70,70,84,84,89,89,89,89,89],"card_choices":[{"not_picked":["Dagger Throw","Bane"],"picked":"Catalyst","floor":1},{"not_picked":["Backflip","Expertise"],"picked":"Poisoned Stab","floor":2},{"not_picked":["Prepared","Leg Sweep"],"picked":"Crippling Poison","floor":4},{"not_picked":["Riddle With Holes","Terror","Outmaneuver"],"picked":"SKIP","floor":7},{"not_picked":["PiercingWail","Skewer"],"picked":"Distraction","floor":8},{"not_picked":["Predator","Flying Knee"],"picked":"Poisoned Stab","floor":11},{"not_picked":["Poisoned Stab","Deflect"],"picked":"Well Laid Plans","floor":13}],"player_experience":277175,"relics_obtained":[{"floor":8,"key":"Turnip"},{"floor":9,"key":"Bird Faced Urn"},{"floor":10,"key":"Mango"},{"floor":11,"key":"Old Coin"}],"event_choices":[{"damage_healed":0,"gold_gain":0,"player_choice":"Entered Light","damage_taken":14,"max_hp_gain":0,"max_hp_loss":0,"event_name":"Shining Light","floor":3,"gold_loss":0,"cards_upgraded":["Defend_G","Strike_G"]},{"damage_healed":0,"gold_gain":0,"player_choice":"Ignored","damage_taken":0,"max_hp_gain":0,"max_hp_loss":0,"event_name":"Golden Wing","floor":5,"gold_loss":0},{"damage_healed":0,"gold_gain":0,"player_choice":"Donut","damage_taken":0,"max_hp_gain":5,"max_hp_loss":0,"event_name":"Big Fish","floor":12,"gold_loss":0},{"damage_healed":0,"gold_gain":0,"player_choice":"Take Wound","damage_taken":0,"relics_obtained":["Golden Idol"],"max_hp_gain":0,"max_hp_loss":0,"event_name":"Golden Idol","floor":14,"gold_loss":0,"cards_obtained":["Injury"]}],"is_beta":false,"boss_relics":[],"items_purged_floors":[],"is_endless":false,"potions_floor_spawned":[4,13],"killed_by":"Slime Boss","ascension_level":4}