{"gold_per_floor":[113,63,63,83,94,94,124,124,124,135,32,67,85,113,113,218,218,234,234,252,8,28,28,0,32,32,32,66,66,97,97,97,192,242,262,278,295,340,340,369,369,401,401,436,447,463,480,22,22,22,22,22,22,54,54],"floor_reached":56,"playtime":5579,"items_purged":["Strike_R","Strike_R"],"score":1820,"play_id":"c862fb7a-6586-467b-811e-acb5bfb5db24","local_time":"20190821205816","is_ascension_mode":true,"campfire_choices":[{"data":"Whirlwind","floor":6.0,"key":"SMITH"},{"data":"Bash","floor":8.0,"key":"SMITH"},{"data":"Bloodletting","floor":15.0,"key":"SMITH"},{"data":"Double Tap","floor":23,"key":"SMITH"},{"floor":27,"key":"REST"},{"floor":29,"key":"REST"},{"data":"Exhume","floor":32,"key":"SMITH"},{"floor":41,"key":"REST"},{"floor":49,"key":"RECALL"},{"data":"Wraith Form v2","floor":52,"key":"SMITH"}],"neow_cost":"NONE","seed_source_timestamp":88196238536100,"circlet_count":0,"master_deck":["AscendersBane","Strike_R+1","Strike_R+1","Defend_R+1","Defend_R+1","Defend_R+1","Bash+1","Seeing Red","Bloodletting+1","Whirlwind+1","Rampage+1","Pommel Strike","Armaments","Bludgeon","Thunderclap","Exhume+1","Double Tap+1","Headbutt+1","Battle Trance+1","PiercingWail","Meteor Strike","Setup","Skim+1","Wraith Form v2+1","Gash","Go for the Eyes+1","Hologram+1","PiercingWail","PanicButton","Dark Shackles","Secret Weapon","Enlightenment+1","Violence","Blind+1","Clash+1","Sweeping Beam+1","Double Tap+1","Twin Strike+1"],"special_seed":0,"relics":["Burning Blood","Letter Opener","Smiling Mask","Centennial Puzzle","Pear","Philosopher\u0027s Stone","Oddly Smooth Stone","PrismaticShard","Gambling Chip","Mercury Hourglass","Pen Nib","Shuriken","Tiny House","Thread and Needle","Anchor","Frozen Egg 2","Boot","DollysMirror","Self Forming Clay","Dead Branch"],"potions_floor_usage":[20,30,33,35,38,44,45,50,55,55],"damage_taken":[{"damage":10.0,"enemies":"2 Louse","floor":1.0,"turns":3.0},{"damage":5.0,"enemies":"Jaw Worm","floor":4.0,"turns":3.0},{"damage":5.0,"enemies":"Small Slimes","floor":5.0,"turns":3.0},{"damage":15.0,"enemies":"3 Sentries","floor":7.0,"turns":4.0},{"damage":16.0,"enemies":"3 Louse","floor":10.0,"turns":2.0},{"damage":8.0,"enemies":"Gremlin Nob","floor":12.0,"turns":3.0},{"damage":3.0,"enemies":"2 Fungi Beasts","floor":13.0,"turns":2.0},{"damage":27.0,"enemies":"3 Sentries","floor":14.0,"turns":5.0},{"damage":63.0,"enemies":"Slime Boss","floor":16.0,"turns":7.0},{"damage":27.0,"enemies":"Shell Parasite","floor":18.0,"turns":3.0},{"damage":6,"enemies":"2 Thieves","floor":20,"turns":2},{"damage":6,"enemies":"Centurion and Healer","floor":22,"turns":3},{"damage":32,"enemies":"Slavers","floor":25,"turns":3},{"damage":30,"enemies":"Gremlin Leader","floor":28,"turns":3},{"damage":7,"enemies":"Book of Stabbing","floor":30,"turns":3},{"damage":22,"enemies":"Champ","floor":33,"turns":3},{"damage":2,"enemies":"Orb Walker","floor":35,"turns":2},{"damage":0,"enemies":"3 Darklings","floor":36,"turns":3},{"damage":15,"enemies":"Maw","floor":37,"turns":5},{"damage":7,"enemies":"2 Orb Walkers","floor":38,"turns":3},{"damage":47,"enemies":"Giant Head","floor":40,"turns":8},{"damage":6,"enemies":"Reptomancer","floor":42,"turns":4},{"damage":24,"enemies":"Nemesis","floor":44,"turns":7},{"damage":0,"enemies":"Jaw Worm Horde","floor":45,"turns":1},{"damage":9,"enemies":"Transient","floor":46,"turns":5},{"damage":3,"enemies":"Writhing Mass","floor":47,"turns":3},{"damage":76,"enemies":"Donu and Deca","floor":50,"turns":8},{"damage":18,"enemies":"Shield and Spear","floor":54,"turns":6},{"damage":59,"enemies":"The Heart","floor":55,"turns":9}],"seed_played":"6454032156808161918","potions_obtained":[{"floor":5.0,"key":"LiquidBronze"},{"floor":7.0,"key":"LiquidBronze"},{"floor":14.0,"key":"Regen Potion"},{"floor":16.0,"key":"AttackPotion"},{"floor":22,"key":"Poison Potion"},{"floor":28,"key":"FearPotion"},{"floor":30,"key":"FearPotion"},{"floor":34,"key":"Fruit Juice"},{"floor":38,"key":"LiquidBronze"},{"floor":40,"key":"Regen Potion"},{"floor":44,"key":"Energy Potion"},{"floor":45,"key":"Explosive Potion"},{"floor":46,"key":"Weak Potion"},{"floor":54,"key":"PowerPotion"}],"is_trial":false,"path_per_floor":["M","?","?","M","M","R","E","R","T","M","$","E","M","E","R","B",null,"M","?","M","$","M","R","?","E","T","R","E","R","E","?","R","B",null,"M","M","M","?","?","E","R","E","T","E","M","M","M","$","R","B",null,"R","$","E","B",null],"character_chosen":"IRONCLAD","items_purchased":["Armaments","PrismaticShard","DollysMirror","Self Forming Clay"],"campfire_rested":3,"item_purchase_floors":[11,21,48,48],"current_hp_per_floor":[76,76,76,77,78,78,69,69,69,59,59,57,60,49,49,7,75,54,54,54,54,54,54,54,28,28,57,33,62,61,61,61,45,90,99,105,96,95,85,44,76,76,76,73,79,76,79,79,79,9,83,83,83,71,18],"gold":54,"neow_bonus":"TEN_PERCENT_HP_BONUS","is_prod":false,"is_daily":false,"chose_seed":false,"campfire_upgraded":6,"win_rate":0,"timestamp":1566435496,"path_taken":["M","?","?","M","M","R","E","R","T","M","$","E","M","E","R","BOSS","M","?","M","$","M","R","?","E","T","R","E","R","E","?","R","BOSS","M","M","M","?","?","E","R","E","T","E","M","M","M","$","R","BOSS","R","$","E","BOSS"],"build_version":"2019-07-17","purchased_purges":2,"victory":true,"max_hp_per_floor":[88,88,88,88,88,88,88,88,88,88,88,88,88,98,98,98,98,98,98,98,98,98,98,98,98,98,98,98,98,98,98,98,98,103,108,108,108,108,108,108,108,108,108,108,108,108,108,108,108,108,108,108,108,108,108],"card_choices":[{"not_picked":["Sword Boomerang","Body Slam"],"picked":"Seeing Red","floor":1.0},{"not_picked":["Flex","Heavy Blade","Warcry"],"picked":"SKIP","floor":4.0},{"not_picked":["Heavy Blade","Blood for Blood"],"picked":"Whirlwind","floor":5.0},{"not_picked":["Fire Breathing","Limit Break"],"picked":"Rampage","floor":7.0},{"not_picked":["Carnage","Warcry"],"picked":"Pommel Strike","floor":10.0},{"not_picked":["Clash","Combust"],"picked":"Bludgeon","floor":12.0},{"not_picked":["Anger","Perfected Strike"],"picked":"Thunderclap","floor":13.0},{"not_picked":["Combust","Inflame"],"picked":"Exhume","floor":14.0},{"not_picked":["Dark Embrace","Immolate"],"picked":"Double Tap","floor":16.0},{"not_picked":["True Grit","Power Through"],"picked":"Headbutt+1","floor":18.0},{"not_picked":["Clothesline+1","Rupture+1"],"picked":"Battle Trance+1","floor":20},{"not_picked":["Heavy Blade","Feel No Pain"],"picked":"PiercingWail","floor":22},{"not_picked":["Undo","Escape Plan"],"picked":"Meteor Strike","floor":25},{"not_picked":["Outmaneuver","Havoc"],"picked":"Setup","floor":28},{"not_picked":["Sunder","Chaos"],"picked":"Skim+1","floor":30},{"not_picked":["Adrenaline","Dark Embrace"],"picked":"Wraith Form v2","floor":33},{"not_picked":["Carnage","Heavy Blade"],"picked":"Gash","floor":34},{"not_picked":["Footwork+1","Clothesline","Twin Strike"],"picked":"SKIP","floor":35},{"not_picked":["Underhanded Strike","Battle Trance+1"],"picked":"Go for the Eyes+1","floor":36},{"not_picked":["Storm+1","Reflex"],"picked":"Hologram+1","floor":37},{"not_picked":["Mind Blast","All Out Attack+1"],"picked":"PiercingWail","floor":38},{"not_picked":["Madness","The Bomb"],"picked":"PanicButton","floor":39},{"not_picked":["Finesse","Trip"],"picked":"Dark Shackles","floor":39},{"not_picked":["Impatience","Apotheosis"],"picked":"Secret Weapon","floor":39},{"not_picked":["Riddle With Holes","Ghostly Armor"],"picked":"Enlightenment+1","floor":40},{"not_picked":["Heatsinks","Headbutt","Prepared"],"picked":"SKIP","floor":42},{"not_picked":["Self Repair+1","Bullet Time"],"picked":"Violence","floor":44},{"not_picked":["Footwork+1","Redo+1"],"picked":"Blind+1","floor":45},{"not_picked":["Cloak And Dagger","Evolve+1"],"picked":"Clash+1","floor":46},{"not_picked":["Concentrate+1","Gash"],"picked":"Sweeping Beam+1","floor":47},{"not_picked":["Sword Boomerang","True Grit+1"],"picked":"Twin Strike+1","floor":54}],"player_experience":431697,"relics_obtained":[{"floor":7.0,"key":"Letter Opener"},{"floor":9.0,"key":"Smiling Mask"},{"floor":12.0,"key":"Centennial Puzzle"},{"floor":14.0,"key":"Pear"},{"floor":25,"key":"Gambling Chip"},{"floor":26,"key":"Mercury Hourglass"},{"floor":28,"key":"Pen Nib"},{"floor":30,"key":"Shuriken"},{"floor":38,"key":"Thread and Needle"},{"floor":40,"key":"Anchor"},{"floor":42,"key":"Frozen Egg 2"},{"floor":44,"key":"Boot"},{"floor":54,"key":"Dead Branch"}],"event_choices":[{"cards_removed":["Defend_R"],"damage_healed":0.0,"max_hp_gain":0.0,"max_hp_loss":0.0,"gold_gain":0.0,"event_name":"The Cleric","player_choice":"Card Removal","floor":2.0,"gold_loss":50.0,"damage_taken":0.0},{"damage_healed":0.0,"max_hp_gain":0.0,"max_hp_loss":0.0,"gold_gain":0.0,"cards_transformed":["Strike_R"],"event_name":"Living Wall","player_choice":"Change","floor":3.0,"gold_loss":0.0,"damage_taken":0.0,"cards_obtained":["Bloodletting"]},{"damage_healed":0.0,"max_hp_gain":0.0,"max_hp_loss":0.0,"gold_gain":0.0,"event_name":"The Mausoleum","player_choice":"Opened","floor":19.0,"gold_loss":0.0,"damage_taken":0.0,"relics_obtained":["Oddly Smooth Stone"]},{"damage_healed":0,"gold_gain":0,"player_choice":"Paid Fearfully","damage_taken":0,"max_hp_gain":0,"max_hp_loss":0,"event_name":"Masked Bandits","floor":24,"gold_loss":28},{"damage_healed":0,"gold_gain":0,"player_choice":"Simplicity","damage_taken":0,"max_hp_gain":0,"max_hp_loss":0,"event_name":"Back to Basics","floor":31,"gold_loss":0,"cards_upgraded":["Strike_R","Strike_R","Defend_R","Defend_R","Defend_R"]},{"damage_healed":0,"gold_gain":0,"player_choice":"Fight","damage_taken":0,"max_hp_gain":0,"max_hp_loss":0,"event_name":"Mysterious Sphere","floor":38,"gold_loss":0},{"damage_healed":0,"gold_gain":0,"player_choice":"Memory 3","damage_taken":10,"max_hp_gain":0,"max_hp_loss":0,"event_name":"SensoryStone","floor":39,"gold_loss":0}],"is_beta":false,"boss_relics":[{"not_picked":["Eternal Feather","Busted Crown"],"picked":"Philosopher\u0027s Stone"},{"not_picked":["Pandora\u0027s Box","Runic Dome"],"picked":"Tiny House"}],"items_purged_floors":[11,21],"is_endless":false,"potions_floor_spawned":[5,7,14,16,22,25,28,30,38,40,44,45,46,47,54],"ascension_level":10}