{"path_per_floor":["M","M","M","M","M","E","M","?","T","R","E","R","E","M","R","B",null,"M","M","?","$","?","?","E","M","T","M","$","R","M","E","R","B",null,"M","M","?","M","M"],"character_chosen":"IRONCLAD","items_purchased":["Matryoshka","Medical Kit","Anger","Rupture"],"gold_per_floor":[116,132,147,159,172,198,218,218,243,243,277,277,307,319,319,421,451,471,485,485,234,234,234,299,315,315,335,2,2,17,46,46,146,146,158,175,175,194,211],"floor_reached":40,"campfire_rested":2,"playtime":3067,"current_hp_per_floor":[80,73,73,73,69,43,38,38,38,62,44,44,32,44,68,64,85,80,80,80,80,80,80,78,79,79,60,60,60,55,49,49,49,85,58,50,50,54,46],"items_purged":[],"gold":211,"play_id":"a8f56e4a-d90a-47f1-a4e7-8ee56875f664","is_prod":false,"is_daily":false,"is_ascension_mode":false,"campfire_upgraded":3,"path_taken":["M","M","M","M","M","E","M","?","T","R","E","R","E","M","R","BOSS","M","M","?","$","?","?","E","M","T","M","?","R","?","E","R","BOSS","M","M","?","M","M","E"],"build_version":"2018-01-25-PROD3","purchased_purges":1,"victory":false,"master_deck":["Strike_R+1","Strike_R+1","Strike_R+1","Strike_R+1","Strike_R+1","Defend_R+1","Defend_R+1","Defend_R+1","Defend_R+1","Bash","Clash","Cleave","Burning Pact","Iron Wave","Flex+1","Rage","Uppercut","Parasite","Inflame+1","Shrug It Off","Dual Wield","Double Tap+1","Clash","Anger","Pommel Strike+1","Brutality+1","Pain","Heavy Blade","Anger","Rupture+1","Cleave","Clash","Reaper","Flex+1","Perfected Strike+1","Bloodletting","Double Tap","Cleave+1","Warcry+1","Iron Wave+1","Armaments+1","Shrug It Off+1"],"max_hp_per_floor":[80,80,80,80,80,80,80,80,80,80,80,80,80,80,80,80,85,85,85,85,85,85,85,85,85,85,85,85,85,85,85,85,85,85,85,85,85,85,85],"relics":["Cursed Key","Pantograph","Pen Nib","Meat on the Bone","Blood Vial","Tiny House","Matryoshka","Tiny Chest","Ancient Tea Set","Calipers","Medical Kit","Vajra","Orrery"],"card_choices":[{"not_picked":["Blood for Blood","Headbutt"],"picked":"Clash"},{"not_picked":["Pommel Strike","Impervious"],"picked":"Cleave"},{"not_picked":["Thunderclap","Reckless Charge"],"picked":"Burning Pact"},{"not_picked":["Body Slam","Heavy Blade"],"picked":"Iron Wave"},{"not_picked":["Clothesline","True Grit"],"picked":"Flex"},{"not_picked":["Metallicize","True Grit"],"picked":"Rage"},{"not_picked":["Disarm","Flex"],"picked":"Uppercut"},{"not_picked":["Perfected Strike","Burning Pact"],"picked":"Inflame"},{"not_picked":["Feel No Pain","Body Slam"],"picked":"Shrug It Off"},{"not_picked":["Body Slam","Limit Break"],"picked":"Dual Wield"},{"not_picked":["Feed","Fiend Fire"],"picked":"Double Tap"},{"not_picked":["Metallicize","Pommel Strike"],"picked":"Clash"},{"not_picked":["Cleave","Rupture"],"picked":"Anger"},{"not_picked":["Perfected Strike","Shrug It Off"],"picked":"Pommel Strike"},{"not_picked":["Perfected Strike","Burning Pact"],"picked":"Brutality"},{"not_picked":["Combust","Clothesline"],"picked":"Warcry"},{"not_picked":["Rage","Sword Boomerang"],"picked":"Heavy Blade"},{"not_picked":["Body Slam","Thunderclap"],"picked":"Cleave"},{"not_picked":["Perfected Strike","Rupture"],"picked":"Clash"},{"not_picked":["Barricade","Dark Embrace"],"picked":"Reaper"},{"not_picked":["Pommel Strike","Perfected Strike"],"picked":"Flex"},{"not_picked":["Blood for Blood","Pommel Strike"],"picked":"Perfected Strike"},{"not_picked":["Combust","Cleave"],"picked":"Bloodletting"},{"not_picked":["Twin Strike","Clothesline"],"picked":"Double Tap"},{"not_picked":["Second Wind","True Grit"],"picked":"Cleave"},{"not_picked":["True Grit","Heavy Blade"],"picked":"Warcry"},{"not_picked":["Armaments","Spot Weakness"],"picked":"Iron Wave"},{"not_picked":["Second Wind","Dropkick"],"picked":"Armaments"},{"not_picked":["Sword Boomerang","Thunderclap"],"picked":"Shrug It Off"}],"player_experience":33773,"potions_floor_usage":[11,11,16,24,25,33,33,35],"damage_taken":[{"damage":0,"enemies":"Cultist","floor":1,"turns":3},{"damage":7,"enemies":"Blue Slaver","floor":2,"turns":3},{"damage":0,"enemies":"Small Slimes","floor":3,"turns":3},{"damage":0,"enemies":"Exordium Wildlife","floor":4,"turns":3},{"damage":4,"enemies":"3 Louse","floor":5,"turns":3},{"damage":26,"enemies":"Gremlin Nob","floor":6,"turns":4},{"damage":5,"enemies":"Looter","floor":7,"turns":3},{"damage":18,"enemies":"3 Sentries","floor":11,"turns":5},{"damage":24,"enemies":"Gremlin Nob","floor":13,"turns":4},{"damage":2,"enemies":"Large Slime","floor":14,"turns":4},{"damage":16,"enemies":"The Guardian","floor":16,"turns":7},{"damage":5,"enemies":"2 Thieves","floor":18,"turns":3},{"damage":2,"enemies":"Chosen","floor":19,"turns":3},{"damage":4,"enemies":"Gremlin Leader","floor":24,"turns":8},{"damage":1,"enemies":"Centurion and Healer","floor":25,"turns":3},{"damage":21,"enemies":"Snake Plant","floor":27,"turns":4},{"damage":7,"enemies":"Chosen and Byrds","floor":30,"turns":3},{"damage":8,"enemies":"Book of Stabbing","floor":31,"turns":2},{"damage":39,"enemies":"Champ","floor":33,"turns":7},{"damage":49,"enemies":"3 Darklings","floor":35,"turns":3},{"damage":20,"enemies":"Orb Walker","floor":36,"turns":3},{"damage":34,"enemies":"Sphere and 2 Shapes","floor":38,"turns":4},{"damage":22,"enemies":"3 Darklings","floor":39,"turns":2},{"damage":76,"enemies":"Giant Head","floor":40,"turns":6}],"event_choices":[{"event_name":"Upgrade Shrine","player_choice":"Upgraded","floor":8,"damage_taken":0},{"event_name":"Upgrade Shrine","player_choice":"Upgraded","floor":20,"damage_taken":0},{"event_name":"Back to Basics","player_choice":"Simplicity","floor":22,"damage_taken":0},{"event_name":"Beggar","player_choice":"Ignored","floor":23,"damage_taken":0}],"boss_relics":[{"not_picked":["Sozu","Question Card"],"picked":"Tiny House"},{"not_picked":["Runic Cube","Eternal Feather"],"picked":"Orrery"}],"potions_floor_spawned":[1,6,7,16,19,24,27,36],"seed_played":"1660517809829392732","killed_by":"Giant Head","ascension_level":0,"is_trial":false}