{"gold_per_floor":[113,113,128,51,65,65,80,80,80,99,99,118,145,162,162,240,240,260,185,202,38,51,84,97,128,128,28,41,61,61,61,61,138,138,151,151,26,26,42,71,71,96,96,125,125,156,156,156,156,156,156,156,156,6,32,32],"floor_reached":57,"playtime":3240,"items_purged":["Strike_G","Strike_G","Strike_G","Strike_G"],"score":3195,"play_id":"76ef6413-67fe-499a-b13d-4ee5d88898fa","local_time":"20190830153214","is_ascension_mode":true,"campfire_choices":[{"data":"Flechettes","floor":6.0,"key":"SMITH"},{"data":"Neutralize","floor":8.0,"key":"SMITH"},{"data":"Venomology","floor":11.0,"key":"SMITH"},{"floor":15.0,"key":"REST"},{"data":"Well Laid Plans","floor":30.0,"key":"SMITH"},{"floor":32.0,"key":"RECALL"},{"data":"Survivor","floor":41.0,"key":"SMITH"},{"floor":47.0,"key":"REST"},{"data":"Defend_G","floor":49.0,"key":"SMITH"},{"data":"Defend_G","floor":53.0,"key":"SMITH"}],"neow_cost":"NONE","seed_source_timestamp":0,"circlet_count":0,"master_deck":["AscendersBane","Defend_G","Defend_G+1","Defend_G","Defend_G","Defend_G+1","Survivor+1","Neutralize+1","Venomology+1","Flechettes+1","Reflex+1","Acrobatics+1","Die Die Die","Tactician+1","After Image","Backflip+1","Finesse+1","Well Laid Plans+1","Reflex+1","Prepared+1"],"special_seed":0,"relics":["Ring of the Serpent","Toxic Egg 2","Mercury Hourglass","Ancient Tea Set","HoveringKite","Matryoshka","Incense Burner","Bronze Scales","Bottled Flame","Art of War","Pear","Gambling Chip","Omamori","Vajra","Happy Flower"],"potions_floor_usage":[56,56],"damage_taken":[{"damage":11.0,"enemies":"Cultist","floor":1.0,"turns":6.0},{"damage":4.0,"enemies":"Jaw Worm","floor":3.0,"turns":4.0},{"damage":0.0,"enemies":"Small Slimes","floor":5.0,"turns":4.0},{"damage":0.0,"enemies":"Blue Slaver","floor":7.0,"turns":5.0},{"damage":8.0,"enemies":"Large Slime","floor":10.0,"turns":5.0},{"damage":0.0,"enemies":"Looter","floor":12.0,"turns":3.0},{"damage":24.0,"enemies":"Lagavulin","floor":13.0,"turns":8.0},{"damage":0.0,"enemies":"Lots of Slimes","floor":14.0,"turns":1.0},{"damage":0.0,"enemies":"Slime Boss","floor":16.0,"turns":8.0},{"damage":15.0,"enemies":"Spheric Guardian","floor":18.0,"turns":4.0},{"damage":9.0,"enemies":"Chosen","floor":20.0,"turns":4.0},{"damage":0.0,"enemies":"Centurion and Healer","floor":22.0,"turns":7.0},{"damage":0.0,"enemies":"Book of Stabbing","floor":23.0,"turns":5.0},{"damage":1.0,"enemies":"Snake Plant","floor":24.0,"turns":6.0},{"damage":7.0,"enemies":"Slavers","floor":25.0,"turns":6.0},{"damage":5.0,"enemies":"Shelled Parasite and Fungi","floor":28.0,"turns":4.0},{"damage":0.0,"enemies":"3 Cultists","floor":29.0,"turns":4.0},{"damage":23.0,"enemies":"Champ","floor":33.0,"turns":11.0},{"damage":7.0,"enemies":"3 Darklings","floor":35.0,"turns":4.0},{"damage":0.0,"enemies":"3 Shapes","floor":39.0,"turns":3.0},{"damage":0.0,"enemies":"Giant Head","floor":40.0,"turns":4.0},{"damage":0.0,"enemies":"Reptomancer","floor":42.0,"turns":3.0},{"damage":35.0,"enemies":"Nemesis","floor":44.0,"turns":11.0},{"damage":14.0,"enemies":"Reptomancer","floor":46.0,"turns":4.0},{"damage":0.0,"enemies":"Donu and Deca","floor":50.0,"turns":6.0},{"damage":15.0,"enemies":"Time Eater","floor":51.0,"turns":8.0},{"damage":0,"enemies":"Shield and Spear","floor":55,"turns":6},{"damage":68,"enemies":"The Heart","floor":56,"turns":8}],"seed_played":"2","potions_obtained":[{"floor":3.0,"key":"FearPotion"},{"floor":7.0,"key":"GhostInAJar"},{"floor":14.0,"key":"Strength Potion"},{"floor":16.0,"key":"Regen Potion"},{"floor":23.0,"key":"Energy Potion"},{"floor":28.0,"key":"Fruit Juice"},{"floor":44.0,"key":"SpeedPotion"},{"floor":46.0,"key":"Regen Potion"}],"is_trial":false,"path_per_floor":["M","?","M","$","M","R","M","R","T","M","R","M","E","M","R","B",null,"M","?","M","$","M","E","M","E","T","$","M","M","R","?","R","B",null,"M","?","$","?","M","E","R","E","T","E","$","E","R","?","R","B","B",null,"R","$","E","B",null],"character_chosen":"THE_SILENT","items_purchased":["Flechettes","Finesse+1"],"campfire_rested":2,"item_purchase_floors":[4,21],"current_hp_per_floor":[48,48,44,44,44,44,44,44,44,36,36,36,12,12,31,31,57,51,51,54,54,54,54,53,46,46,46,46,46,46,46,46,23,59,52,52,52,52,52,52,52,52,62,27,27,13,37,66,66,66,51,62,62,62,62,4],"gold":32,"neow_bonus":"ONE_RANDOM_RARE_CARD","is_prod":false,"is_daily":false,"chose_seed":false,"campfire_upgraded":7,"win_rate":0,"timestamp":1567150334,"path_taken":["M","?","M","$","?","R","M","R","T","M","R","M","E","M","R","BOSS","M","?","M","$","M","E","M","E","T","$","M","M","R","?","R","BOSS","M","?","$","?","M","E","R","E","T","E","?","E","R","?","R","BOSS","BOSS","R","$","E","BOSS"],"build_version":"2019-07-17","purchased_purges":4,"victory":true,"max_hp_per_floor":[66,66,66,66,66,66,66,66,66,66,66,66,66,66,66,66,66,66,66,66,66,66,66,66,66,66,66,71,71,71,71,71,71,71,71,71,71,71,71,71,71,71,81,81,81,81,81,66,66,66,66,66,66,66,66,66],"card_choices":[{"not_picked":["Poisoned Stab","Flying Knee"],"picked":"Choke","floor":1.0},{"not_picked":["Bane","Concentrate+1","Finisher"],"picked":"SKIP","floor":3.0},{"not_picked":["Quick Slash","Caltrops","Finisher"],"picked":"SKIP","floor":5.0},{"not_picked":["Cloak And Dagger+1","Dodge and Roll+1"],"picked":"Reflex+1","floor":7.0},{"not_picked":["Leg Sweep+1","Dash","Outmaneuver+1"],"picked":"SKIP","floor":10.0},{"not_picked":["Skewer","Blade Dance+1"],"picked":"Acrobatics+1","floor":12.0},{"not_picked":["Skewer","Sucker Punch"],"picked":"Die Die Die","floor":13.0},{"not_picked":["Dagger Spray","Backflip+1"],"picked":"Tactician+1","floor":14.0},{"not_picked":["Phantasmal Killer+1","Malaise+1"],"picked":"After Image","floor":16.0},{"not_picked":["Eviscerate","PiercingWail+1"],"picked":"Backflip+1","floor":18.0},{"not_picked":["Underhanded Strike","Dodge and Roll+1","Skewer"],"picked":"SKIP","floor":20.0},{"not_picked":["PiercingWail+1","Backflip+1"],"picked":"Well Laid Plans","floor":22.0},{"not_picked":["Blade Dance+1","Noxious Fumes","Poisoned Stab"],"picked":"SKIP","floor":23.0},{"not_picked":["Masterful Stab","Catalyst+1","Infinite Blades"],"picked":"SKIP","floor":24.0},{"not_picked":["Malaise+1","Dagger Throw","Quick Slash"],"picked":"SKIP","floor":25.0},{"not_picked":["PiercingWail+1","Acrobatics+1","Endless Agony"],"picked":"SKIP","floor":28.0},{"not_picked":["Envenom","Setup+1"],"picked":"Reflex+1","floor":29.0},{"not_picked":["Acrobatics+1","Underhanded Strike+1"],"picked":"Prepared+1","floor":35.0},{"not_picked":["Finisher","Catalyst+1","Distraction+1"],"picked":"SKIP","floor":39.0},{"not_picked":["Slice+1","Blade Dance+1","PiercingWail+1"],"picked":"SKIP","floor":40.0},{"not_picked":["Footwork","Caltrops","Heel Hook+1"],"picked":"SKIP","floor":42.0},{"not_picked":["Riddle With Holes","Cloak And Dagger+1","Prepared+1"],"picked":"SKIP","floor":44.0},{"not_picked":["Phantasmal Killer+1","Bane","Night Terror+1"],"picked":"SKIP","floor":46.0},{"not_picked":["Setup+1","Blade Dance+1","Bane"],"picked":"SKIP","floor":55}],"player_experience":907616,"relics_obtained":[{"floor":9.0,"key":"Mercury Hourglass"},{"floor":13.0,"key":"Ancient Tea Set"},{"floor":23.0,"key":"Matryoshka"},{"floor":25.0,"key":"Incense Burner"},{"floor":26.0,"key":"Bronze Scales"},{"floor":40.0,"key":"Bottled Flame"},{"floor":42.0,"key":"Art of War"},{"floor":43.0,"key":"Pear"},{"floor":43.0,"key":"Gambling Chip"},{"floor":44.0,"key":"Omamori"},{"floor":46.0,"key":"Vajra"},{"floor":55,"key":"Happy Flower"}],"event_choices":[{"cards_removed":["Choke"],"damage_healed":0.0,"max_hp_gain":0.0,"max_hp_loss":0.0,"gold_gain":0.0,"event_name":"WeMeetAgain","player_choice":"Gave Card","floor":2.0,"gold_loss":0.0,"damage_taken":0.0,"relics_obtained":["Toxic Egg 2"]},{"cards_removed":["Strike_G"],"damage_healed":0.0,"max_hp_gain":0.0,"max_hp_loss":0.0,"gold_gain":0.0,"event_name":"Beggar","player_choice":"Gave Gold","floor":19.0,"gold_loss":75.0,"damage_taken":0.0},{"damage_healed":0.0,"max_hp_gain":0.0,"max_hp_loss":0.0,"gold_gain":0.0,"event_name":"Ghosts","player_choice":"Ignored","floor":31.0,"gold_loss":0.0,"damage_taken":0.0},{"damage_healed":0.0,"max_hp_gain":0.0,"max_hp_loss":0.0,"gold_gain":0.0,"event_name":"Tomb of Lord Red Mask","player_choice":"Ignored","floor":36.0,"gold_loss":0.0,"damage_taken":0.0},{"damage_healed":0.0,"max_hp_gain":0.0,"max_hp_loss":0.0,"gold_gain":0.0,"event_name":"SensoryStone","player_choice":"Memory 1","floor":38.0,"gold_loss":0.0,"damage_taken":0.0},{"damage_healed":66.0,"max_hp_gain":0.0,"max_hp_loss":15.0,"gold_gain":0.0,"event_name":"The Moai Head","player_choice":"Heal","floor":48.0,"gold_loss":0.0,"damage_taken":0.0}],"is_beta":false,"boss_relics":[{"not_picked":["Tiny House","Sozu"],"picked":"HoveringKite"},{"not_picked":["Runic Pyramid","Eternal Feather"],"picked":"Ring of the Serpent"}],"items_purged_floors":[21,27,37,54],"is_endless":false,"potions_floor_spawned":[3,7,14,16,20,23,28,29,39,42,44,46,55],"ascension_level":20}