{"gold_per_floor":[116,129,139,152,152,152,77,77,101,116,128,128,140,157,157,256,256,271,8,18,33,48,48,73,73,73,2,14,14,14],"floor_reached":30,"playtime":2552,"items_purged":["Parasite"],"score":246,"play_id":"093e04eb-f84c-4287-8da9-5dcce9bcd709","local_time":"20190628005808","is_ascension_mode":false,"campfire_choices":[{"data":"Sunder","floor":6,"key":"SMITH"},{"data":"Defragment","floor":8,"key":"SMITH"},{"data":"Defragment","floor":12,"key":"SMITH"},{"data":"Genetic Algorithm","floor":15,"key":"SMITH"},{"floor":23,"key":"REST"},{"floor":25,"key":"REST"}],"neow_cost":"CURSE","seed_source_timestamp":760379511688524,"circlet_count":0,"master_deck":["Strike_B","Defend_B","Zap","Dualcast","Defragment+1","Biased Cognition","Turbo","Conserve Battery","Sunder+1","Defragment+1","Genetic Algorithm+1","Creative AI","Echo Form","Reinforced Body+1","Double Energy+1","Skim+1","Storm","Conserve Battery+1","Heatsinks"],"relics":["Cracked Core","Blood Vial","Astrolabe","Chemical X","Lantern","Regal Pillow"],"potions_floor_usage":[16,16,24,30],"damage_taken":[{"damage":1,"enemies":"Cultist","floor":1,"turns":3},{"damage":1,"enemies":"2 Louse","floor":2,"turns":2},{"damage":10,"enemies":"Small Slimes","floor":3,"turns":3},{"damage":3,"enemies":"Looter","floor":4,"turns":4},{"damage":0,"enemies":"Exordium Thugs","floor":10,"turns":3},{"damage":11,"enemies":"Large Slime","floor":11,"turns":2},{"damage":7,"enemies":"Blue Slaver","floor":13,"turns":3},{"damage":0,"enemies":"Exordium Wildlife","floor":14,"turns":3},{"damage":42,"enemies":"Hexaghost","floor":16,"turns":8},{"damage":4,"enemies":"Chosen","floor":18,"turns":5},{"damage":29,"enemies":"2 Thieves","floor":20,"turns":4},{"damage":31,"enemies":"Chosen and Byrds","floor":21,"turns":7},{"damage":8,"enemies":"Snecko","floor":22,"turns":3},{"damage":27,"enemies":"Slavers","floor":24,"turns":7},{"damage":20,"enemies":"Centurion and Healer","floor":28,"turns":5},{"damage":10,"enemies":"Chosen and Byrds","floor":30,"turns":1}],"seed_played":"914835330739309935","potions_obtained":[{"floor":2,"key":"SteroidPotion"},{"floor":4,"key":"Weak Potion"},{"floor":10,"key":"Poison Potion"},{"floor":18,"key":"Fire Potion"},{"floor":28,"key":"PowerPotion"}],"is_trial":false,"path_per_floor":["M","M","M","M","?","R","$","R","T","M","M","R","M","M","R","B",null,"M","$","M","M","M","R","E","R","T","$","M","?","M"],"character_chosen":"DEFECT","items_purchased":["Storm","Chemical X","Heatsinks"],"campfire_rested":2,"item_purchase_floors":[19,19,27],"current_hp_per_floor":[74,73,63,60,60,60,60,60,60,62,53,53,48,50,50,10,72,68,68,41,12,6,27,2,23,23,23,5,5,0],"gold":14,"neow_bonus":"TRANSFORM_TWO_CARDS","is_prod":false,"is_daily":false,"chose_seed":false,"campfire_upgraded":4,"win_rate":0,"timestamp":1561651088,"path_taken":["M","M","?","M","?","R","$","R","T","M","M","R","?","M","R","BOSS","M","$","M","M","M","R","E","R","T","$","M","?","M"],"build_version":"2019-01-23","purchased_purges":1,"victory":false,"max_hp_per_floor":[75,75,75,75,75,75,72,72,72,72,72,72,72,72,72,72,72,72,72,72,72,72,72,72,72,72,72,72,72,72],"card_choices":[{"not_picked":["Recycle","Beam Cell"],"picked":"Turbo","floor":1},{"not_picked":["Sweeping Beam","Fusion"],"picked":"Conserve Battery","floor":2},{"not_picked":["Go for the Eyes","Sweeping Beam","Fusion"],"picked":"SKIP","floor":3},{"not_picked":["Go for the Eyes","Fusion","Streamline"],"picked":"SKIP","floor":4},{"not_picked":["Hologram","Sweeping Beam","Streamline"],"picked":"SKIP","floor":10},{"not_picked":["Scrape","Go for the Eyes"],"picked":"Defragment","floor":11},{"not_picked":["Melter","Cold Snap"],"picked":"Genetic Algorithm","floor":13},{"not_picked":["Leap","Conserve Battery"],"picked":"Creative AI","floor":14},{"not_picked":["All For One","Biased Cognition"],"picked":"Echo Form","floor":16},{"not_picked":["Ball Lightning","Undo","Beam Cell"],"picked":"SKIP","floor":18},{"not_picked":["Beam Cell","Melter","Scrape+1"],"picked":"SKIP","floor":20},{"not_picked":["Hologram","Turbo","Barrage"],"picked":"SKIP","floor":21},{"not_picked":["Barrage","Ball Lightning"],"picked":"Conserve Battery+1","floor":22},{"not_picked":["Blizzard","Sunder","Ball Lightning"],"picked":"SKIP","floor":24},{"not_picked":["Beam Cell+1","Glacier","BootSequence"],"picked":"SKIP","floor":28}],"player_experience":86523,"relics_obtained":[{"floor":9,"key":"Blood Vial"},{"floor":24,"key":"Lantern"},{"floor":26,"key":"Regal Pillow"}],"event_choices":[{"damage_healed":0,"gold_gain":0,"cards_transformed":["Strike_B"],"player_choice":"Transformed","damage_taken":0,"max_hp_gain":0,"max_hp_loss":0,"event_name":"Transmorgrifier","floor":5,"gold_loss":0,"cards_obtained":["Sunder"]},{"damage_healed":0,"gold_gain":0,"player_choice":"Ignored","damage_taken":0,"max_hp_gain":0,"max_hp_loss":0,"event_name":"N\u0027loth","floor":29,"gold_loss":0}],"is_beta":false,"boss_relics":[{"not_picked":["Tiny House","Coffee Dripper"],"picked":"Astrolabe"}],"items_purged_floors":[7],"is_endless":false,"potions_floor_spawned":[2,4,10,18,28],"killed_by":"Chosen and Byrds","ascension_level":0}