{"gold_per_floor":[116,132,149,149,70,70,127,139,178,209,254,266,291,303,315,431,443,475,503,515,527],"floor_reached":21,"playtime":1275,"items_purged":[],"score":249,"play_id":"9d08abe7-aca0-4cf3-bb05-d9836db6d177","local_time":"20181212211226","is_ascension_mode":true,"campfire_choices":[{"data":"Footwork","floor":6,"key":"SMITH"},{"floor":8,"key":"REST"},{"floor":12,"key":"REST"},{"floor":15,"key":"REST"}],"neow_cost":"NONE","seed_source_timestamp":472796855179966,"circlet_count":0,"master_deck":["Survivor","Neutralize","Poisoned Stab","Footwork+1","Footwork","Infinite Blades","Quick Slash","Dagger Spray","Corpse Explosion","Blur","Distraction","Acrobatics","Sucker Punch","Quick Slash","Deflect","Prepared","Cloak And Dagger","Poisoned Stab","Finisher","Calculated Gamble+1"],"relics":["Ring of the Snake","Ancient Tea Set","MawBank","Omamori","Paper Crane","Pandora\u0027s Box","Calipers"],"potions_floor_usage":[16,21,21],"damage_taken":[{"damage":9,"enemies":"Jaw Worm","floor":1,"turns":7},{"damage":10,"enemies":"Cultist","floor":2,"turns":4},{"damage":5,"enemies":"2 Louse","floor":3,"turns":3},{"damage":50,"enemies":"3 Sentries","floor":7,"turns":12},{"damage":1,"enemies":"Large Slime","floor":10,"turns":6},{"damage":8,"enemies":"Lagavulin","floor":11,"turns":12},{"damage":15,"enemies":"3 Louse","floor":13,"turns":3},{"damage":34,"enemies":"The Guardian","floor":16,"turns":13},{"damage":11,"enemies":"Shell Parasite","floor":18,"turns":8},{"damage":22,"enemies":"3 Byrds","floor":19,"turns":3},{"damage":44,"enemies":"Masked Bandits","floor":21,"turns":3}],"seed_played":"2489966265588787892","potions_obtained":[{"floor":2,"key":"SmokeBomb"},{"floor":10,"key":"Fire Potion"},{"floor":11,"key":"Dexterity Potion"},{"floor":19,"key":"Dexterity Potion"}],"is_trial":false,"path_per_floor":["M","M","M","?","$","R","?","R","T","M","E","R","M","?","R","B",null,"M","M","?","?"],"character_chosen":"THE_SILENT","items_purchased":["Footwork"],"campfire_rested":3,"item_purchase_floors":[5],"current_hp_per_floor":[61,51,46,80,80,80,30,54,54,53,45,69,54,59,84,50,76,65,43,43,0],"gold":527,"neow_bonus":"RANDOM_COMMON_RELIC","is_prod":false,"is_daily":false,"chose_seed":false,"campfire_upgraded":1,"win_rate":0,"timestamp":1544645546,"path_taken":["M","M","M","?","?","R","?","R","T","M","E","R","M","?","R","BOSS","M","M","?","?"],"build_version":"2018-12-06","purchased_purges":0,"victory":false,"max_hp_per_floor":[70,70,70,80,80,80,80,80,80,80,80,80,80,85,85,85,85,85,85,85,85],"card_choices":[{"not_picked":["Slice","Cloak And Dagger"],"picked":"Poisoned Stab","floor":1},{"not_picked":["Blade Dance","Dagger Throw"],"picked":"Grand Finale","floor":2},{"not_picked":["Deflect","Bane"],"picked":"Footwork","floor":3},{"not_picked":["Reflex","Cloak And Dagger"],"picked":"Infinite Blades","floor":7},{"not_picked":["Acrobatics","Slice"],"picked":"Quick Slash","floor":10},{"not_picked":["Tactician","Expertise","Masterful Stab"],"picked":"SKIP","floor":11},{"not_picked":["Flying Knee","Blade Dance"],"picked":"Dagger Spray","floor":13},{"not_picked":["Doppelganger","Bullet Time"],"picked":"Corpse Explosion","floor":16},{"not_picked":["Riddle With Holes","Outmaneuver"],"picked":"Calculated Gamble+1","floor":18},{"not_picked":["Outmaneuver","Dagger Throw+1","Blade Dance"],"picked":"SKIP","floor":19}],"player_experience":331708,"relics_obtained":[{"floor":7,"key":"MawBank"},{"floor":9,"key":"Omamori"},{"floor":11,"key":"Paper Crane"}],"event_choices":[{"cards_removed":["Grand Finale"],"damage_healed":24,"gold_gain":0,"player_choice":"Offered Rare","damage_taken":0,"max_hp_gain":10,"max_hp_loss":0,"event_name":"Bonfire Elementals","floor":4,"gold_loss":0},{"damage_healed":0,"gold_gain":30,"player_choice":"Searched \u00272\u0027 times","damage_taken":0,"max_hp_gain":0,"max_hp_loss":0,"event_name":"Dead Adventurer","floor":7,"gold_loss":0},{"damage_healed":0,"gold_gain":0,"player_choice":"Donut","damage_taken":0,"max_hp_gain":5,"max_hp_loss":0,"event_name":"Big Fish","floor":14,"gold_loss":0},{"damage_healed":0,"gold_gain":0,"player_choice":"Opened","damage_taken":0,"relics_obtained":["Calipers"],"max_hp_gain":0,"max_hp_loss":0,"event_name":"The Mausoleum","floor":20,"gold_loss":0,"cards_obtained":["Writhe"]},{"damage_healed":0,"gold_gain":0,"player_choice":"Fought Bandits","damage_taken":0,"max_hp_gain":0,"max_hp_loss":0,"event_name":"Masked Bandits","floor":21,"gold_loss":0}],"is_beta":false,"boss_relics":[{"not_picked":["Empty Cage","Runic Pyramid"],"picked":"Pandora\u0027s Box"}],"items_purged_floors":[],"is_endless":false,"potions_floor_spawned":[2,10,11,19],"killed_by":"Masked Bandits","ascension_level":5}