{"gold_per_floor":[115,125,125,144,69,99,5,30,30,42,59,77,92,122,122,222,222,234,43,62,62,62,62,92,109,134,134,134,160,160,171,171,268,268,278,296,316,327,327,354,371,371,395,395],"floor_reached":44,"playtime":2587,"items_purged":["Defend_R"],"score":800,"play_id":"ccb9d86d-30b8-444d-841b-4fc6d4344da7","local_time":"20190824223659","is_ascension_mode":true,"campfire_choices":[{"data":"Secret Technique","floor":15,"key":"SMITH"},{"data":"Demon Form","floor":23,"key":"SMITH"},{"data":"Anger","floor":27,"key":"SMITH"},{"data":"Armaments","floor":30,"key":"SMITH"},{"floor":32,"key":"REST"}],"neow_cost":"PERCENT_DAMAGE","seed_source_timestamp":433344802758100,"circlet_count":0,"master_deck":["Strike_R","Strike_R","Strike_R","Defend_R","Defend_R+1","Defend_R","Bash","Dramatic Entrance","Secret Technique+1","Metallicize","Cleave","Whirlwind","Cleave","Flash of Steel","Metallicize","Anger+1","Armaments+1","Demon Form+1","Flame Barrier+1","Limit Break","Flex","Inflame+1","Hemokinesis+1","RitualDagger","Heavy Blade+1","Limit Break","Spot Weakness+1","Heavy Blade","Seeing Red+1","Heavy Blade+1"],"relics":["Burning Blood","Bag of Marbles","Self Forming Clay","Blood Vial","Omamori","Sozu","Toolbox","Nilry\u0027s Codex","Vajra","Happy Flower","War Paint","Shuriken","Black Star","Toxic Egg 2","Sundial"],"potions_floor_usage":[10,13,16,25,29],"damage_taken":[{"damage":5,"enemies":"Small Slimes","floor":1,"turns":4},{"damage":3,"enemies":"Cultist","floor":2,"turns":4},{"damage":0,"enemies":"Jaw Worm","floor":4,"turns":5},{"damage":21,"enemies":"3 Sentries","floor":6,"turns":4},{"damage":26,"enemies":"Gremlin Nob","floor":8,"turns":4},{"damage":0,"enemies":"Blue Slaver","floor":10,"turns":3},{"damage":0,"enemies":"2 Fungi Beasts","floor":11,"turns":1},{"damage":0,"enemies":"Exordium Wildlife","floor":12,"turns":1},{"damage":3,"enemies":"Exordium Thugs","floor":13,"turns":4},{"damage":23,"enemies":"3 Sentries","floor":14,"turns":4},{"damage":6,"enemies":"Slime Boss","floor":16,"turns":6},{"damage":8,"enemies":"3 Byrds","floor":18,"turns":4},{"damage":0,"enemies":"2 Thieves","floor":20,"turns":1},{"damage":22,"enemies":"Book of Stabbing","floor":24,"turns":5},{"damage":19,"enemies":"Sentry and Sphere","floor":25,"turns":4},{"damage":2,"enemies":"Gremlin Leader","floor":29,"turns":3},{"damage":2,"enemies":"3 Cultists","floor":31,"turns":3},{"damage":49,"enemies":"Champ","floor":33,"turns":8},{"damage":11,"enemies":"3 Shapes","floor":35,"turns":2},{"damage":0,"enemies":"3 Darklings","floor":36,"turns":2},{"damage":25,"enemies":"4 Shapes","floor":37,"turns":2},{"damage":30,"enemies":"Maw","floor":38,"turns":5},{"damage":28,"enemies":"Reptomancer","floor":40,"turns":3},{"damage":13,"enemies":"Writhing Mass","floor":41,"turns":3},{"damage":22,"enemies":"Nemesis","floor":44,"turns":1}],"seed_played":"-7670744478804819813","potions_obtained":[{"floor":6,"key":"Fire Potion"},{"floor":8,"key":"Strength Potion"},{"floor":11,"key":"AttackPotion"},{"floor":13,"key":"Fruit Juice"},{"floor":16,"key":"Poison Potion"}],"is_trial":false,"path_per_floor":["M","M","?","M","$","E","$","E","T","M","M","M","M","E","R","B",null,"M","$","M","?","?","R","E","M","T","R","?","E","R","M","R","B",null,"M","M","M","M","?","E","M","?","T","E"],"character_chosen":"IRONCLAD","items_purchased":["Flash of Steel","Toolbox"],"campfire_rested":1,"item_purchase_floors":[7,19],"current_hp_per_floor":[52,55,55,61,61,46,46,26,26,34,42,50,60,45,45,47,76,76,76,84,68,68,68,54,43,43,43,37,43,43,49,74,33,72,69,77,60,38,38,18,13,13,13,0],"gold":395,"neow_bonus":"RANDOM_COLORLESS_2","is_prod":false,"is_daily":false,"chose_seed":false,"campfire_upgraded":4,"win_rate":0,"timestamp":1566711419,"path_taken":["M","M","?","?","?","E","?","E","T","M","?","M","M","E","R","BOSS","M","$","M","?","?","R","E","M","T","R","?","E","R","M","R","BOSS","M","M","M","M","?","E","M","?","T","E"],"build_version":"2019-07-17","purchased_purges":1,"victory":false,"max_hp_per_floor":[80,80,80,80,80,80,80,80,80,80,80,80,85,85,85,85,85,85,85,85,85,85,85,85,85,85,85,85,85,85,85,85,85,85,85,85,85,85,81,81,81,81,81,81],"card_choices":[{"not_picked":["Perfected Strike","True Grit"],"picked":"Metallicize","floor":1},{"not_picked":["Headbutt","Rupture"],"picked":"Cleave","floor":2},{"not_picked":["Fiend Fire","Heavy Blade"],"picked":"Whirlwind","floor":4},{"not_picked":["Sword Boomerang","Dropkick"],"picked":"Cleave","floor":6},{"not_picked":["Rage","Flex"],"picked":"Metallicize","floor":8},{"not_picked":["Second Wind","Sentinel"],"picked":"Anger","floor":10},{"not_picked":["Pommel Strike","Carnage"],"picked":"Armaments","floor":11},{"not_picked":["Heavy Blade","Havoc","Headbutt"],"picked":"SKIP","floor":12},{"not_picked":["Seeing Red","Body Slam"],"picked":"Demon Form","floor":13},{"not_picked":["Sword Boomerang","Thunderclap"],"picked":"Flame Barrier","floor":14},{"not_picked":["Exhume","Demon Form"],"picked":"Limit Break","floor":16},{"not_picked":["Perfected Strike+1","Anger+1"],"picked":"Flex","floor":18},{"not_picked":["Wild Strike","Burning Pact"],"picked":"Inflame+1","floor":20},{"not_picked":["Body Slam","True Grit"],"picked":"Hemokinesis+1","floor":24},{"not_picked":["Feel No Pain","Blood for Blood","Havoc"],"picked":"SKIP","floor":25},{"not_picked":["Demon Form","Thunderclap","Shockwave"],"picked":"SKIP","floor":29},{"not_picked":["Wild Strike","Battle Trance"],"picked":"Heavy Blade+1","floor":31},{"not_picked":["Offering","Immolate"],"picked":"Limit Break","floor":33},{"not_picked":["Body Slam","Armaments","Corruption+1"],"picked":"SKIP","floor":35},{"not_picked":["Perfected Strike+1","Whirlwind+1","Armaments"],"picked":"SKIP","floor":36},{"not_picked":["Second Wind+1","Thunderclap"],"picked":"Spot Weakness+1","floor":37},{"not_picked":["Iron Wave","Fiend Fire"],"picked":"Heavy Blade","floor":38},{"not_picked":["Anger+1","Immolate"],"picked":"Seeing Red+1","floor":40},{"not_picked":["Searing Blow","Shrug It Off+1"],"picked":"Heavy Blade+1","floor":41}],"player_experience":154247,"relics_obtained":[{"floor":6,"key":"Bag of Marbles"},{"floor":8,"key":"Self Forming Clay"},{"floor":9,"key":"Blood Vial"},{"floor":14,"key":"Omamori"},{"floor":21,"key":"Nilry\u0027s Codex"},{"floor":24,"key":"Happy Flower"},{"floor":26,"key":"War Paint"},{"floor":29,"key":"Shuriken"},{"floor":40,"key":"Toxic Egg 2"},{"floor":40,"key":"Sundial"}],"event_choices":[{"cards_removed":["Strike_R"],"damage_healed":0,"gold_gain":0,"player_choice":"Purged","damage_taken":0,"max_hp_gain":0,"max_hp_loss":0,"event_name":"Purifier","floor":3,"gold_loss":0},{"damage_healed":0,"gold_gain":0,"player_choice":"Obtained Book","damage_taken":16,"max_hp_gain":0,"max_hp_loss":0,"event_name":"Cursed Tome","floor":21,"gold_loss":0},{"damage_healed":0,"gold_gain":0,"player_choice":"Opened","damage_taken":0,"relics_obtained":["Vajra"],"max_hp_gain":0,"max_hp_loss":0,"event_name":"The Mausoleum","floor":22,"gold_loss":0},{"damage_healed":0,"gold_gain":0,"player_choice":"Joined the Cult","damage_taken":6,"max_hp_gain":0,"max_hp_loss":0,"event_name":"Nest","floor":28,"gold_loss":0,"cards_obtained":["RitualDagger"]},{"damage_healed":0,"gold_gain":0,"player_choice":"Max HP","damage_taken":0,"max_hp_gain":0,"max_hp_loss":4,"event_name":"Winding Halls","floor":39,"gold_loss":0},{"cards_removed":["Strike_R"],"damage_healed":0,"gold_gain":0,"player_choice":"Removed Attack","damage_taken":0,"max_hp_gain":0,"max_hp_loss":0,"event_name":"Falling","floor":42,"gold_loss":0}],"is_beta":false,"boss_relics":[{"not_picked":["Orrery","Runic Dome"],"picked":"Sozu"},{"not_picked":["Philosopher\u0027s Stone","Astrolabe"],"picked":"Black Star"}],"items_purged_floors":[5],"is_endless":false,"potions_floor_spawned":[6,8,11,13,16,20,25,29,33,36,37,38],"killed_by":"Nemesis","ascension_level":9}