{"gold_per_floor":[117,117,46,46,46,46,81,95,144,144,170,170,201,201,201,301,301,318,318,331,331,343,378,378,168,168,168,168,187,87,100,100,205,205,218,93,104,121,140,140,140,140,140,186,186,186,197,207,207,207],"floor_reached":51,"playtime":2560,"items_purged":["Writhe","Strike_R","Strike_R"],"score":706,"play_id":"ba7fad12-1fd1-49ab-b402-0cc8b11bce83","local_time":"20181227192207","is_ascension_mode":false,"campfire_choices":[{"data":"Bash","floor":6,"key":"SMITH"},{"floor":12,"key":"REST"},{"floor":15,"key":"REST"},{"floor":24,"key":"REST"},{"data":"Thunderclap","floor":32,"key":"SMITH"},{"data":"Demon Form","floor":40,"key":"SMITH"},{"data":"Inflame","floor":42,"key":"SMITH"},{"floor":45,"key":"REST"},{"data":"Limit Break","floor":49,"key":"SMITH"}],"neow_cost":"NONE","seed_source_timestamp":256256781145562,"circlet_count":0,"master_deck":["Strike_R+1","Defend_R","Defend_R","Defend_R","Defend_R","Bash+1","Pommel Strike","Clash","Whirlwind+1","Impervious","Inflame+1","Thunderclap","Double Tap","Shrug It Off","Inflame+1","Battle Trance+1","Thunderclap+1","Flash of Steel","Battle Trance","Demon Form+1","Limit Break+1","Flash of Steel"],"relics":["Burning Blood","Pen Nib","Boot","Strawberry","Blood Vial","Mark of Pain","Letter Opener","Paper Frog","Self Forming Clay","Philosopher\u0027s Stone","Ornamental Fan","StoneCalendar"],"potions_floor_usage":[16,18,33,33,33,44,44,50,50],"damage_taken":[{"damage":5,"enemies":"Small Slimes","floor":1,"turns":3},{"damage":21,"enemies":"Lagavulin","floor":7,"turns":5},{"damage":15,"enemies":"Jaw Worm","floor":8,"turns":4},{"damage":17,"enemies":"3 Sentries","floor":11,"turns":3},{"damage":14,"enemies":"Gremlin Nob","floor":13,"turns":3},{"damage":41,"enemies":"Slime Boss","floor":16,"turns":10},{"damage":5,"enemies":"3 Byrds","floor":18,"turns":3},{"damage":12,"enemies":"Shell Parasite","floor":20,"turns":4},{"damage":26,"enemies":"Shelled Parasite and Fungi","floor":22,"turns":5},{"damage":22,"enemies":"Gremlin Leader","floor":23,"turns":5},{"damage":0,"enemies":"Snecko","floor":29,"turns":2},{"damage":18,"enemies":"Centurion and Healer","floor":31,"turns":3},{"damage":59,"enemies":"Automaton","floor":33,"turns":8},{"damage":4,"enemies":"3 Shapes","floor":35,"turns":1},{"damage":1,"enemies":"Orb Walker","floor":37,"turns":2},{"damage":9,"enemies":"Spire Growth","floor":38,"turns":3},{"damage":25,"enemies":"Writhing Mass","floor":39,"turns":4},{"damage":31,"enemies":"2 Orb Walkers","floor":44,"turns":4},{"damage":0,"enemies":"3 Darklings","floor":47,"turns":2},{"damage":11,"enemies":"Transient","floor":48,"turns":5},{"damage":41,"enemies":"Donu and Deca","floor":50,"turns":5}],"seed_played":"-5540115276600151653","potions_obtained":[{"floor":7,"key":"PowerPotion"},{"floor":8,"key":"Ancient Potion"},{"floor":11,"key":"AttackPotion"},{"floor":20,"key":"Swift Potion"},{"floor":28,"key":"BloodPotion"},{"floor":31,"key":"SteroidPotion"},{"floor":33,"key":"Dexterity Potion"},{"floor":39,"key":"Swift Potion"},{"floor":47,"key":"Fruit Juice"},{"floor":48,"key":"FearPotion"}],"is_trial":false,"path_per_floor":["M","?","$","?","$","R","E","M","T","?","E","R","E","?","R","B",null,"M","?","M","?","M","E","R","$","T","?","?","M","$","M","R","B",null,"M","$","M","M","M","R","?","R","T","?","R","?","M","M","R","B",null],"character_chosen":"IRONCLAD","items_purchased":["Whirlwind","Thunderclap","Flash of Steel"],"campfire_rested":4,"item_purchase_floors":[3,25,25],"current_hp_per_floor":[80,80,80,64,64,64,49,40,40,40,36,62,54,47,73,40,87,87,87,81,81,63,49,75,75,75,75,75,83,83,73,73,30,87,87,87,87,84,67,67,67,67,67,44,68,68,76,73,73,45],"gold":207,"neow_bonus":"THREE_CARDS","is_prod":false,"is_daily":false,"chose_seed":false,"campfire_upgraded":5,"win_rate":0,"timestamp":1545906127,"path_taken":["M","?","$","?","$","R","E","M","T","?","E","R","E","?","R","BOSS","M","?","M","?","M","E","R","$","T","?","?","M","$","?","R","BOSS","M","$","M","M","M","R","?","R","T","?","R","?","M","M","R","BOSS"],"build_version":"2018-12-20","purchased_purges":3,"victory":true,"max_hp_per_floor":[80,80,80,80,80,80,80,80,80,80,87,87,87,87,87,87,87,87,87,87,87,87,87,87,87,87,87,87,87,87,87,87,87,87,87,87,87,87,87,87,83,83,83,83,83,83,83,83,83,88],"card_choices":[{"not_picked":["Clothesline","Iron Wave"],"picked":"Pommel Strike","floor":0},{"not_picked":["Cleave","Intimidate"],"picked":"Clash","floor":1},{"not_picked":["Carnage","Power Through"],"picked":"Impervious","floor":7},{"not_picked":["Iron Wave","Bloodletting"],"picked":"Inflame","floor":8},{"not_picked":["Uppercut","Clothesline"],"picked":"Thunderclap","floor":11},{"not_picked":["Iron Wave","Searing Blow","Impervious"],"picked":"SKIP","floor":13},{"not_picked":["Feed","Dark Embrace"],"picked":"Double Tap","floor":16},{"not_picked":["Pommel Strike+1","Twin Strike","Rage"],"picked":"SKIP","floor":18},{"not_picked":["Armaments","Disarm"],"picked":"Inflame+1","floor":20},{"not_picked":["Clash","True Grit","Pommel Strike+1"],"picked":"SKIP","floor":22},{"not_picked":["Brutality","Warcry"],"picked":"Battle Trance+1","floor":23},{"not_picked":["Clothesline","Twin Strike+1","Disarm"],"picked":"SKIP","floor":29},{"not_picked":["Barricade","Clothesline"],"picked":"Battle Trance","floor":31},{"not_picked":["Immolate","Reaper"],"picked":"Demon Form","floor":33},{"not_picked":["Perfected Strike","Ghostly Armor+1","Sword Boomerang"],"picked":"SKIP","floor":35},{"not_picked":["Iron Wave+1","Flame Barrier+1","Twin Strike+1"],"picked":"SKIP","floor":37},{"not_picked":["Iron Wave","Corruption","Sword Boomerang"],"picked":"SKIP","floor":38},{"not_picked":["Carnage","Iron Wave+1","Flame Barrier"],"picked":"SKIP","floor":39},{"not_picked":["Metallicize","Pummel"],"picked":"Limit Break","floor":44},{"not_picked":["Magnetism","Enlightenment"],"picked":"Flash of Steel","floor":46},{"not_picked":["Shrug It Off+1","Second Wind","Thunderclap+1"],"picked":"SKIP","floor":47},{"not_picked":["Cleave+1","Pommel Strike+1","Warcry+1"],"picked":"SKIP","floor":48}],"player_experience":18229,"relics_obtained":[{"floor":7,"key":"Pen Nib"},{"floor":9,"key":"Boot"},{"floor":11,"key":"Strawberry"},{"floor":13,"key":"Blood Vial"},{"floor":23,"key":"Paper Frog"},{"floor":26,"key":"Self Forming Clay"},{"floor":43,"key":"Ornamental Fan"},{"floor":44,"key":"StoneCalendar"}],"event_choices":[{"damage_healed":0,"gold_gain":0,"player_choice":"Ignored","damage_taken":0,"max_hp_gain":0,"max_hp_loss":0,"event_name":"Golden Idol","floor":2,"gold_loss":0},{"damage_healed":0,"gold_gain":0,"player_choice":"Entered Light","damage_taken":16,"max_hp_gain":0,"max_hp_loss":0,"event_name":"Shining Light","floor":4,"gold_loss":0,"cards_upgraded":["Strike_R","Whirlwind"]},{"cards_removed":["Strike_R"],"damage_healed":0,"gold_gain":0,"player_choice":"Forget","damage_taken":0,"max_hp_gain":0,"max_hp_loss":0,"event_name":"Living Wall","floor":10,"gold_loss":0},{"cards_removed":["Strike_R"],"damage_healed":0,"gold_gain":0,"player_choice":"Card Removal","damage_taken":7,"max_hp_gain":0,"max_hp_loss":0,"event_name":"Golden Wing","floor":14,"gold_loss":0},{"damage_healed":0,"gold_gain":0,"player_choice":"Read","damage_taken":0,"max_hp_gain":0,"max_hp_loss":0,"event_name":"The Library","floor":19,"gold_loss":0,"cards_obtained":["Shrug It Off"]},{"damage_healed":0,"gold_gain":0,"player_choice":"Opened","damage_taken":0,"relics_obtained":["Letter Opener"],"max_hp_gain":0,"max_hp_loss":0,"event_name":"The Mausoleum","floor":21,"gold_loss":0,"cards_obtained":["Writhe"]},{"damage_healed":0,"gold_gain":0,"player_choice":"Ignored","damage_taken":0,"max_hp_gain":0,"max_hp_loss":0,"event_name":"Ghosts","floor":27,"gold_loss":0},{"damage_healed":0,"gold_gain":0,"player_choice":"Got Potions","damage_taken":0,"max_hp_gain":0,"max_hp_loss":0,"event_name":"Lab","floor":28,"gold_loss":0},{"damage_healed":0,"gold_gain":0,"player_choice":"Max HP","damage_taken":0,"max_hp_gain":0,"max_hp_loss":4,"event_name":"Winding Halls","floor":41,"gold_loss":0},{"damage_healed":0,"gold_gain":0,"player_choice":"Fight","damage_taken":0,"max_hp_gain":0,"max_hp_loss":0,"event_name":"Mysterious Sphere","floor":44,"gold_loss":0},{"damage_healed":0,"gold_gain":0,"player_choice":"Memory 1","damage_taken":0,"max_hp_gain":0,"max_hp_loss":0,"event_name":"SensoryStone","floor":46,"gold_loss":0}],"is_beta":false,"boss_relics":[{"not_picked":["Snecko Eye","Calling Bell"],"picked":"Mark of Pain"},{"not_picked":["Runic Dome","Runic Cube"],"picked":"Philosopher\u0027s Stone"}],"items_purged_floors":[25,30,36],"is_endless":false,"potions_floor_spawned":[7,8,11,20,31,33,39,47,48],"ascension_level":0}