{"gold_per_floor":[213,227,227,237,253,282,282,302,302,302],"floor_reached":10,"playtime":581,"items_purged":[],"score":70,"play_id":"31d52aee-bf94-47a1-a48e-61284776eb7a","local_time":"20190815064323","is_ascension_mode":false,"campfire_choices":[{"data":"Creative AI","floor":7,"key":"SMITH"}],"neow_cost":"NONE","seed_source_timestamp":1994971440701198,"circlet_count":0,"master_deck":["Strike_B","Strike_B","Strike_B","Strike_B","Defend_B","Defend_B","Defend_B","Defend_B","Zap","Dualcast","Storm","Creative AI+1"],"relics":["Cracked Core","Blood Vial","Du-Vu Doll","Gambling Chip"],"potions_floor_usage":[6,8],"damage_taken":[{"damage":0,"enemies":"2 Louse","floor":1,"turns":2},{"damage":0,"enemies":"Small Slimes","floor":2,"turns":2},{"damage":3,"enemies":"Jaw Worm","floor":4,"turns":3},{"damage":14,"enemies":"Lots of Slimes","floor":5,"turns":4},{"damage":34,"enemies":"3 Sentries","floor":6,"turns":9},{"damage":16,"enemies":"3 Louse","floor":8,"turns":2},{"damage":28,"enemies":"Gremlin Gang","floor":10,"turns":3}],"seed_played":"3624332881483305147","potions_obtained":[{"floor":2,"key":"FearPotion"},{"floor":4,"key":"Swift Potion"},{"floor":8,"key":"FearPotion"}],"is_trial":false,"path_per_floor":["M","M","?","M","M","E","R","M","T","M"],"character_chosen":"DEFECT","items_purchased":[],"campfire_rested":0,"item_purchase_floors":[],"current_hp_per_floor":[75,75,63,62,50,18,18,4,4,0],"gold":302,"neow_bonus":"HUNDRED_GOLD","is_prod":false,"is_daily":false,"chose_seed":false,"campfire_upgraded":1,"win_rate":0,"timestamp":1565819003,"path_taken":["M","M","?","M","M","E","R","M","T","M"],"build_version":"2019-07-05","purchased_purges":0,"victory":false,"max_hp_per_floor":[75,75,75,75,75,75,75,75,75,75],"card_choices":[{"not_picked":["Turbo","Streamline"],"picked":"Storm","floor":1},{"not_picked":["Doom and Gloom","Redo","Rebound"],"picked":"SKIP","floor":2},{"not_picked":["Reprogram","Cold Snap","Turbo"],"picked":"SKIP","floor":4},{"not_picked":["Steam Power","Auto Shields","Compile Driver"],"picked":"SKIP","floor":5},{"not_picked":["Reinforced Body","Ball Lightning"],"picked":"Creative AI","floor":6},{"not_picked":["Steam","Rebound","Streamline"],"picked":"SKIP","floor":8}],"player_experience":495613,"relics_obtained":[{"floor":6,"key":"Du-Vu Doll"},{"floor":9,"key":"Gambling Chip"}],"event_choices":[{"damage_healed":0,"gold_gain":0,"player_choice":"Success","damage_taken":12,"relics_obtained":["Blood Vial"],"max_hp_gain":0,"max_hp_loss":0,"event_name":"Scrap Ooze","floor":3,"gold_loss":0}],"is_beta":false,"boss_relics":[],"items_purged_floors":[],"is_endless":false,"potions_floor_spawned":[2,4,8],"killed_by":"Gremlin Gang","ascension_level":0}