{"gold_per_floor":[115,115,129,141,159,159,190,190,190,41,41,53,1,29,29,134,134,152,152,125,141,153,153,180,180,180,180,199,214,48,76,76,76],"floor_reached":33,"playtime":3272,"items_purged":[],"score":522,"play_id":"424f194e-8dbd-4470-9538-e2e9560e9ed4","local_time":"20190718201948","is_ascension_mode":true,"campfire_choices":[{"data":"Conserve Battery","floor":6,"key":"SMITH"},{"floor":8,"key":"REST"},{"data":"Static Discharge","floor":11,"key":"SMITH"},{"data":"Hologram","floor":15,"key":"SMITH"},{"floor":23,"key":"REST"},{"floor":25,"key":"REST"},{"floor":27,"key":"REST"},{"floor":32,"key":"REST"}],"neow_cost":"PERCENT_DAMAGE","seed_source_timestamp":158437659622186,"circlet_count":0,"master_deck":["AscendersBane","Defend_B","Defend_B","Defend_B","Defend_B","Zap","Dualcast","Electrodynamics","Melter","Heatsinks","Hello World","Conserve Battery+1","Static Discharge+1","FTL","Leap","Hologram+1","Thunder Strike","Capacitor","Bite","Bite","Bite","Bite","Bite","Turbo","White Noise","Stack","Stack+1","Reinforced Body","Amplify","Coolheaded","Ball Lightning","Conserve Battery+1","Mayhem","Storm","Leap"],"relics":["Cracked Core","Emotion Chip","Bottled Lightning","Dream Catcher","Dodecahedron","Philosopher\u0027s Stone","Centennial Puzzle","Ornamental Fan","Mercury Hourglass"],"potions_floor_usage":[5,14,24,24,31,33],"damage_taken":[{"damage":0,"enemies":"2 Louse","floor":1,"turns":2},{"damage":0,"enemies":"Cultist","floor":3,"turns":3},{"damage":7,"enemies":"Jaw Worm","floor":4,"turns":3},{"damage":18,"enemies":"Gremlin Gang","floor":5,"turns":3},{"damage":12,"enemies":"Lagavulin","floor":7,"turns":8},{"damage":2,"enemies":"Looter","floor":12,"turns":3},{"damage":3,"enemies":"3 Sentries","floor":14,"turns":4},{"damage":9,"enemies":"The Guardian","floor":16,"turns":9},{"damage":13,"enemies":"2 Thieves","floor":18,"turns":4},{"damage":0,"enemies":"Chosen","floor":21,"turns":4},{"damage":43,"enemies":"Snake Plant","floor":22,"turns":4},{"damage":42,"enemies":"Book of Stabbing","floor":24,"turns":5},{"damage":21,"enemies":"Sentry and Sphere","floor":28,"turns":4},{"damage":7,"enemies":"Snecko","floor":29,"turns":4},{"damage":17,"enemies":"Gremlin Leader","floor":31,"turns":6},{"damage":47,"enemies":"Collector","floor":33,"turns":6}],"seed_played":"-9097531243324242054","potions_obtained":[{"floor":3,"key":"Block Potion"},{"floor":5,"key":"AttackPotion"},{"floor":12,"key":"Fire Potion"},{"floor":22,"key":"Fruit Juice"},{"floor":24,"key":"Poison Potion"},{"floor":28,"key":"GamblersBrew"},{"floor":31,"key":"LiquidBronze"}],"is_trial":false,"path_per_floor":["M","?","M","M","M","R","E","R","T","$","R","M","$","E","R","B",null,"M","?","$","M","M","R","E","R","T","R","M","M","$","E","R","B"],"character_chosen":"DEFECT","items_purchased":["Dream Catcher","Leap","Turbo","Mayhem"],"campfire_rested":5,"item_purchase_floors":[10,13,20,30],"current_hp_per_floor":[50,50,50,43,25,25,13,35,35,35,35,33,33,30,30,21,62,49,49,49,52,15,30,3,20,20,37,28,23,23,22,39,0],"gold":76,"neow_bonus":"THREE_RARE_CARDS","is_prod":false,"is_daily":false,"chose_seed":false,"campfire_upgraded":3,"win_rate":0,"timestamp":1563495588,"path_taken":["M","?","M","?","M","R","E","R","T","$","R","M","?","E","R","BOSS","M","?","?","?","M","R","E","R","T","R","M","M","$","E","R","BOSS"],"build_version":"2019-07-17","purchased_purges":0,"victory":false,"max_hp_per_floor":[75,75,75,75,75,75,75,75,75,75,75,75,75,75,75,75,75,75,52,52,52,52,52,57,57,57,57,57,57,57,57,57,57],"card_choices":[{"not_picked":["Hyperbeam","Rainbow"],"picked":"Electrodynamics","floor":0},{"not_picked":["Rebound","Blizzard"],"picked":"Melter","floor":1},{"not_picked":["Force Field","Hologram"],"picked":"Heatsinks","floor":3},{"not_picked":["Turbo","Force Field"],"picked":"Hello World","floor":4},{"not_picked":["Turbo","Beam Cell"],"picked":"Conserve Battery","floor":5},{"not_picked":["Sweeping Beam","Hologram"],"picked":"Static Discharge","floor":7},{"not_picked":["Ball Lightning","Go for the Eyes"],"picked":"FTL","floor":12},{"not_picked":["Multi-Cast","Rebound"],"picked":"Hologram","floor":14},{"not_picked":["Reboot","Machine Learning"],"picked":"Thunder Strike","floor":16},{"not_picked":["Static Discharge+1","Hologram"],"picked":"Capacitor","floor":18},{"not_picked":["Recycle+1","Blizzard"],"picked":"White Noise","floor":21},{"not_picked":["Beam Cell","Ball Lightning"],"picked":"Stack","floor":22},{"not_picked":["Steam","White Noise"],"picked":"Stack+1","floor":23},{"not_picked":["Aggregate","Sweeping Beam"],"picked":"Reinforced Body","floor":24},{"not_picked":["Glacier","Conserve Battery"],"picked":"Amplify","floor":25},{"not_picked":["Beam Cell","Go for the Eyes"],"picked":"Coolheaded","floor":27},{"not_picked":["Coolheaded","Gash"],"picked":"Ball Lightning","floor":28},{"not_picked":["Sweeping Beam+1","Redo"],"picked":"Conserve Battery+1","floor":29},{"not_picked":["Barrage","Auto Shields"],"picked":"Storm","floor":31},{"not_picked":["Cold Snap+1","Lockon"],"picked":"Leap","floor":32}],"player_experience":257563,"relics_obtained":[{"floor":7,"key":"Emotion Chip"},{"floor":9,"key":"Bottled Lightning"},{"floor":14,"key":"Dodecahedron"},{"floor":24,"key":"Centennial Puzzle"},{"floor":26,"key":"Ornamental Fan"},{"floor":31,"key":"Mercury Hourglass"}],"event_choices":[{"cards_removed":["Strike_B"],"damage_healed":0,"gold_gain":0,"player_choice":"Purged","damage_taken":0,"max_hp_gain":0,"max_hp_loss":0,"event_name":"Purifier","floor":2,"gold_loss":0},{"damage_healed":0,"gold_gain":0,"player_choice":"Became a vampire","damage_taken":0,"max_hp_gain":0,"max_hp_loss":23,"event_name":"Vampires","floor":19,"gold_loss":0,"cards_obtained":["Bite","Bite","Bite","Bite","Bite"]}],"is_beta":false,"boss_relics":[{"not_picked":["Runic Pyramid","Empty Cage"],"picked":"Philosopher\u0027s Stone"}],"items_purged_floors":[],"is_endless":false,"potions_floor_spawned":[3,5,12,22,24,28,31],"killed_by":"Collector","ascension_level":12}