{"gold_per_floor":[113,130,205,224,241,241,270,12,12,87,112,127,127],"floor_reached":13,"playtime":440,"items_purged":["Strike_B"],"score":102,"play_id":"f657d72f-cb0f-45c4-89ad-4988bb978557","local_time":"20190103100154","is_ascension_mode":true,"campfire_choices":[{"data":"Zap","floor":6,"key":"SMITH"}],"neow_cost":"NONE","seed_source_timestamp":348251125462719,"circlet_count":0,"master_deck":["Strike_B","Strike_B","Strike_B","Defend_B","Defend_B","Defend_B","Defend_B","Zap+1","Dualcast","Beam Cell","Cold Snap","Hologram","Sweeping Beam","Defragment","Glacier","Doom and Gloom","Self Repair"],"relics":["Cracked Core","NeowsBlessing","Mercury Hourglass","Kunai","Orichalcum"],"potions_floor_usage":[],"damage_taken":[{"damage":0,"enemies":"Cultist","floor":1,"turns":1},{"damage":0,"enemies":"Small Slimes","floor":2,"turns":1},{"damage":0,"enemies":"Jaw Worm","floor":4,"turns":1},{"damage":9,"enemies":"Blue Slaver","floor":5,"turns":3},{"damage":29,"enemies":"3 Sentries","floor":7,"turns":8},{"damage":9,"enemies":"Looter","floor":12,"turns":3},{"damage":11,"enemies":"Lagavulin","floor":13,"turns":2}],"seed_played":"6654633167058254851","potions_obtained":[{"floor":2,"key":"EssenceOfSteel"},{"floor":7,"key":"Dexterity Potion"},{"floor":12,"key":"Explosive Potion"}],"is_trial":false,"path_per_floor":["M","M","?","M","M","R","E","$","T","?","T","M","E"],"character_chosen":"DEFECT","items_purchased":["Defragment","Glacier","Doom and Gloom"],"campfire_rested":0,"item_purchase_floors":[8,8,8],"current_hp_per_floor":[75,75,68,68,59,59,30,30,30,19,19,10,0],"gold":127,"neow_bonus":"THREE_ENEMY_KILL","is_prod":false,"is_daily":false,"chose_seed":false,"campfire_upgraded":1,"win_rate":0,"timestamp":1546477314,"path_taken":["M","?","?","M","?","R","E","?","T","?","?","M","E"],"build_version":"2018-12-20","purchased_purges":1,"victory":false,"max_hp_per_floor":[75,75,75,75,75,75,75,75,75,75,75,75,75],"card_choices":[{"not_picked":["Barrage","Capacitor"],"picked":"Beam Cell","floor":1},{"not_picked":["Stack","Rebound"],"picked":"Cold Snap","floor":2},{"not_picked":["Coolheaded","Stack"],"picked":"Hologram","floor":4},{"not_picked":["Rip and Tear","Double Energy","Hello World"],"picked":"SKIP","floor":5},{"not_picked":["Fission","White Noise"],"picked":"Sweeping Beam","floor":7},{"not_picked":["Rebound","Chaos"],"picked":"Self Repair","floor":12}],"player_experience":120301,"relics_obtained":[{"floor":7,"key":"Mercury Hourglass"},{"floor":9,"key":"Kunai"},{"floor":11,"key":"Orichalcum"}],"event_choices":[{"damage_healed":0,"gold_gain":75,"player_choice":"Touch","damage_taken":7,"max_hp_gain":0,"max_hp_loss":0,"event_name":"FaceTrader","floor":3,"gold_loss":0},{"damage_healed":0,"gold_gain":75,"player_choice":"Gather Gold","damage_taken":11,"max_hp_gain":0,"max_hp_loss":0,"event_name":"World of Goop","floor":10,"gold_loss":0}],"is_beta":false,"boss_relics":[],"items_purged_floors":[8],"is_endless":false,"potions_floor_spawned":[2,7,12],"killed_by":"Lagavulin","ascension_level":4}