{"gold_per_floor":[116,16,16,35,60,60,74,107,107,17,17,31,31,70,70,70],"floor_reached":16,"playtime":766,"items_purged":[],"score":215,"play_id":"446418ed-3401-4a7e-97df-428837af3349","local_time":"20190801221003","is_ascension_mode":true,"campfire_choices":[{"data":"Static Discharge","floor":6,"key":"SMITH"},{"data":"Hologram","floor":11,"key":"SMITH"},{"data":"Double Energy","floor":13,"key":"SMITH"},{"floor":15,"key":"REST"}],"neow_cost":"NONE","seed_source_timestamp":166561664804331,"circlet_count":0,"master_deck":["AscendersBane","Strike_B","Strike_B","Strike_B","Strike_B","Defend_B","Defend_B","Defend_B","Defend_B","Zap","Dualcast","Capacitor","Self Repair","Hologram+1","Ball Lightning","Static Discharge+1","Tempest","Double Energy+1","Dark Shackles","Genetic Algorithm","Creative AI"],"relics":["Cracked Core","Golden Idol","Sundial","Mercury Hourglass","Shuriken"],"potions_floor_usage":[16,16],"damage_taken":[{"damage":2,"enemies":"Cultist","floor":1,"turns":4},{"damage":2,"enemies":"Jaw Worm","floor":4,"turns":3},{"damage":7,"enemies":"Small Slimes","floor":5,"turns":3},{"damage":9,"enemies":"2 Fungi Beasts","floor":7,"turns":3},{"damage":45,"enemies":"Lagavulin","floor":8,"turns":6},{"damage":1,"enemies":"Large Slime","floor":12,"turns":4},{"damage":36,"enemies":"Gremlin Nob","floor":14,"turns":4},{"damage":29,"enemies":"The Guardian","floor":16,"turns":5}],"seed_played":"-3326099818347819842","potions_obtained":[{"floor":1,"key":"SteroidPotion"},{"floor":12,"key":"Explosive Potion"},{"floor":14,"key":"SpeedPotion"}],"is_trial":false,"path_per_floor":["M","$","?","M","M","R","M","E","T","$","R","M","R","E","R","B"],"character_chosen":"DEFECT","items_purchased":["Self Repair","Hologram","Dark Shackles"],"campfire_rested":1,"item_purchase_floors":[2,2,10],"current_hp_per_floor":[69,69,69,71,71,71,69,31,31,31,31,37,37,8,29,0],"gold":70,"neow_bonus":"TEN_PERCENT_HP_BONUS","is_prod":false,"is_daily":false,"chose_seed":false,"campfire_upgraded":3,"win_rate":0,"timestamp":1564711803,"path_taken":["M","?","?","M","M","R","M","E","T","$","R","M","R","E","R","BOSS"],"build_version":"2019-07-17","purchased_purges":0,"victory":false,"max_hp_per_floor":[78,78,71,71,71,71,71,71,71,71,71,71,71,71,71,71],"card_choices":[{"not_picked":["Leap","Conserve Battery"],"picked":"Capacitor","floor":1},{"not_picked":["Hologram","Go for the Eyes"],"picked":"Ball Lightning","floor":4},{"not_picked":["Streamline","Thunder Strike"],"picked":"Static Discharge","floor":5},{"not_picked":["Turbo","Compile Driver"],"picked":"Tempest","floor":7},{"not_picked":["Streamline","Redo"],"picked":"Double Energy","floor":8},{"not_picked":["Turbo","Leap"],"picked":"Genetic Algorithm","floor":12},{"not_picked":["Go for the Eyes","Recycle"],"picked":"Creative AI","floor":14}],"player_experience":329101,"relics_obtained":[{"floor":8,"key":"Sundial"},{"floor":9,"key":"Mercury Hourglass"},{"floor":14,"key":"Shuriken"}],"event_choices":[{"damage_healed":0,"gold_gain":0,"player_choice":"Lose Max HP","damage_taken":0,"relics_obtained":["Golden Idol"],"max_hp_gain":0,"max_hp_loss":7,"event_name":"Golden Idol","floor":3,"gold_loss":0}],"is_beta":false,"boss_relics":[],"items_purged_floors":[],"is_endless":false,"potions_floor_spawned":[1,12,14],"killed_by":"The Guardian","ascension_level":19}