{"gold_per_floor":[113,113,39,58,78,78,104,104,180,180,209,228,239,293,293,397,397,409,420,436,436,456,456,55,55,55,55,55,55,85,103,103,103],"floor_reached":33,"playtime":1532,"items_purged":[],"score":344,"play_id":"c83e118b-1ff2-471b-813c-559a4c6ae377","local_time":"20190509121209","is_ascension_mode":true,"campfire_choices":[{"floor":6,"key":"RECALL"},{"floor":8,"key":"REST"},{"floor":15,"key":"REST"},{"data":"Inflame","floor":23,"key":"SMITH"},{"data":"Flex","floor":25,"key":"SMITH"},{"data":"Pummel","floor":28,"key":"SMITH"},{"floor":32,"key":"REST"}],"neow_cost":"NONE","seed_source_timestamp":1848862404644656,"circlet_count":0,"master_deck":["Strike_R+1","Strike_R+1","Strike_R+1","Strike_R+1","Defend_R+1","Defend_R+1","Defend_R+1","Defend_R+1","Bash","Shrug It Off","Pummel+1","Flex+1","Carnage","Inflame+1","Shrug It Off","Whirlwind","Limit Break","Iron Wave","Shrug It Off+1","Iron Wave+1","Dark Embrace","Limit Break","RitualDagger+1","Flex","Sword Boomerang+1"],"relics":["Black Blood","NeowsBlessing","Whetstone","Matryoshka","Pen Nib","Red Skull","Membership Card","Molten Egg 2","Self Forming Clay","Kunai","Bottled Lightning"],"potions_floor_usage":[7,11,16,16,20,33],"damage_taken":[{"damage":0,"enemies":"Jaw Worm","floor":1,"turns":1},{"damage":0,"enemies":"Cultist","floor":4,"turns":1},{"damage":0,"enemies":"2 Louse","floor":5,"turns":1},{"damage":55,"enemies":"3 Sentries","floor":7,"turns":8},{"damage":22,"enemies":"Lagavulin","floor":11,"turns":6},{"damage":13,"enemies":"Blue Slaver","floor":12,"turns":2},{"damage":5,"enemies":"2 Fungi Beasts","floor":13,"turns":3},{"damage":59,"enemies":"The Guardian","floor":16,"turns":10},{"damage":22,"enemies":"Spheric Guardian","floor":18,"turns":4},{"damage":45,"enemies":"2 Thieves","floor":19,"turns":4},{"damage":10,"enemies":"Centurion and Healer","floor":20,"turns":4},{"damage":40,"enemies":"Snake Plant","floor":22,"turns":5},{"damage":31,"enemies":"Slavers","floor":30,"turns":6},{"damage":0,"enemies":"Snecko","floor":31,"turns":2},{"damage":90,"enemies":"Collector","floor":33,"turns":7}],"seed_played":"1669433775497663332","potions_obtained":[{"floor":5,"key":"Explosive Potion"},{"floor":7,"key":"PowerPotion"},{"floor":11,"key":"EssenceOfSteel"},{"floor":13,"key":"BloodPotion"},{"floor":19,"key":"Weak Potion"},{"floor":20,"key":"Dexterity Potion"}],"is_trial":false,"path_per_floor":["M","?","$","M","M","R","E","R","T","?","E","M","M","T","R","B",null,"M","M","M","?","M","R","$","R","T","?","R","?","E","M","R","B"],"character_chosen":"IRONCLAD","items_purchased":["Rupture","Membership Card","Limit Break","Molten Egg 2"],"campfire_rested":3,"item_purchase_floors":[3,24,24,24],"current_hp_per_floor":[80,85,85,85,85,85,36,61,61,61,45,38,39,39,64,19,69,57,22,22,85,55,55,55,55,55,49,49,49,28,38,63,0],"gold":103,"neow_bonus":"THREE_ENEMY_KILL","is_prod":false,"is_daily":false,"chose_seed":false,"campfire_upgraded":3,"win_rate":0,"timestamp":1557396729,"path_taken":["M","?","$","M","M","R","E","R","T","?","E","?","M","?","R","BOSS","M","M","M","?","?","R","$","R","T","?","R","?","E","M","R","BOSS"],"build_version":"2019-01-23","purchased_purges":0,"victory":false,"max_hp_per_floor":[80,85,85,85,85,85,85,85,85,85,85,85,85,85,85,85,85,85,85,85,85,85,85,85,85,85,85,85,85,85,85,85,85],"card_choices":[{"not_picked":["Clash","Headbutt"],"picked":"Shrug It Off","floor":1},{"not_picked":["Seeing Red","Body Slam"],"picked":"Pummel","floor":4},{"not_picked":["Second Wind","Twin Strike"],"picked":"Flex","floor":5},{"not_picked":["Wild Strike","Iron Wave"],"picked":"Carnage","floor":7},{"not_picked":["Clothesline","Body Slam"],"picked":"Inflame","floor":11},{"not_picked":["Spot Weakness","Dual Wield"],"picked":"Shrug It Off","floor":12},{"not_picked":["Wild Strike","Sentinel"],"picked":"Whirlwind","floor":13},{"not_picked":["Reaper","Impervious"],"picked":"Limit Break","floor":16},{"not_picked":["True Grit","Pommel Strike"],"picked":"Iron Wave","floor":18},{"not_picked":["Anger+1","Intimidate"],"picked":"Shrug It Off+1","floor":19},{"not_picked":["Shrug It Off","Metallicize+1"],"picked":"Iron Wave+1","floor":20},{"not_picked":["Body Slam","Perfected Strike+1"],"picked":"Dark Embrace","floor":22},{"not_picked":["Sword Boomerang+1","Clothesline+1"],"picked":"Flex","floor":30},{"not_picked":["Iron Wave+1","Pummel+1"],"picked":"Sword Boomerang+1","floor":31}],"player_experience":347330,"relics_obtained":[{"floor":7,"key":"Whetstone"},{"floor":11,"key":"Matryoshka"},{"floor":14,"key":"Pen Nib"},{"floor":14,"key":"Red Skull"},{"floor":26,"key":"Self Forming Clay"},{"floor":26,"key":"Kunai"},{"floor":30,"key":"Bottled Lightning"}],"event_choices":[{"damage_healed":0,"gold_gain":0,"player_choice":"Donut","damage_taken":0,"max_hp_gain":5,"max_hp_loss":0,"event_name":"Big Fish","floor":2,"gold_loss":0},{"cards_removed":["Strike_R"],"damage_healed":0,"gold_gain":0,"player_choice":"Purged","damage_taken":0,"max_hp_gain":0,"max_hp_loss":0,"event_name":"Purifier","floor":10,"gold_loss":0},{"cards_removed":["Rupture"],"damage_healed":63,"gold_gain":0,"player_choice":"Offered Uncommon","damage_taken":0,"max_hp_gain":0,"max_hp_loss":0,"event_name":"Bonfire Elementals","floor":21,"gold_loss":0},{"damage_healed":0,"gold_gain":0,"player_choice":"Joined the Cult","damage_taken":6,"max_hp_gain":0,"max_hp_loss":0,"event_name":"Nest","floor":27,"gold_loss":0,"cards_obtained":["RitualDagger"]},{"damage_healed":0,"gold_gain":0,"player_choice":"Simplicity","damage_taken":0,"max_hp_gain":0,"max_hp_loss":0,"event_name":"Back to Basics","floor":29,"gold_loss":0,"cards_upgraded":["Strike_R","Strike_R","Defend_R","Defend_R","Defend_R","Defend_R"]}],"is_beta":false,"boss_relics":[{"not_picked":["White Beast Statue","Tiny House"],"picked":"Black Blood"}],"items_purged_floors":[],"is_endless":false,"potions_floor_spawned":[5,7,11,13,19,20],"killed_by":"Collector","ascension_level":5}