{"gold_per_floor":[110,110,123,142,156,188,188,206,206,262,62,62,62,77,77,177,177,192,107,119,119,32,61,61,61],"floor_reached":25,"playtime":1159,"items_purged":[],"score":254,"play_id":"4af04f96-7aa1-4c94-b5fb-8c9a3e76145e","local_time":"20181021180258","is_ascension_mode":true,"campfire_choices":[{"floor":7,"key":"REST"},{"floor":12,"key":"REST"},{"floor":15,"key":"REST"},{"floor":24,"key":"REST"}],"neow_cost":"NONE","seed_source_timestamp":256662017965439,"circlet_count":0,"master_deck":["Strike_B","Strike_B","Strike_B","Strike_B","Defend_B","Defend_B+1","Defend_B","Defend_B","Dualcast","Redo","Echo Form","Sweeping Beam","Aggregate","Static Discharge","Steam","Melter","Capacitor+1","Flash of Steel","FTL","Thunder Strike","Core Surge","Beam Cell+1","Ball Lightning","Static Discharge","Steam","Cold Snap+1"],"relics":["Cracked Core","NeowsBlessing","Lantern","Vajra","Runic Pyramid","PreservedInsect","Letter Opener","Darkstone Periapt"],"potions_floor_usage":[5,8,23,23],"damage_taken":[{"damage":0,"enemies":"Jaw Worm","floor":1,"turns":1},{"damage":0,"enemies":"Cultist","floor":3,"turns":1},{"damage":0,"enemies":"2 Louse","floor":4,"turns":1},{"damage":2,"enemies":"Looter","floor":5,"turns":4},{"damage":30,"enemies":"Lagavulin","floor":6,"turns":5},{"damage":16,"enemies":"Large Slime","floor":8,"turns":5},{"damage":34,"enemies":"Gremlin Gang","floor":14,"turns":3},{"damage":36,"enemies":"Hexaghost","floor":16,"turns":8},{"damage":34,"enemies":"2 Thieves","floor":18,"turns":3},{"damage":12,"enemies":"Chosen","floor":20,"turns":3},{"damage":26,"enemies":"Book of Stabbing","floor":23,"turns":4},{"damage":26,"enemies":"Shelled Parasite and Fungi","floor":25,"turns":4}],"seed_played":"-2001911094052055668","potions_obtained":[{"floor":3,"key":"SkillPotion"},{"floor":6,"key":"SkillPotion"},{"floor":14,"key":"Weak Potion"},{"floor":20,"key":"Strength Potion"}],"is_trial":false,"path_per_floor":["M","?","M","M","M","E","R","M","T","?","$","R","?","M","R","B",null,"M","?","M","T","$","E","R"],"character_chosen":"DEFECT","items_purchased":["Capacitor","Flash of Steel","FTL","Static Discharge","Steam"],"campfire_rested":4,"item_purchase_floors":[11,11,11,22,22],"current_hp_per_floor":[75,75,75,75,73,43,65,49,49,49,49,71,56,22,44,8,75,41,41,29,29,29,3,25,0],"gold":61,"neow_bonus":"THREE_ENEMY_KILL","is_prod":false,"is_daily":false,"chose_seed":false,"campfire_upgraded":0,"win_rate":0,"timestamp":1540137778,"path_taken":["M","?","M","?","M","E","R","M","T","?","$","R","?","M","R","BOSS","M","?","?","?","$","E","R","M"],"build_version":"2018-10-18","purchased_purges":0,"victory":false,"max_hp_per_floor":[75,75,75,75,75,75,75,75,75,75,75,75,75,75,75,75,75,75,75,75,75,75,75,75,75],"card_choices":[{"not_picked":["Rebound","Undo"],"picked":"Redo","floor":1},{"not_picked":["Hologram","Force Field"],"picked":"Sweeping Beam","floor":3},{"not_picked":["Compile Driver","Skim"],"picked":"Aggregate","floor":4},{"not_picked":["Beam Cell","Doom and Gloom"],"picked":"Static Discharge","floor":5},{"not_picked":["Compile Driver","Fusion"],"picked":"Steam","floor":6},{"not_picked":["Sweeping Beam","Storm"],"picked":"Melter","floor":8},{"not_picked":["Cold Snap","Doom and Gloom"],"picked":"Thunder Strike","floor":14},{"not_picked":["Seek","Biased Cognition"],"picked":"Core Surge","floor":16},{"not_picked":["Conserve Battery+1","Turbo+1"],"picked":"Beam Cell+1","floor":18},{"not_picked":["Cold Snap","Genetic Algorithm"],"picked":"Ball Lightning","floor":20},{"not_picked":["Skim","Aggregate"],"picked":"Cold Snap+1","floor":23}],"player_experience":231715,"relics_obtained":[{"floor":6,"key":"Lantern"},{"floor":9,"key":"Vajra"},{"floor":21,"key":"Letter Opener"},{"floor":23,"key":"Darkstone Periapt"}],"event_choices":[{"damage_healed":0,"gold_gain":0,"cards_transformed":["Zap"],"player_choice":"Transformed","damage_taken":0,"max_hp_gain":0,"max_hp_loss":0,"event_name":"Transmorgrifier","floor":2,"gold_loss":0,"cards_obtained":["Echo Form"]},{"damage_healed":0,"gold_gain":56,"player_choice":"Gained Gold","damage_taken":0,"max_hp_gain":0,"max_hp_loss":0,"event_name":"Golden Wing","floor":10,"gold_loss":0},{"damage_healed":0,"gold_gain":0,"player_choice":"Entered Light","damage_taken":15,"max_hp_gain":0,"max_hp_loss":0,"event_name":"Shining Light","floor":13,"gold_loss":0,"cards_upgraded":["Defend_B","Capacitor"]},{"damage_healed":0,"gold_gain":0,"player_choice":"Obtained Relic","damage_taken":0,"relics_obtained":["PreservedInsect"],"max_hp_gain":0,"max_hp_loss":0,"event_name":"Addict","floor":19,"gold_loss":85}],"is_beta":false,"boss_relics":[{"not_picked":["Calling Bell","Ectoplasm"],"picked":"Runic Pyramid"}],"items_purged_floors":[],"is_endless":false,"potions_floor_spawned":[3,6,14,20],"killed_by":"Shelled Parasite and Fungi","ascension_level":3}