{"gold_per_floor":[110,110,110,130,148,173,183,209,278,278,1,1,1,1,1,98,98,112,10,10,26,46,80,39,50,96,96,129,26,39,50,50,50],"floor_reached":33,"playtime":1319,"items_purged":[],"score":354,"play_id":"d0dd3476-3fbc-4dda-913c-ac63745e9454","local_time":"20181124143107","is_ascension_mode":true,"campfire_choices":[{"data":"Armaments","floor":10,"key":"SMITH"},{"floor":15,"key":"REST"},{"floor":27,"key":"REST"},{"data":"Juggernaut","floor":32,"key":"SMITH"}],"neow_cost":"NONE","seed_source_timestamp":569247073366065,"circlet_count":0,"master_deck":["Strike_R+1","Strike_R+1","Strike_R","Strike_R","Defend_R","Defend_R","Defend_R","Defend_R","Bash","Inflame+1","Cleave","Twin Strike","Rampage","Armaments+1","Shrug It Off","Double Tap+1","Armaments+1","Disarm+1","Inflame","Rupture","Juggernaut+1","Reaper","Hologram+1"],"relics":["Burning Blood","Strawberry","Anchor","FossilizedHelix","Self Forming Clay","Membership Card","Omamori","Toxic Egg 2","Sozu","Sling","Blood Vial","Ancient Tea Set","Pen Nib","PrismaticShard"],"potions_floor_usage":[6,8,16,18],"damage_taken":[{"damage":12,"enemies":"Jaw Worm","floor":1,"turns":3},{"damage":1,"enemies":"Cultist","floor":4,"turns":3},{"damage":2,"enemies":"2 Louse","floor":5,"turns":2},{"damage":12,"enemies":"Gremlin Nob","floor":6,"turns":3},{"damage":6,"enemies":"Exordium Thugs","floor":7,"turns":4},{"damage":15,"enemies":"Lagavulin","floor":8,"turns":4},{"damage":39,"enemies":"Hexaghost","floor":16,"turns":9},{"damage":16,"enemies":"2 Thieves","floor":18,"turns":4},{"damage":0,"enemies":"Chosen","floor":21,"turns":3},{"damage":9,"enemies":"Centurion and Healer","floor":22,"turns":5},{"damage":17,"enemies":"Gremlin Leader","floor":23,"turns":5},{"damage":29,"enemies":"Snake Plant","floor":25,"turns":5},{"damage":14,"enemies":"Slavers","floor":28,"turns":6},{"damage":0,"enemies":"Snecko","floor":30,"turns":4},{"damage":14,"enemies":"Centurion and Healer","floor":31,"turns":7},{"damage":103,"enemies":"Collector","floor":33,"turns":7}],"seed_played":"-9032910471125163213","potions_obtained":[{"floor":4,"key":"Poison Potion"},{"floor":5,"key":"Fire Potion"},{"floor":8,"key":"Weak Potion"},{"floor":16,"key":"Explosive Potion"}],"is_trial":false,"path_per_floor":["M","?","?","M","M","E","M","E","T","R","$","?","$","T","R","B",null,"M","$","?","M","M","E","$","M","T","R","E","$","M","M","R","B"],"character_chosen":"IRONCLAD","items_purchased":["Membership Card","Omamori","Sling","Juggernaut","PrismaticShard"],"campfire_rested":2,"item_purchase_floors":[11,11,19,24,29],"current_hp_per_floor":[81,64,64,69,73,67,67,58,58,58,58,58,58,58,84,51,87,77,77,87,87,84,73,73,52,52,78,72,72,87,87,87,0],"gold":50,"neow_bonus":"RANDOM_COMMON_RELIC","is_prod":false,"is_daily":false,"chose_seed":false,"campfire_upgraded":2,"win_rate":0,"timestamp":1543066267,"path_taken":["M","?","?","M","?","E","M","E","T","R","$","?","?","?","R","BOSS","M","?","?","M","M","E","$","?","T","R","E","?","M","M","R","BOSS"],"build_version":"2018-11-15","purchased_purges":0,"victory":false,"max_hp_per_floor":[87,87,87,87,87,87,87,87,87,87,87,87,87,87,87,87,87,87,87,87,87,87,87,87,87,87,87,87,87,87,87,87,87],"card_choices":[{"not_picked":["Twin Strike","Havoc"],"picked":"Inflame","floor":1},{"not_picked":["Thunderclap","Body Slam"],"picked":"Shockwave","floor":4},{"not_picked":["Cleave","Seeing Red"],"picked":"Twin Strike","floor":5},{"not_picked":["Carnage","Spot Weakness"],"picked":"Rampage","floor":6},{"not_picked":["Whirlwind","Headbutt"],"picked":"Armaments","floor":7},{"not_picked":["True Grit","Combust"],"picked":"Shrug It Off","floor":8},{"not_picked":["Brutality","Dark Embrace"],"picked":"Double Tap+1","floor":16},{"not_picked":["Pommel Strike+1","Sword Boomerang+1"],"picked":"Armaments+1","floor":18},{"not_picked":["Hemokinesis","Headbutt+1"],"picked":"Disarm+1","floor":21},{"not_picked":["Havoc+1","Pummel"],"picked":"Inflame","floor":22},{"not_picked":["True Grit+1","Entrench+1"],"picked":"Rupture","floor":23},{"not_picked":["Sword Boomerang+1","Power Through+1","Perfected Strike+1"],"picked":"SKIP","floor":25},{"not_picked":["Armaments+1","Metallicize"],"picked":"Reaper","floor":28},{"not_picked":["Second Wind+1","Flying Knee"],"picked":"Hologram+1","floor":30},{"not_picked":["Force Field+1","Pommel Strike","Scrape"],"picked":"SKIP","floor":31}],"player_experience":308154,"relics_obtained":[{"floor":6,"key":"Anchor"},{"floor":8,"key":"FossilizedHelix"},{"floor":9,"key":"Self Forming Clay"},{"floor":14,"key":"Toxic Egg 2"},{"floor":23,"key":"Blood Vial"},{"floor":26,"key":"Ancient Tea Set"},{"floor":28,"key":"Pen Nib"}],"event_choices":[{"damage_healed":0,"gold_gain":0,"player_choice":"Entered Light","damage_taken":17,"max_hp_gain":0,"max_hp_loss":0,"event_name":"Shining Light","floor":2,"gold_loss":0,"cards_upgraded":["Strike_R","Strike_R"]},{"damage_healed":0,"gold_gain":0,"cards_transformed":["Strike_R"],"player_choice":"Transformed","damage_taken":0,"max_hp_gain":0,"max_hp_loss":0,"event_name":"Transmorgrifier","floor":3,"gold_loss":0,"cards_obtained":["Cleave"]},{"damage_healed":0,"gold_gain":0,"player_choice":"Upgraded","damage_taken":0,"max_hp_gain":0,"max_hp_loss":0,"event_name":"Upgrade Shrine","floor":12,"gold_loss":0,"cards_upgraded":["Inflame"]},{"cards_removed":["Shockwave"],"damage_healed":10,"gold_gain":0,"player_choice":"Offered Uncommon","damage_taken":0,"max_hp_gain":0,"max_hp_loss":0,"event_name":"Bonfire Elementals","floor":20,"gold_loss":0}],"is_beta":false,"boss_relics":[{"not_picked":["Snecko Eye","Astrolabe"],"picked":"Sozu"}],"items_purged_floors":[],"is_endless":false,"potions_floor_spawned":[4,5,8,16,18,25,28,30],"killed_by":"Collector","ascension_level":4}