{"path_per_floor":["M","?","$","M","?","R","E","$","T","R","M","E","M","M","R","B",null,"M","$","?","M","?","E","?","E","T","E","R","T","E","M","R","B",null,"M","$","?","M","?","E","R","?","T","E","M","R","M","?","R"],"character_chosen":"IRONCLAD","items_purchased":["Ornamental Fan","Twin Strike","Shrug It Off","Kunai","Flex","Meat on the Bone"],"gold_per_floor":[209,284,22,32,207,207,239,168,168,168,184,213,231,244,244,343,343,353,50,50,65,65,92,92,119,119,153,153,200,228,239,239,343,343,353,102,102,121,121,155,155,0,0,57,74,74,89,89,89],"floor_reached":50,"campfire_rested":2,"playtime":2450,"current_hp_per_floor":[80,69,69,68,68,68,52,52,52,52,58,30,26,25,25,56,80,80,80,80,69,69,70,70,48,48,24,48,48,59,67,67,19,80,74,74,74,80,80,62,62,62,62,56,44,70,55,77,77],"items_purged":[],"gold":89,"score":714,"play_id":"c4724934-2056-49fd-b679-6d3b3148985a","is_prod":false,"is_daily":false,"is_ascension_mode":true,"campfire_upgraded":6,"path_taken":["M","?","$","M","?","R","E","?","T","R","M","E","?","?","R","BOSS","M","?","?","M","?","E","?","E","T","E","R","?","E","M","R","BOSS","M","$","?","M","?","E","R","?","T","E","?","R","M","?","R","BOSS"],"build_version":"2018-02-22-PROD1","purchased_purges":0,"victory":false,"master_deck":["Strike_R","Strike_R","Strike_R+1","Strike_R+1","Strike_R","Defend_R","Defend_R","Defend_R","Defend_R","Bash","Pommel Strike","Flex+1","Doubt","Spot Weakness+1","Twin Strike","Shrug It Off","Anger+1","Heavy Blade","Armaments+1","Cleave","Reaper","Twin Strike","Flex+1","Rampage+1","Spot Weakness+1","Berserk+1","Feed","Shrug It Off+1","Battle Trance+1","Impervious","Fire Breathing","Rampage+1","Normality","Flex+1","Hemokinesis+1","Perfected Strike","Flex+1","Writhe"],"max_hp_per_floor":[80,80,80,80,80,80,80,80,80,80,80,80,80,80,80,80,80,80,80,80,80,80,80,80,80,80,80,80,80,80,80,80,80,80,80,80,80,80,80,84,84,84,84,84,87,87,87,87,87],"relics":["Burning Blood","Ornamental Fan","Oddly Smooth Stone","Frozen Eye","Pantograph","Velvet Choker","Kunai","Blue Candle","Matryoshka","Unceasing Top","Du-Vu Doll","Ancient Tea Set","Bottled Lightning","Lantern","Whetstone","Blood Vial","Runic Pyramid","Meat on the Bone","Bronze Scales","Frozen Egg 2","Red Mask","Sundial","Tiny Chest"],"card_choices":[{"not_picked":["Thunderclap","Anger"],"picked":"Pommel Strike"},{"not_picked":["Flame Barrier","Rage"],"picked":"Flex"},{"not_picked":["Ghostly Armor","Thunderclap"],"picked":"Spot Weakness"},{"not_picked":["True Grit","Burning Pact"],"picked":"Anger"},{"not_picked":["Body Slam","Clash"],"picked":"Heavy Blade"},{"not_picked":["Cleave","Sever Soul"],"picked":"Armaments"},{"not_picked":["Wild Strike","Blood for Blood"],"picked":"Cleave"},{"not_picked":["Immolate","Bludgeon"],"picked":"Reaper"},{"not_picked":["Iron Wave","Burning Pact"],"picked":"Twin Strike"},{"not_picked":["Sword Boomerang","Dual Wield"],"picked":"Bloodletting"},{"not_picked":["Clash","Sever Soul"],"picked":"Rampage"},{"not_picked":["Warcry","Clash"],"picked":"Berserk"},{"not_picked":["Impervious","Pummel"],"picked":"Feed"},{"not_picked":["Iron Wave","Impervious"],"picked":"Shrug It Off"},{"not_picked":["Clash","Body Slam"],"picked":"Battle Trance"},{"not_picked":["Brutality","Berserk"],"picked":"Impervious"},{"not_picked":["Armaments","Anger"],"picked":"Fire Breathing"},{"not_picked":["Thunderclap","Shrug It Off"],"picked":"Rampage"},{"not_picked":["True Grit","Clash"],"picked":"Flex"},{"not_picked":["Havoc","True Grit"],"picked":"Hemokinesis"},{"not_picked":["Entrench","Evolve"],"picked":"Perfected Strike"},{"not_picked":["Berserk","Anger"],"picked":"Flex"}],"player_experience":103855,"potions_floor_usage":[16,16,25,30,33,38,45,50,50],"damage_taken":[{"damage":0,"enemies":"Small Slimes","floor":1,"turns":3},{"damage":7,"enemies":"Jaw Worm","floor":4,"turns":3},{"damage":22,"enemies":"Gremlin Nob","floor":7,"turns":4},{"damage":0,"enemies":"2 Louse","floor":11,"turns":1},{"damage":34,"enemies":"3 Sentries","floor":12,"turns":8},{"damage":10,"enemies":"Large Slime","floor":13,"turns":5},{"damage":7,"enemies":"Blue Slaver","floor":14,"turns":2},{"damage":0,"enemies":"Slime Boss","floor":16,"turns":8},{"damage":8,"enemies":"Shell Parasite","floor":18,"turns":4},{"damage":19,"enemies":"Spheric Guardian","floor":21,"turns":4},{"damage":29,"enemies":"Gremlin Leader","floor":23,"turns":6},{"damage":28,"enemies":"Slavers","floor":25,"turns":5},{"damage":30,"enemies":"Book of Stabbing","floor":27,"turns":4},{"damage":10,"enemies":"Slavers","floor":30,"turns":4},{"damage":0,"enemies":"Chosen and Byrds","floor":31,"turns":5},{"damage":78,"enemies":"Champ","floor":33,"turns":10},{"damage":47,"enemies":"3 Darklings","floor":35,"turns":5},{"damage":0,"enemies":"3 Shapes","floor":38,"turns":5},{"damage":28,"enemies":"2 Orb Walkers","floor":40,"turns":4},{"damage":41,"enemies":"Nemesis","floor":44,"turns":6},{"damage":50,"enemies":"Maw","floor":45,"turns":7},{"damage":29,"enemies":"Sphere and 2 Shapes","floor":47,"turns":6},{"damage":90,"enemies":"Donu and Deca","floor":50,"turns":5}],"event_choices":[{"event_name":"World of Goop","player_choice":"Gather Gold","floor":2,"damage_taken":0},{"event_name":"Liars Game","player_choice":"agreed","floor":5,"damage_taken":0},{"event_name":"The Mausoleum","player_choice":"Yes","floor":20,"damage_taken":0},{"event_name":"Beggar","player_choice":"Ignored","floor":22,"damage_taken":0},{"event_name":"Duplicator","player_choice":"One dupe","floor":24,"damage_taken":0},{"event_name":"Accursed Blacksmith","player_choice":"Rummage","floor":39,"damage_taken":0},{"event_name":"Tomb of Lord Red Mask","player_choice":"Paid","floor":42,"damage_taken":0},{"event_name":"Winding Halls","player_choice":"Writhe","floor":48,"damage_taken":0}],"boss_relics":[{"not_picked":["Eternal Feather","Black Star"],"picked":"Velvet Choker"},{"not_picked":["Snecko Eye","Runic Cube"],"picked":"Runic Pyramid"}],"potions_floor_spawned":[7,12,14,18,27,30,33,35,44],"seed_played":"5930341398808927062","killed_by":"Donu and Deca","ascension_level":1,"is_trial":false}