{"gold_per_floor":[215,215,180,198,217,217,251,251,323,323,114,130,130,141,141,243,243,255,274,274,274,199,199,234,248,248,266,283,283,301,301,301,402,402,419,439,287,302,314,314,342,342,342,342,342,353,1,19,19,19],"floor_reached":51,"playtime":4348,"items_purged":["Bite+1"],"score":771,"play_id":"c65f97c8-8509-4a11-96e6-64357fba9eb5","local_time":"20181231121439","is_ascension_mode":true,"campfire_choices":[{"floor":6,"key":"REST"},{"floor":8,"key":"REST"},{"data":"All Out Attack","floor":10,"key":"SMITH"},{"data":"Backflip","floor":15,"key":"SMITH"},{"data":"Adrenaline","floor":23,"key":"SMITH"},{"floor":29,"key":"REST"},{"data":"Tools of the Trade","floor":32,"key":"SMITH"},{"data":"Doppelganger","floor":40,"key":"SMITH"},{"data":"Neutralize","floor":42,"key":"SMITH"},{"data":"Noxious Fumes","floor":49,"key":"SMITH"}],"neow_cost":"NONE","seed_source_timestamp":158173404085330,"circlet_count":0,"master_deck":["Defend_G","Defend_G","Defend_G","Defend_G","Defend_G","Survivor+1","Neutralize+1","Cloak And Dagger","All Out Attack+1","PiercingWail","Tools of the Trade+1","Backflip+1","Predator+1","Dagger Throw+1","Adrenaline+1","Choke+1","Skewer+1","Bite+1","Bite+1","Bite+1","Bite+1","Doppelganger+1","Flying Knee+1","Slice+1","Noxious Fumes+1","Master of Strategy","Choke+1","Quick Slash+1"],"relics":["Ring of the Snake","Orichalcum","Molten Egg 2","Happy Flower","Busted Crown","Kunai","Gremlin Horn","Runic Pyramid","Bronze Scales","Bottled Lightning","Mercury Hourglass"],"potions_floor_usage":[7,24,27,33,41,50,50],"damage_taken":[{"damage":9,"enemies":"Small Slimes","floor":1,"turns":3},{"damage":0,"enemies":"Cultist","floor":4,"turns":4},{"damage":16,"enemies":"Jaw Worm","floor":5,"turns":5},{"damage":24,"enemies":"3 Sentries","floor":7,"turns":9},{"damage":0,"enemies":"Lots of Slimes","floor":12,"turns":1},{"damage":8,"enemies":"3 Louse","floor":14,"turns":2},{"damage":40,"enemies":"The Guardian","floor":16,"turns":13},{"damage":6,"enemies":"2 Thieves","floor":18,"turns":3},{"damage":2,"enemies":"3 Byrds","floor":19,"turns":6},{"damage":6,"enemies":"Slavers","floor":24,"turns":5},{"damage":3,"enemies":"Centurion and Healer","floor":25,"turns":5},{"damage":11,"enemies":"Snake Plant","floor":27,"turns":4},{"damage":0,"enemies":"3 Cultists","floor":28,"turns":5},{"damage":3,"enemies":"Centurion and Healer","floor":30,"turns":4},{"damage":59,"enemies":"Collector","floor":33,"turns":12},{"damage":0,"enemies":"3 Shapes","floor":35,"turns":2},{"damage":8,"enemies":"Orb Walker","floor":36,"turns":3},{"damage":26,"enemies":"Writhing Mass","floor":38,"turns":6},{"damage":7,"enemies":"Maw","floor":39,"turns":8},{"damage":4,"enemies":"Nemesis","floor":41,"turns":5},{"damage":5,"enemies":"Spire Growth","floor":46,"turns":4},{"damage":0,"enemies":"Jaw Worm Horde","floor":48,"turns":4},{"damage":44,"enemies":"Donu and Deca","floor":50,"turns":9}],"seed_played":"5340394422713109645","potions_obtained":[{"floor":1,"key":"LiquidBronze"},{"floor":4,"key":"SteroidPotion"},{"floor":12,"key":"Weak Potion"},{"floor":18,"key":"SpeedPotion"},{"floor":24,"key":"Strength Potion"},{"floor":28,"key":"FearPotion"},{"floor":38,"key":"GhostInAJar"}],"is_trial":false,"path_per_floor":["M","?","$","M","M","R","E","R","T","R","$","M","?","M","R","B",null,"M","M","$","T","?","R","E","M","T","M","M","R","M","?","R","B",null,"M","M","$","M","M","R","E","R","T","?","?","M","$","M","R","B",null],"character_chosen":"THE_SILENT","items_purchased":["All Out Attack","Happy Flower","Backflip","Bronze Scales","Noxious Fumes","Master of Strategy","Choke+1"],"campfire_rested":3,"item_purchase_floors":[3,11,11,37,47,47,47],"current_hp_per_floor":[61,61,61,61,45,66,42,63,63,63,63,63,63,55,55,15,70,64,62,62,62,62,62,56,55,55,46,48,69,67,67,67,23,70,70,68,68,50,67,67,69,69,69,69,69,70,70,70,70,29],"gold":19,"neow_bonus":"HUNDRED_GOLD","is_prod":false,"is_daily":false,"chose_seed":false,"campfire_upgraded":7,"win_rate":0,"timestamp":1546226079,"path_taken":["M","?","?","M","M","R","E","R","T","R","$","M","?","?","R","BOSS","M","M","$","?","?","R","E","?","T","M","M","R","M","?","R","BOSS","M","M","$","M","M","R","E","R","T","?","?","M","$","?","R","BOSS"],"build_version":"2018-12-20","purchased_purges":1,"victory":true,"max_hp_per_floor":[70,70,70,70,70,70,70,70,70,70,70,70,70,70,70,70,70,70,70,70,70,70,70,70,70,70,70,70,70,70,70,70,70,70,70,70,70,70,70,70,70,70,70,70,70,70,70,70,70,70],"card_choices":[{"not_picked":["Accuracy","Slice"],"picked":"Cloak And Dagger","floor":1},{"not_picked":["Underhanded Strike","Dagger Throw"],"picked":"PiercingWail","floor":4},{"not_picked":["Dodge and Roll","Endless Agony","Expertise"],"picked":"SKIP","floor":5},{"not_picked":["Bane","Expertise"],"picked":"Tools of the Trade","floor":7},{"not_picked":["Backflip","Reflex"],"picked":"Predator+1","floor":12},{"not_picked":["Skewer+1","Slice+1"],"picked":"Dagger Throw+1","floor":14},{"not_picked":["Venomology","Doppelganger"],"picked":"Adrenaline","floor":16},{"not_picked":["Cloak And Dagger+1"],"picked":"SKIP","floor":18},{"not_picked":["Dagger Spray+1"],"picked":"SKIP","floor":19},{"not_picked":[],"picked":"Choke+1","floor":24},{"not_picked":["Dodge and Roll+1"],"picked":"SKIP","floor":25},{"not_picked":[],"picked":"Skewer+1","floor":27},{"not_picked":["Deflect+1"],"picked":"SKIP","floor":28},{"not_picked":["Catalyst"],"picked":"SKIP","floor":30},{"not_picked":[],"picked":"Doppelganger","floor":33},{"not_picked":[],"picked":"Flying Knee+1","floor":35},{"not_picked":["Dagger Throw+1"],"picked":"SKIP","floor":36},{"not_picked":["Underhanded Strike+1"],"picked":"SKIP","floor":38},{"not_picked":["Dodge and Roll+1"],"picked":"SKIP","floor":39},{"not_picked":["Blade Dance"],"picked":"SKIP","floor":41},{"not_picked":[],"picked":"Slice+1","floor":46},{"not_picked":[],"picked":"Quick Slash+1","floor":48}],"player_experience":63871,"relics_obtained":[{"floor":7,"key":"Orichalcum"},{"floor":9,"key":"Molten Egg 2"},{"floor":21,"key":"Kunai"},{"floor":24,"key":"Blood Vial"},{"floor":26,"key":"Gremlin Horn"},{"floor":41,"key":"Bottled Lightning"},{"floor":43,"key":"Mercury Hourglass"}],"event_choices":[{"damage_healed":0,"gold_gain":0,"player_choice":"Upgraded","damage_taken":0,"max_hp_gain":0,"max_hp_loss":0,"event_name":"Upgrade Shrine","floor":2,"gold_loss":0,"cards_upgraded":["Survivor"]},{"damage_healed":0,"gold_gain":0,"player_choice":"Ignored","damage_taken":0,"max_hp_gain":0,"max_hp_loss":0,"event_name":"Golden Idol","floor":13,"gold_loss":0},{"cards_removed":["Strike_G"],"damage_healed":0,"gold_gain":0,"player_choice":"Gave Gold","damage_taken":0,"max_hp_gain":0,"max_hp_loss":0,"event_name":"Beggar","floor":22,"gold_loss":75},{"damage_healed":0,"gold_gain":0,"player_choice":"Became a vampire (Vial)","damage_taken":0,"max_hp_gain":0,"max_hp_loss":0,"event_name":"Vampires","floor":31,"relics_lost":["Blood Vial"],"gold_loss":0,"cards_obtained":["Bite","Bite","Bite","Bite","Bite"]},{"damage_healed":0,"gold_gain":0,"player_choice":"Memory 1","damage_taken":0,"max_hp_gain":0,"max_hp_loss":0,"event_name":"SensoryStone","floor":44,"gold_loss":0},{"damage_healed":0,"gold_gain":0,"player_choice":"Ignored","damage_taken":0,"max_hp_gain":0,"max_hp_loss":0,"event_name":"SecretPortal","floor":45,"gold_loss":0}],"is_beta":false,"boss_relics":[{"not_picked":["Cursed Key","White Beast Statue"],"picked":"Busted Crown"},{"not_picked":["Tiny House","HoveringKite"],"picked":"Runic Pyramid"}],"items_purged_floors":[47],"is_endless":false,"potions_floor_spawned":[1,4,12,18,19,24,28,38],"ascension_level":3}