{"gold_per_floor":[116,127,146,160,173,203,222,237,305,331,1,14,14,30,30,132,132,148,148,160,160,171,200,217,217,241,258,258,268,281,296,296,391,391,408,422,29,29,29,29,58,58,58,71,71,103,119,19,19,19,19,19,19,50,50],"floor_reached":55,"playtime":4011,"items_purged":["Strike_R","Defend_R"],"score":1060,"play_id":"2ca113e2-78c5-423d-b124-324f5b27da5f","local_time":"20190824145029","is_ascension_mode":true,"campfire_choices":[{"floor":15,"key":"REST"},{"floor":25,"key":"REST"},{"floor":32,"key":"RECALL"},{"floor":40,"key":"REST"},{"floor":49,"key":"REST"},{"floor":52,"key":"REST"}],"neow_cost":"NONE","seed_source_timestamp":403930511765700,"circlet_count":0,"master_deck":["Strike_R","Strike_R","Strike_R","Strike_R","Defend_R","Defend_R","Defend_R","Bash","Feed+1","Anger","Cleave","Clothesline","Anger","Evolve","Flame Barrier+1","Flame Barrier","Twin Strike+1","Bandage Up","Secret Weapon","Blood for Blood+1","Anger+1","Reaper+1","Pommel Strike+1","Iron Wave+1","Swift Strike+1","Clash+1","Reckless Charge+1","Clothesline+1","Uppercut+1","Clash+1","Clash+1","Shrug It Off+1","Clash+1","Clash+1","Immolate+1","Combust+1","Battle Trance","Wild Strike+1","Double Tap","Battle Trance","Panacea","Mayhem","Trip","Thinking Ahead","Inflame+1","Metallicize","Warcry","Reaper+1","Dropkick+1","Reaper+1"],"relics":["Burning Blood","Happy Flower","Molten Egg 2","Vajra","Lizard Tail","Prayer Wheel","Orichalcum","Fusion Hammer","Red Skull","Du-Vu Doll","Paper Frog","Bag of Preparation","Calipers"],"potions_floor_usage":[6,7,8,16,16,22,22,22,24,33,42,50,50,55],"damage_taken":[{"damage":1,"enemies":"Cultist","floor":1,"turns":3},{"damage":10,"enemies":"Small Slimes","floor":2,"turns":5},{"damage":5,"enemies":"2 Louse","floor":3,"turns":2},{"damage":20,"enemies":"Exordium Thugs","floor":4,"turns":5},{"damage":18,"enemies":"Large Slime","floor":5,"turns":4},{"damage":25,"enemies":"Lagavulin","floor":6,"turns":5},{"damage":0,"enemies":"Gremlin Gang","floor":7,"turns":2},{"damage":13,"enemies":"Exordium Thugs","floor":8,"turns":4},{"damage":20,"enemies":"Gremlin Nob","floor":10,"turns":4},{"damage":9,"enemies":"2 Fungi Beasts","floor":12,"turns":2},{"damage":3,"enemies":"Looter","floor":14,"turns":3},{"damage":46,"enemies":"Hexaghost","floor":16,"turns":7},{"damage":19,"enemies":"Spheric Guardian","floor":18,"turns":4},{"damage":1,"enemies":"3 Byrds","floor":20,"turns":2},{"damage":11,"enemies":"Cultist and Chosen","floor":22,"turns":4},{"damage":78,"enemies":"Slavers","floor":23,"turns":6},{"damage":15,"enemies":"Snecko","floor":24,"turns":4},{"damage":18,"enemies":"Snake Plant","floor":27,"turns":3},{"damage":6,"enemies":"Cultist and Chosen","floor":29,"turns":4},{"damage":7,"enemies":"Chosen and Byrds","floor":30,"turns":4},{"damage":8,"enemies":"Snecko","floor":31,"turns":3},{"damage":121,"enemies":"Automaton","floor":33,"turns":11},{"damage":32,"enemies":"3 Shapes","floor":35,"turns":2},{"damage":6,"enemies":"Orb Walker","floor":36,"turns":2},{"damage":28,"enemies":"Giant Head","floor":41,"turns":6},{"damage":0,"enemies":"Jaw Worm Horde","floor":42,"turns":2},{"damage":19,"enemies":"Spire Growth","floor":44,"turns":4},{"damage":44,"enemies":"Reptomancer","floor":46,"turns":4},{"damage":18,"enemies":"Sphere and 2 Shapes","floor":47,"turns":4},{"damage":104,"enemies":"Donu and Deca","floor":50,"turns":9},{"damage":90,"enemies":"Shield and Spear","floor":54,"turns":6},{"damage":53,"enemies":"The Heart","floor":55,"turns":2}],"seed_played":"5928919689389653907","potions_obtained":[{"floor":2,"key":"Poison Potion"},{"floor":4,"key":"Explosive Potion"},{"floor":6,"key":"AttackPotion"},{"floor":10,"key":"FearPotion"},{"floor":12,"key":"GamblersBrew"},{"floor":14,"key":"Block Potion"},{"floor":18,"key":"Poison Potion"},{"floor":20,"key":"Poison Potion"},{"floor":23,"key":"Fire Potion"},{"floor":31,"key":"Dexterity Potion"},{"floor":33,"key":"LiquidBronze"},{"floor":41,"key":"SmokeBomb"},{"floor":44,"key":"Weak Potion"},{"floor":47,"key":"PowerPotion"}],"is_trial":false,"path_per_floor":["M","M","M","M","M","E","M","M","T","E","$","M","?","M","R","B",null,"M","T","M","?","M","E","M","R","T","M","?","M","M","M","R","B",null,"M","M","$","?","?","R","E","M","T","M","?","E","M","$","R","B",null,"R","$","E","B"],"character_chosen":"IRONCLAD","items_purchased":["Bandage Up","Secret Weapon","Red Skull","Double Tap","Battle Trance","Panacea"],"campfire_rested":5,"item_purchase_floors":[11,11,37,37,37,37],"current_hp_per_floor":[80,79,80,69,60,44,50,43,43,32,32,36,36,47,78,42,89,80,80,92,92,95,31,28,60,60,57,57,77,86,97,97,62,100,74,78,78,68,68,103,85,95,95,88,88,78,74,74,110,32,99,121,121,42,0],"gold":50,"neow_bonus":"ONE_RANDOM_RARE_CARD","is_prod":false,"is_daily":false,"chose_seed":false,"campfire_upgraded":0,"win_rate":0,"timestamp":1566683429,"path_taken":["M","M","M","M","M","E","?","M","T","E","$","M","?","M","R","BOSS","M","?","M","?","M","E","M","R","T","?","?","?","M","M","R","BOSS","M","M","$","?","?","R","E","M","T","M","?","E","?","$","R","BOSS","R","$","E","BOSS"],"build_version":"2019-07-17","purchased_purges":2,"victory":false,"max_hp_per_floor":[83,86,86,89,92,95,95,95,95,98,98,101,101,105,105,105,105,105,105,105,105,105,109,109,109,109,109,109,113,113,113,113,113,113,113,117,117,117,117,117,117,117,117,117,117,117,121,121,121,121,121,121,121,121,121],"card_choices":[{"not_picked":["Thunderclap","Carnage"],"picked":"Anger","floor":1},{"not_picked":["Pummel","Twin Strike"],"picked":"Cleave","floor":2},{"not_picked":["Shockwave","Warcry"],"picked":"Clothesline","floor":3},{"not_picked":["Sentinel","Sword Boomerang"],"picked":"Anger","floor":4},{"not_picked":["Entrench","Reckless Charge"],"picked":"Evolve","floor":5},{"not_picked":["Carnage","Twin Strike"],"picked":"Flame Barrier","floor":6},{"not_picked":["Evolve","Blood for Blood"],"picked":"Flame Barrier","floor":7},{"not_picked":["Inflame","Cleave"],"picked":"Combust","floor":8},{"not_picked":["Warcry","Carnage+1"],"picked":"Twin Strike+1","floor":10},{"not_picked":["Infernal Blade","Body Slam+1"],"picked":"Blood for Blood+1","floor":12},{"not_picked":["Inflame","Clothesline+1"],"picked":"Anger+1","floor":14},{"not_picked":["Impervious","Barricade"],"picked":"Reaper+1","floor":16},{"not_picked":["Dual Wield","Havoc","Sever Soul+1"],"picked":"SKIP","floor":18},{"not_picked":["Heavy Blade+1","Havoc"],"picked":"Pommel Strike+1","floor":20},{"not_picked":["Headbutt+1","Heavy Blade+1"],"picked":"Clash+1","floor":22},{"not_picked":["Flex","Disarm"],"picked":"Reckless Charge+1","floor":23},{"not_picked":["Flame Barrier","Sever Soul+1"],"picked":"Clothesline+1","floor":24},{"not_picked":["Feel No Pain","Armaments"],"picked":"Uppercut+1","floor":24},{"not_picked":["Cleave+1","Corruption"],"picked":"Clash+1","floor":27},{"not_picked":["Offering","Havoc"],"picked":"Clash+1","floor":27},{"not_picked":["Combust","Searing Blow+1"],"picked":"Shrug It Off+1","floor":29},{"not_picked":["Pommel Strike+1","Thunderclap+1","Twin Strike+1"],"picked":"SKIP","floor":29},{"not_picked":["Infernal Blade","Dual Wield"],"picked":"Clash+1","floor":30},{"not_picked":["Rampage+1","Pommel Strike+1"],"picked":"Clash+1","floor":30},{"not_picked":["Evolve","Juggernaut","Fire Breathing"],"picked":"SKIP","floor":31},{"not_picked":["True Grit","Havoc+1","Seeing Red"],"picked":"SKIP","floor":31},{"not_picked":["Limit Break","Feed+1"],"picked":"Immolate+1","floor":33},{"not_picked":["True Grit","Clothesline+1"],"picked":"Combust+1","floor":35},{"not_picked":["Entrench","Sword Boomerang+1","Evolve"],"picked":"SKIP","floor":35},{"not_picked":["Shockwave+1","Spot Weakness"],"picked":"Battle Trance","floor":36},{"not_picked":["Uppercut+1","Metallicize"],"picked":"Wild Strike+1","floor":36},{"not_picked":["Madness","Sadistic Nature"],"picked":"Mayhem","floor":38},{"not_picked":["Good Instincts","Purity"],"picked":"Trip","floor":38},{"not_picked":["HandOfGreed+1","Madness"],"picked":"Thinking Ahead","floor":38},{"not_picked":["Iron Wave+1","Burning Pact"],"picked":"Inflame+1","floor":41},{"not_picked":["Cleave+1","Twin Strike+1"],"picked":"Metallicize","floor":44},{"not_picked":["Thunderclap+1","Flex","Evolve"],"picked":"SKIP","floor":44},{"not_picked":["Flex","Evolve"],"picked":"Dropkick+1","floor":46},{"not_picked":["Armaments","Thunderclap+1"],"picked":"Reaper+1","floor":47},{"not_picked":["Shrug It Off","True Grit","Havoc+1"],"picked":"SKIP","floor":47},{"not_picked":["Heavy Blade+1","Flex+1","Corruption+1"],"picked":"SKIP","floor":54}],"player_experience":134484,"relics_obtained":[{"floor":6,"key":"Happy Flower"},{"floor":9,"key":"Molten Egg 2"},{"floor":10,"key":"Vajra"},{"floor":23,"key":"Prayer Wheel"},{"floor":26,"key":"Orichalcum"},{"floor":41,"key":"Du-Vu Doll"},{"floor":43,"key":"Paper Frog"},{"floor":46,"key":"Bag of Preparation"},{"floor":54,"key":"Calipers"}],"event_choices":[{"damage_healed":0,"gold_gain":0,"player_choice":"Upgraded","damage_taken":0,"max_hp_gain":0,"max_hp_loss":0,"event_name":"Upgrade Shrine","floor":13,"gold_loss":0,"cards_upgraded":["Feed"]},{"damage_healed":0,"gold_gain":0,"player_choice":"2 cards matched","damage_taken":0,"max_hp_gain":0,"max_hp_loss":0,"event_name":"Match and Keep!","floor":21,"gold_loss":0,"cards_obtained":["Iron Wave","Swift Strike"]},{"damage_healed":0,"gold_gain":0,"player_choice":"Upgraded","damage_taken":0,"max_hp_gain":0,"max_hp_loss":0,"event_name":"Upgrade Shrine","floor":28,"gold_loss":0,"cards_upgraded":["Flame Barrier"]},{"damage_healed":0,"gold_gain":0,"player_choice":"Memory 3","damage_taken":10,"max_hp_gain":0,"max_hp_loss":0,"event_name":"SensoryStone","floor":38,"gold_loss":0},{"cards_removed":["Combust"],"damage_healed":0,"gold_gain":0,"player_choice":"Removed Power","damage_taken":0,"max_hp_gain":0,"max_hp_loss":0,"event_name":"Falling","floor":39,"gold_loss":0},{"damage_healed":0,"gold_gain":0,"player_choice":"2 cards matched","damage_taken":0,"max_hp_gain":0,"max_hp_loss":0,"event_name":"Match and Keep!","floor":45,"gold_loss":0,"cards_obtained":["Warcry","Reaper"]}],"is_beta":false,"boss_relics":[{"not_picked":["Runic Pyramid","Empty Cage"],"picked":"Lizard Tail"},{"not_picked":["Orrery","Snecko Eye"],"picked":"Fusion Hammer"}],"items_purged_floors":[11,48],"is_endless":false,"potions_floor_spawned":[2,4,6,10,12,14,18,20,23,31,33,41,44,47],"killed_by":"The Heart","ascension_level":6}