{"path_per_floor":["M","?","?","M","?","E","M","M","T","T","M","$","R","M","R","B",null,"M","M","?","?","?","R","E","M","T","$","R","M","M","M","R"],"character_chosen":"THE_SILENT","items_purchased":["Accuracy","Cloak And Dagger","Transmutation","Ornamental Fan"],"gold_per_floor":[149,149,224,240,240,266,283,301,301,348,368,70,70,89,89,194,194,206,217,217,217,217,217,246,257,257,3,3,19,32,50,50],"floor_reached":33,"campfire_rested":4,"playtime":1760,"current_hp_per_floor":[71,56,45,43,48,31,29,29,29,29,29,29,53,51,75,13,80,77,77,77,77,77,77,36,10,10,10,34,34,29,21,45],"items_purged":[],"gold":50,"score":269,"play_id":"22adc181-627e-4da5-8ab5-dcf3c1417624","is_prod":false,"is_daily":false,"is_ascension_mode":false,"campfire_upgraded":1,"path_taken":["M","?","?","M","?","E","?","M","T","?","M","$","R","M","R","BOSS","M","M","?","?","?","R","E","?","T","?","R","M","M","M","R","BOSS"],"build_version":"2018-02-15-PROD1","purchased_purges":0,"victory":false,"master_deck":["Defend_G+1","Defend_G+1","Defend_G+1","Defend_G+1","Defend_G+1","Strike_G+1","Strike_G+1","Strike_G+1","Strike_G+1","Survivor","Neutralize","Dagger Spray","Poisoned Stab","Bane","Footwork","Poisoned Stab","Slice","Riddle With Holes","Accuracy","Cloak And Dagger+1","Transmutation","Poisoned Stab","Wraith Form","Dagger Throw","Accuracy","Glass Knife","Bane","Finisher","Prepared+1","Backstab+1","Crippling Poison+1","Finisher"],"max_hp_per_floor":[75,75,75,75,80,80,80,80,80,80,80,80,80,80,80,80,80,80,80,80,80,80,80,80,80,80,80,80,80,80,80,80],"relics":["Tiny House","Ninja Scroll","Sundial","Bronze Scales","White Beast Statue","Bag of Marbles","Bag of Preparation","Ornamental Fan"],"card_choices":[{"not_picked":["Underhanded Strike","PiercingWail"],"picked":"Dagger Spray"},{"not_picked":["Slice","Underhanded Strike"],"picked":"Poisoned Stab"},{"not_picked":["Slice","Sucker Punch"],"picked":"Bane"},{"not_picked":["Escape Plan","Deflect"],"picked":"Footwork"},{"not_picked":["Underhanded Strike","Deadly Poison"],"picked":"Poisoned Stab"},{"not_picked":["Deflect","Underhanded Strike"],"picked":"Slice"},{"not_picked":["After Image","Terror"],"picked":"Riddle With Holes"},{"not_picked":["Deadly Poison","Sucker Punch"],"picked":"Poisoned Stab"},{"not_picked":["Doppelganger","Unload"],"picked":"Wraith Form"},{"not_picked":["Calculated Gamble","Deadly Poison"],"picked":"Dagger Throw"},{"not_picked":["Blur","Dodge and Roll"],"picked":"Accuracy"},{"not_picked":["Sucker Punch","Poisoned Stab"],"picked":"Finisher"},{"not_picked":["Escape Plan","Underhanded Strike"],"picked":"Prepared"},{"not_picked":["Riddle With Holes","Masterful Stab"],"picked":"Backstab"},{"not_picked":["Deadly Poison","Dagger Throw"],"picked":"Crippling Poison"},{"not_picked":["Heel Hook","Calculated Gamble"],"picked":"Finisher"}],"player_experience":82356,"potions_floor_usage":[16,16,18,24,24,29,30,30,33,33,33],"damage_taken":[{"damage":4,"enemies":"2 Louse","floor":1,"turns":2},{"damage":2,"enemies":"Small Slimes","floor":4,"turns":3},{"damage":17,"enemies":"3 Sentries","floor":6,"turns":8},{"damage":2,"enemies":"Jaw Worm","floor":7,"turns":4},{"damage":0,"enemies":"Large Slime","floor":8,"turns":4},{"damage":0,"enemies":"2 Fungi Beasts","floor":11,"turns":3},{"damage":2,"enemies":"Looter","floor":14,"turns":2},{"damage":62,"enemies":"The Guardian","floor":16,"turns":9},{"damage":3,"enemies":"Shell Parasite","floor":18,"turns":4},{"damage":0,"enemies":"Chosen","floor":19,"turns":4},{"damage":41,"enemies":"Slavers","floor":24,"turns":5},{"damage":26,"enemies":"Centurion and Healer","floor":25,"turns":4},{"damage":0,"enemies":"Chosen and Byrds","floor":29,"turns":4},{"damage":14,"enemies":"Snake Plant","floor":30,"turns":4},{"damage":8,"enemies":"Centurion and Healer","floor":31,"turns":4},{"damage":59,"enemies":"Automaton","floor":33,"turns":6}],"event_choices":[{"event_name":"Shining Light","player_choice":"Entered Light","floor":2,"damage_taken":0},{"event_name":"World of Goop","player_choice":"Gather Gold","floor":3,"damage_taken":0},{"event_name":"Big Fish","player_choice":"Donut","floor":5,"damage_taken":0},{"event_name":"Transmorgrifier","player_choice":"Transform","floor":20,"damage_taken":0},{"event_name":"Back to Basics","player_choice":"Simplicity","floor":21,"damage_taken":0},{"event_name":"The Library","player_choice":"Read","floor":22,"damage_taken":0}],"boss_relics":[{"not_picked":["Velvet Choker","Calling Bell"],"picked":"White Beast Statue"}],"potions_floor_spawned":[7,8,16,18,19,24,25,29,30,31],"seed_played":"-1610634249308243025","killed_by":"Automaton","ascension_level":0,"is_trial":false}