{"gold_per_floor":[115,290,290,18,34,34,34,62,87,112,112,130,143,170,170,275,275,288,299,299,299,318,57,57,57,84,96,108,120,147,172,184,196],"floor_reached":33,"playtime":1150,"items_purged":[],"score":389,"play_id":"65afaa41-fa66-400e-a21f-802362903190","local_time":"20181120134033","is_ascension_mode":true,"campfire_choices":[{"data":"Noxious Fumes","floor":6,"key":"SMITH"},{"data":"Footwork","floor":11,"key":"SMITH"},{"data":"Noxious Fumes","floor":15,"key":"SMITH"},{"data":"Setup","floor":24,"key":"SMITH"},{"data":"Catalyst","floor":28,"key":"SMITH"},{"floor":32,"key":"REST"}],"neow_cost":"NONE","seed_source_timestamp":220772252270022,"circlet_count":0,"master_deck":["Defend_G+1","Defend_G+1","Defend_G+1","Defend_G+1","Defend_G+1","Strike_G+1","Strike_G+1","Strike_G+1","Strike_G+1","Strike_G+1","Survivor","Neutralize","Noxious Fumes+1","Footwork+1","Bane","Corpse Explosion","Well Laid Plans","Noxious Fumes+1","Doppelganger","Setup+1","Caltrops","Catalyst+1"],"relics":["Ring of the Snake","NeowsBlessing","Lee\u0027s Waffle","Strawberry","The Specimen","Ancient Tea Set","Anchor","Odd Mushroom","White Beast Statue","Tiny Chest","MawBank"],"potions_floor_usage":[10,19,22,30,31,33,33,33],"damage_taken":[{"damage":0,"enemies":"2 Louse","floor":1,"turns":1},{"damage":0,"enemies":"Jaw Worm","floor":5,"turns":1},{"damage":0,"enemies":"3 Sentries","floor":8,"turns":1},{"damage":4,"enemies":"Lagavulin","floor":10,"turns":6},{"damage":0,"enemies":"Small Slimes","floor":12,"turns":2},{"damage":0,"enemies":"3 Louse","floor":13,"turns":1},{"damage":0,"enemies":"The Mushroom Lair","floor":14,"turns":2},{"damage":50,"enemies":"Hexaghost","floor":16,"turns":8},{"damage":6,"enemies":"3 Byrds","floor":18,"turns":3},{"damage":8,"enemies":"Chosen","floor":19,"turns":6},{"damage":12,"enemies":"Snake Plant","floor":22,"turns":5},{"damage":7,"enemies":"3 Cultists","floor":30,"turns":3},{"damage":32,"enemies":"Sentry and Sphere","floor":31,"turns":5},{"damage":46,"enemies":"Champ","floor":33,"turns":9}],"seed_played":"-7345432442586397637","potions_obtained":[{"floor":1,"key":"AttackPotion"},{"floor":8,"key":"Strength Potion"},{"floor":16,"key":"Swift Potion"},{"floor":18,"key":"Dexterity Potion"},{"floor":19,"key":"Strength Potion"},{"floor":22,"key":"Strength Potion"},{"floor":30,"key":"Fruit Juice"},{"floor":31,"key":"SkillPotion"}],"is_trial":false,"path_per_floor":["M","?","?","$","M","R","?","E","T","E","R","M","M","?","R","B",null,"M","M","?","?","M","$","R","?","T","$","R","?","M","M","R","B"],"character_chosen":"THE_SILENT","items_purchased":["Footwork","Lee\u0027s Waffle","Caltrops","Catalyst","Tiny Chest"],"campfire_rested":1,"item_purchase_floors":[4,4,23,23,23],"current_hp_per_floor":[70,70,63,77,77,77,77,77,77,73,73,73,73,73,73,23,84,78,70,70,70,58,58,58,58,58,58,58,42,35,8,36,0],"gold":196,"neow_bonus":"THREE_ENEMY_KILL","is_prod":false,"is_daily":false,"chose_seed":false,"campfire_upgraded":5,"win_rate":0,"timestamp":1542717633,"path_taken":["M","?","?","?","?","R","?","E","T","E","R","M","M","?","R","BOSS","M","M","?","?","M","$","R","?","T","$","R","?","M","M","R","BOSS"],"build_version":"2018-11-15","purchased_purges":0,"victory":false,"max_hp_per_floor":[70,70,70,77,77,77,84,84,84,84,84,84,84,84,84,84,84,84,84,84,84,84,84,84,84,84,84,84,89,89,94,94,94],"card_choices":[{"not_picked":["Dagger Throw","Prepared"],"picked":"Noxious Fumes","floor":1},{"not_picked":["Blade Dance","Endless Agony"],"picked":"Bane","floor":5},{"not_picked":["Dagger Throw","Eviscerate","Acrobatics"],"picked":"SKIP","floor":8},{"not_picked":["Catalyst","Underhanded Strike"],"picked":"Corpse Explosion","floor":10},{"not_picked":["Finisher","Outmaneuver"],"picked":"Well Laid Plans","floor":12},{"not_picked":["Blur","Quick Slash"],"picked":"Noxious Fumes","floor":13},{"not_picked":["Phantasmal Killer","Die Die Die"],"picked":"Doppelganger","floor":16},{"not_picked":["Blade Dance","Tactician","Dash"],"picked":"SKIP","floor":18},{"not_picked":["Prepared","Predator"],"picked":"Setup","floor":19},{"not_picked":["Cloak And Dagger","PiercingWail","Outmaneuver+1"],"picked":"SKIP","floor":22},{"not_picked":["Endless Agony","Flying Knee","Backflip"],"picked":"SKIP","floor":30},{"not_picked":["Dodge and Roll+1","PiercingWail","Sucker Punch"],"picked":"SKIP","floor":31}],"player_experience":290512,"relics_obtained":[{"floor":8,"key":"The Specimen"},{"floor":9,"key":"Ancient Tea Set"},{"floor":10,"key":"Anchor"},{"floor":14,"key":"Odd Mushroom"},{"floor":26,"key":"MawBank"}],"event_choices":[{"damage_healed":0,"gold_gain":175,"player_choice":"AGREE","damage_taken":0,"max_hp_gain":0,"max_hp_loss":0,"event_name":"Liars Game","floor":2,"gold_loss":0,"cards_obtained":["Doubt"]},{"cards_removed":["Doubt"],"damage_healed":0,"gold_gain":0,"player_choice":"Card Removal","damage_taken":7,"max_hp_gain":0,"max_hp_loss":0,"event_name":"Golden Wing","floor":3,"gold_loss":0},{"damage_healed":0,"gold_gain":0,"player_choice":"Success","damage_taken":7,"relics_obtained":["Strawberry"],"max_hp_gain":0,"max_hp_loss":0,"event_name":"Scrap Ooze","floor":7,"gold_loss":0},{"damage_healed":0,"gold_gain":0,"player_choice":"Fought Mushrooms","damage_taken":0,"max_hp_gain":0,"max_hp_loss":0,"event_name":"Mushrooms","floor":14,"gold_loss":0},{"damage_healed":0,"gold_gain":0,"player_choice":"Ignored","damage_taken":0,"max_hp_gain":0,"max_hp_loss":0,"event_name":"Ghosts","floor":20,"gold_loss":0},{"damage_healed":0,"gold_gain":0,"player_choice":"Simplicity","damage_taken":0,"max_hp_gain":0,"max_hp_loss":0,"event_name":"Back to Basics","floor":21,"gold_loss":0,"cards_upgraded":["Defend_G","Defend_G","Defend_G","Defend_G","Defend_G","Strike_G","Strike_G","Strike_G","Strike_G","Strike_G"]},{"damage_healed":0,"gold_gain":0,"player_choice":"Ignored","damage_taken":0,"max_hp_gain":0,"max_hp_loss":0,"event_name":"Beggar","floor":25,"gold_loss":0},{"damage_healed":0,"gold_gain":0,"player_choice":"Shed Blood","damage_taken":21,"max_hp_gain":5,"max_hp_loss":0,"event_name":"Forgotten Altar","floor":29,"gold_loss":0}],"is_beta":false,"boss_relics":[{"not_picked":["Orrery","WristBlade"],"picked":"White Beast Statue"}],"items_purged_floors":[],"is_endless":false,"potions_floor_spawned":[1,8,16,18,19,22,30,31],"killed_by":"Champ","ascension_level":4}