{"gold_per_floor":[110,110,124,138,238,273,284,312,365,394,394,394,408,433,433,530,530,545,545,560,570,583,583,583,583,583,583],"floor_reached":27,"playtime":2296,"items_purged":[],"score":322,"play_id":"a623c786-8f17-4a88-98d1-e18b1c3c94d0","local_time":"20190624205111","is_ascension_mode":true,"campfire_choices":[{"floor":11,"key":"REST"},{"data":"Hemokinesis","floor":15,"key":"SMITH"},{"data":"Rage","floor":23,"key":"SMITH"}],"neow_cost":"NONE","seed_source_timestamp":239181455063652,"circlet_count":0,"master_deck":["Strike_R+1","Strike_R","Strike_R","Strike_R","Strike_R+1","Defend_R","Defend_R","Defend_R","Bash","Rage+1","Hemokinesis+1","Armaments","Shockwave","Clash","Clash","Dark Embrace","Perfected Strike+1","Thunderclap+1","Dark Embrace","Anger+1","Pommel Strike+1","Warcry","Warcry","Metallicize+1","J.A.X."],"relics":["Black Blood","Whetstone","Dodecahedron","Omamori","Molten Egg 2","Vajra","Magic Flower"],"potions_floor_usage":[6,6,8,22,22],"damage_taken":[{"damage":5,"enemies":"Small Slimes","floor":1,"turns":3},{"damage":6,"enemies":"Cultist","floor":3,"turns":4},{"damage":3,"enemies":"2 Louse","floor":4,"turns":2},{"damage":20,"enemies":"3 Sentries","floor":6,"turns":9},{"damage":19,"enemies":"Lots of Slimes","floor":7,"turns":5},{"damage":35,"enemies":"Gremlin Nob","floor":8,"turns":4},{"damage":24,"enemies":"Lagavulin","floor":10,"turns":4},{"damage":1,"enemies":"Looter","floor":13,"turns":2},{"damage":3,"enemies":"3 Sentries","floor":14,"turns":4},{"damage":22,"enemies":"Hexaghost","floor":16,"turns":8},{"damage":13,"enemies":"Spheric Guardian","floor":18,"turns":3},{"damage":46,"enemies":"2 Thieves","floor":20,"turns":4},{"damage":15,"enemies":"Chosen and Byrds","floor":21,"turns":4},{"damage":19,"enemies":"Snake Plant","floor":22,"turns":3},{"damage":65,"enemies":"Book of Stabbing","floor":27,"turns":6}],"seed_played":"-2243706190728410082","potions_obtained":[{"floor":1,"key":"SpeedPotion"},{"floor":2,"key":"Fire Potion"},{"floor":2,"key":"Energy Potion"},{"floor":2,"key":"Weak Potion"},{"floor":7,"key":"PowerPotion"},{"floor":8,"key":"BloodPotion"},{"floor":13,"key":"SkillPotion"}],"is_trial":false,"path_per_floor":["M","?","M","M","?","E","M","E","T","E","R","?","M","E","R","B",null,"M","?","M","M","M","R","?","?","T","E"],"character_chosen":"IRONCLAD","items_purchased":[],"campfire_rested":1,"item_purchase_floors":[],"current_hp_per_floor":[88,88,88,88,88,74,61,32,32,14,40,40,45,48,48,32,88,85,85,49,44,35,35,35,64,64,0],"gold":583,"neow_bonus":"TEN_PERCENT_HP_BONUS","is_prod":false,"is_daily":false,"chose_seed":false,"campfire_upgraded":2,"win_rate":0,"timestamp":1561423871,"path_taken":["M","?","M","?","?","E","?","E","T","E","R","?","?","E","R","BOSS","M","?","?","M","M","R","?","?","T","E"],"build_version":"2019-01-23","purchased_purges":0,"victory":false,"max_hp_per_floor":[88,88,88,88,88,88,88,88,88,88,88,88,88,88,88,88,88,88,88,88,88,88,88,88,88,88,88],"card_choices":[{"not_picked":["Twin Strike","Armaments"],"picked":"Rage","floor":1},{"not_picked":["Heavy Blade","Cleave"],"picked":"Hemokinesis","floor":3},{"not_picked":["Cleave","Flex"],"picked":"Armaments","floor":4},{"not_picked":["Headbutt","Uppercut"],"picked":"Shockwave","floor":6},{"not_picked":["Shrug It Off","Burning Pact"],"picked":"Clash","floor":7},{"not_picked":["Impervious","Rampage"],"picked":"Clash","floor":8},{"not_picked":["Metallicize","Havoc"],"picked":"Dark Embrace","floor":10},{"not_picked":["Disarm","Cleave+1"],"picked":"Perfected Strike+1","floor":13},{"not_picked":["Flex","Sentinel"],"picked":"Thunderclap+1","floor":14},{"not_picked":["Bludgeon+1","Immolate+1"],"picked":"Dark Embrace","floor":16},{"not_picked":["Shrug It Off","Searing Blow+1"],"picked":"Anger+1","floor":18},{"not_picked":["True Grit","Armaments"],"picked":"Warcry","floor":20},{"not_picked":["Juggernaut","Body Slam+1"],"picked":"Warcry","floor":21},{"not_picked":["Rupture+1","Rampage+1"],"picked":"Metallicize+1","floor":22}],"player_experience":107648,"relics_obtained":[{"floor":6,"key":"Whetstone"},{"floor":8,"key":"Dodecahedron"},{"floor":10,"key":"Omamori"},{"floor":14,"key":"Vajra"},{"floor":26,"key":"Magic Flower"}],"event_choices":[{"damage_healed":0,"gold_gain":0,"player_choice":"Got Potions","damage_taken":0,"max_hp_gain":0,"max_hp_loss":0,"event_name":"Lab","floor":2,"gold_loss":0},{"damage_healed":0,"gold_gain":100,"player_choice":"Pray","damage_taken":0,"max_hp_gain":0,"max_hp_loss":0,"event_name":"Golden Shrine","floor":5,"gold_loss":0},{"damage_healed":0,"gold_gain":0,"player_choice":"Gave Potion","damage_taken":0,"relics_obtained":["Molten Egg 2"],"max_hp_gain":0,"max_hp_loss":0,"event_name":"WeMeetAgain","floor":12,"gold_loss":0},{"damage_healed":0,"gold_gain":0,"cards_transformed":["Defend_R"],"player_choice":"Transformed","damage_taken":0,"max_hp_gain":0,"max_hp_loss":0,"event_name":"Transmorgrifier","floor":19,"gold_loss":0,"cards_obtained":["Pommel Strike"]},{"damage_healed":0,"gold_gain":0,"player_choice":"Obtain J.A.X.","damage_taken":0,"max_hp_gain":0,"max_hp_loss":0,"event_name":"Drug Dealer","floor":24,"gold_loss":0,"cards_obtained":["J.A.X."]},{"damage_healed":29,"gold_gain":0,"player_choice":"Heal","damage_taken":0,"max_hp_gain":0,"max_hp_loss":0,"event_name":"The Library","floor":25,"gold_loss":0}],"is_beta":false,"boss_relics":[{"not_picked":["Runic Dome","Empty Cage"],"picked":"Black Blood"}],"items_purged_floors":[],"is_endless":false,"potions_floor_spawned":[1,4,7,8,13],"killed_by":"Book of Stabbing","ascension_level":4}