{"gold_per_floor":[119,136,136,311,261,261,294,15,41,41,71,71,85,97,97,200,200,214,214,129,148,160,160,180,206,282,7,107,107],"floor_reached":29,"playtime":1547,"items_purged":[],"score":326,"play_id":"aea7f9dc-4f2f-401d-a47f-a81558857d8d","local_time":"20181112202051","is_ascension_mode":true,"campfire_choices":[{"data":"Neutralize","floor":6,"key":"SMITH"},{"floor":10,"key":"REST"},{"floor":15,"key":"REST"},{"floor":23,"key":"REST"}],"neow_cost":"NONE","seed_source_timestamp":780488937622172,"circlet_count":0,"master_deck":["Survivor","Neutralize+1","Poisoned Stab","Cloak And Dagger","Cloak And Dagger","Footwork","Poisoned Stab","Adrenaline","Crippling Poison","Dagger Spray","Underhanded Strike","Flying Knee","Dodge and Roll","Cloak And Dagger","Dodge and Roll","Prepared","Quick Slash","Choke","Deflect","Caltrops","PiercingWail+1"],"relics":["Ring of the Snake","Oddly Smooth Stone","ClockworkSouvenir","Whetstone","Singing Bowl","Pandora\u0027s Box","PreservedInsect","Question Card","Tiny Chest","TwistedFunnel","The Specimen","Blue Candle"],"potions_floor_usage":[11,16,28,29],"damage_taken":[{"damage":1,"enemies":"Jaw Worm","floor":1,"turns":4},{"damage":2,"enemies":"Small Slimes","floor":2,"turns":4},{"damage":35,"enemies":"3 Sentries","floor":7,"turns":10},{"damage":19,"enemies":"Lagavulin","floor":11,"turns":7},{"damage":0,"enemies":"2 Louse","floor":13,"turns":3},{"damage":0,"enemies":"Blue Slaver","floor":14,"turns":3},{"damage":22,"enemies":"Hexaghost","floor":16,"turns":10},{"damage":2,"enemies":"3 Byrds","floor":18,"turns":4},{"damage":23,"enemies":"Shell Parasite","floor":21,"turns":4},{"damage":8,"enemies":"Cultist and Chosen","floor":22,"turns":6},{"damage":2,"enemies":"Snecko","floor":24,"turns":5},{"damage":30,"enemies":"Slavers","floor":25,"turns":5},{"damage":19,"enemies":"Colosseum Slavers","floor":28,"turns":4},{"damage":18,"enemies":"Colosseum Nobs","floor":28,"turns":4},{"damage":15,"enemies":"Gremlin Leader","floor":29,"turns":3}],"seed_played":"2780008070963664784","potions_obtained":[{"floor":7,"key":"Weak Potion"},{"floor":11,"key":"PowerPotion"},{"floor":14,"key":"Ancient Potion"},{"floor":22,"key":"EssenceOfSteel"},{"floor":28,"key":"FearPotion"}],"is_trial":false,"path_per_floor":["M","M","?","?","?","R","E","$","T","R","E","$","M","M","R","B",null,"M","?","?","M","M","R","M","E","T","$","?","E"],"character_chosen":"THE_SILENT","items_purchased":["ClockworkSouvenir","Footwork","TwistedFunnel","Caltrops"],"campfire_rested":3,"item_purchase_floors":[8,8,27,27],"current_hp_per_floor":[76,74,59,59,59,59,24,24,24,47,30,30,32,32,56,34,81,81,81,81,60,54,80,80,50,50,50,13,0],"gold":107,"neow_bonus":"TEN_PERCENT_HP_BONUS","is_prod":false,"is_daily":false,"chose_seed":false,"campfire_upgraded":1,"win_rate":0,"timestamp":1542050451,"path_taken":["M","M","?","?","?","R","E","$","T","R","E","?","M","M","R","BOSS","M","?","?","M","M","R","M","E","T","$","?","E"],"build_version":"2018-11-08","purchased_purges":0,"victory":false,"max_hp_per_floor":[77,77,77,77,77,77,77,77,77,77,79,79,81,81,81,81,81,83,83,83,85,87,87,89,89,89,89,89,89],"card_choices":[{"not_picked":["Terror","Eviscerate"],"picked":"Poisoned Stab","floor":1},{"not_picked":["All Out Attack","Endless Agony"],"picked":"Cloak And Dagger","floor":2},{"not_picked":["Sucker Punch","Choke"],"picked":"Cloak And Dagger","floor":7},{"not_picked":["Sucker Punch","Dodge and Roll","Venomology"],"picked":"Singing Bowl","floor":11},{"not_picked":["Outmaneuver","Cloak And Dagger","Acrobatics"],"picked":"Singing Bowl","floor":13},{"not_picked":["Dodge and Roll","Cloak And Dagger"],"picked":"Poisoned Stab","floor":14},{"not_picked":["Phantasmal Killer","Die Die Die"],"picked":"Adrenaline","floor":16},{"not_picked":["All Out Attack","Finisher+1","Sucker Punch"],"picked":"Singing Bowl","floor":18},{"not_picked":["Dagger Throw","Deadly Poison","Slice"],"picked":"Singing Bowl","floor":21},{"not_picked":["Dagger Spray","Dagger Throw","Cloak And Dagger+1"],"picked":"Singing Bowl","floor":22},{"not_picked":["Acrobatics","Flying Knee","Masterful Stab"],"picked":"Singing Bowl","floor":24},{"not_picked":["Dagger Spray","Slice"],"picked":"Deflect","floor":25},{"not_picked":["Venomology","Poisoned Stab","Deflect"],"picked":"PiercingWail+1","floor":28}],"player_experience":269210,"relics_obtained":[{"floor":7,"key":"Oddly Smooth Stone"},{"floor":9,"key":"Whetstone"},{"floor":11,"key":"Singing Bowl"},{"floor":25,"key":"Question Card"},{"floor":26,"key":"Tiny Chest"},{"floor":28,"key":"The Specimen"},{"floor":28,"key":"Blue Candle"}],"event_choices":[{"damage_healed":0,"gold_gain":0,"player_choice":"Entered Light","damage_taken":15,"max_hp_gain":0,"max_hp_loss":0,"event_name":"Shining Light","floor":3,"gold_loss":0,"cards_upgraded":["Strike_G","Defend_G"]},{"damage_healed":0,"gold_gain":175,"player_choice":"AGREE","damage_taken":0,"max_hp_gain":0,"max_hp_loss":0,"event_name":"Liars Game","floor":4,"gold_loss":0,"cards_obtained":["Doubt"]},{"cards_removed":["Doubt"],"damage_healed":0,"gold_gain":0,"player_choice":"Card Removal","damage_taken":0,"max_hp_gain":0,"max_hp_loss":0,"event_name":"The Cleric","floor":5,"gold_loss":50},{"damage_healed":0,"gold_gain":0,"player_choice":"Ignored","damage_taken":0,"max_hp_gain":0,"max_hp_loss":0,"event_name":"Ghosts","floor":19,"gold_loss":0},{"damage_healed":0,"gold_gain":0,"player_choice":"Obtained Relic","damage_taken":0,"relics_obtained":["PreservedInsect"],"max_hp_gain":0,"max_hp_loss":0,"event_name":"Addict","floor":20,"gold_loss":85},{"damage_healed":0,"gold_gain":0,"player_choice":"Fight","damage_taken":0,"max_hp_gain":0,"max_hp_loss":0,"event_name":"Colosseum","floor":28,"gold_loss":0},{"damage_healed":0,"gold_gain":0,"player_choice":"Fought Nobs","damage_taken":0,"max_hp_gain":0,"max_hp_loss":0,"event_name":"Colosseum","floor":28,"gold_loss":0}],"is_beta":false,"boss_relics":[{"not_picked":["Runic Pyramid","WristBlade"],"picked":"Pandora\u0027s Box"}],"items_purged_floors":[],"is_endless":false,"potions_floor_spawned":[7,11,14,22,28,28],"killed_by":"Gremlin Leader","ascension_level":4}