{"gold_per_floor":[110,126,55,55,55,88,88,108,108,108,122,122,197,1,1,132,132,155,170,95,118,41,41,65,65,116,132,157,172,172,17,17,138,138,151,207,225,225,238,251,251,265,265,265,286,309,329,347,347,347],"floor_reached":50,"playtime":6193,"items_purged":["Strike_B"],"score":450,"play_id":"53c926d3-833a-48ff-a659-2de54d30e7d8","local_time":"20190716073642","is_ascension_mode":false,"campfire_choices":[{"data":"Creative AI","floor":7,"key":"SMITH"},{"floor":10,"key":"REST"},{"floor":12,"key":"REST"},{"floor":15,"key":"REST"},{"data":"Amplify","floor":23,"key":"SMITH"},{"data":"Redo","floor":25,"key":"SMITH"},{"data":"Amplify","floor":32,"key":"SMITH"},{"data":"Purity","floor":41,"key":"SMITH"},{"floor":49,"key":"RECALL"}],"neow_cost":"NONE","seed_source_timestamp":363404751745696,"circlet_count":0,"master_deck":["Defend_B","Defend_B","Defend_B","Zap","Dualcast+1","Redo+1","Reprogram","Loop","Creative AI+1","Loop","Electrodynamics","Buffer+1","Reinforced Body+1","Glacier+1","Amplify+1","Amplify+1","Amplify","Purity+1","White Noise+1","Parasite","Steam Power+1"],"relics":["Cracked Core","Golden Idol","Darkstone Periapt","Mummified Hand","TheAbacus","Astrolabe","Art of War","Nuclear Battery","Ice Cream","Frozen Egg 2","Oddly Smooth Stone"],"potions_floor_usage":[11,16,40,46,48],"damage_taken":[{"damage":6,"enemies":"Jaw Worm","floor":1,"turns":2},{"damage":11,"enemies":"Small Slimes","floor":2,"turns":3},{"damage":69,"enemies":"3 Sentries","floor":6,"turns":12},{"damage":4,"enemies":"2 Louse","floor":8,"turns":3},{"damage":11,"enemies":"Exordium Thugs","floor":11,"turns":4},{"damage":29,"enemies":"Slime Boss","floor":16,"turns":6},{"damage":10,"enemies":"Spheric Guardian","floor":18,"turns":4},{"damage":0,"enemies":"Shell Parasite","floor":19,"turns":8},{"damage":2,"enemies":"3 Cultists","floor":21,"turns":4},{"damage":0,"enemies":"Cultist and Chosen","floor":24,"turns":4},{"damage":7,"enemies":"Snake Plant","floor":27,"turns":4},{"damage":0,"enemies":"Chosen and Byrds","floor":28,"turns":4},{"damage":0,"enemies":"Cultist and Chosen","floor":29,"turns":4},{"damage":25,"enemies":"Champ","floor":33,"turns":13},{"damage":11,"enemies":"3 Darklings","floor":35,"turns":4},{"damage":46,"enemies":"2 Orb Walkers","floor":36,"turns":3},{"damage":1,"enemies":"Orb Walker","floor":37,"turns":5},{"damage":6,"enemies":"Sphere and 2 Shapes","floor":39,"turns":8},{"damage":0,"enemies":"Jaw Worm Horde","floor":40,"turns":5},{"damage":0,"enemies":"Writhing Mass","floor":42,"turns":8},{"damage":0,"enemies":"Transient","floor":45,"turns":5},{"damage":3,"enemies":"Spire Growth","floor":46,"turns":5},{"damage":0,"enemies":"Maw","floor":47,"turns":7},{"damage":2,"enemies":"4 Shapes","floor":48,"turns":3},{"damage":32,"enemies":"Awakened One","floor":50,"turns":2}],"seed_played":"-3987008662472469860","potions_obtained":[{"floor":2,"key":"FairyPotion"},{"floor":6,"key":"PowerPotion"},{"floor":8,"key":"Fire Potion"},{"floor":16,"key":"SteroidPotion"},{"floor":21,"key":"Strength Potion"},{"floor":24,"key":"Strength Potion"},{"floor":27,"key":"SteroidPotion"},{"floor":33,"key":"Block Potion"},{"floor":36,"key":"FocusPotion"},{"floor":45,"key":"Energy Potion"},{"floor":47,"key":"Swift Potion"},{"floor":48,"key":"FearPotion"}],"is_trial":false,"path_per_floor":["M","M","$","?","?","E","R","M","T","R","M","R","?","$","R","B",null,"M","M","$","M","$","R","M","R","T","M","M","M","?","$","R","B",null,"M","?","M","?","M","M","R","M","T","T","M","M","M","M","R","B"],"character_chosen":"DEFECT","items_purchased":["Loop","TheAbacus","Amplify","Art of War"],"campfire_rested":3,"item_purchase_floors":[3,14,22,31],"current_hp_per_floor":[69,58,58,63,63,7,7,3,3,25,14,36,25,25,47,18,74,64,64,64,62,62,62,62,62,62,55,55,55,55,55,55,30,74,63,17,16,16,10,10,10,16,16,16,16,13,13,11,11,0],"gold":347,"neow_bonus":"UPGRADE_CARD","is_prod":false,"is_daily":false,"chose_seed":false,"campfire_upgraded":5,"win_rate":0,"timestamp":1563230202,"path_taken":["M","M","$","?","?","E","R","M","T","R","M","R","?","$","R","BOSS","M","M","$","M","$","R","M","R","T","M","M","M","?","?","R","BOSS","M","?","M","?","M","M","R","M","T","?","M","M","M","M","R","BOSS"],"build_version":"2019-07-05","purchased_purges":1,"victory":false,"max_hp_per_floor":[75,75,75,80,74,74,74,74,74,74,74,74,74,74,74,74,74,74,74,74,74,74,74,74,74,74,74,74,74,74,74,74,74,74,74,74,74,74,74,74,74,80,80,80,80,80,80,80,80,80],"card_choices":[{"not_picked":["Gash","Leap"],"picked":"Redo","floor":1},{"not_picked":["Storm","Ball Lightning"],"picked":"Reprogram","floor":2},{"not_picked":["Force Field","Sweeping Beam"],"picked":"Creative AI","floor":6},{"not_picked":["Steam","Cold Snap","Streamline"],"picked":"SKIP","floor":8},{"not_picked":["Gash","Scrape"],"picked":"Loop","floor":11},{"not_picked":["Core Surge","Fission"],"picked":"Electrodynamics","floor":16},{"not_picked":["Redo","Glacier","Steam"],"picked":"SKIP","floor":18},{"not_picked":["FTL","Streamline+1","Stack"],"picked":"SKIP","floor":19},{"not_picked":["Steam","Blizzard","Static Discharge"],"picked":"SKIP","floor":21},{"not_picked":["Rebound+1","Go for the Eyes+1","FTL"],"picked":"SKIP","floor":24},{"not_picked":["Reinforced Body","Stack","Streamline"],"picked":"SKIP","floor":27},{"not_picked":["Melter","Consume","Gash+1"],"picked":"SKIP","floor":28},{"not_picked":["Hologram","Melter","Gash"],"picked":"SKIP","floor":29},{"not_picked":["Multi-Cast","Thunder Strike"],"picked":"Amplify","floor":33},{"not_picked":["Reinforced Body+1","Hello World+1","Streamline+1"],"picked":"SKIP","floor":35},{"not_picked":["Redo+1","Coolheaded","Hyperbeam"],"picked":"SKIP","floor":37},{"not_picked":["Madness","Swift Strike"],"picked":"Purity","floor":38},{"not_picked":["Sunder","Fusion+1","Streamline+1"],"picked":"SKIP","floor":39},{"not_picked":["Hologram+1","Conserve Battery+1"],"picked":"White Noise+1","floor":40},{"not_picked":["Conserve Battery","Coolheaded+1","Hyperbeam"],"picked":"SKIP","floor":42},{"not_picked":["Reprogram","Beam Cell","Consume"],"picked":"SKIP","floor":45},{"not_picked":["Undo+1","BootSequence"],"picked":"Steam Power+1","floor":46},{"not_picked":["Steam+1","White Noise","Go for the Eyes"],"picked":"SKIP","floor":47},{"not_picked":["Auto Shields","Streamline+1","Steam"],"picked":"SKIP","floor":48}],"player_experience":245222,"relics_obtained":[{"floor":6,"key":"Darkstone Periapt"},{"floor":9,"key":"Mummified Hand"},{"floor":36,"key":"Ice Cream"},{"floor":43,"key":"Frozen Egg 2"},{"floor":44,"key":"Oddly Smooth Stone"}],"event_choices":[{"damage_healed":0,"gold_gain":0,"player_choice":"Donut","damage_taken":0,"max_hp_gain":5,"max_hp_loss":0,"event_name":"Big Fish","floor":4,"gold_loss":0},{"damage_healed":0,"gold_gain":0,"player_choice":"Lose Max HP","damage_taken":0,"relics_obtained":["Golden Idol"],"max_hp_gain":0,"max_hp_loss":6,"event_name":"Golden Idol","floor":5,"gold_loss":0},{"damage_healed":0,"gold_gain":75,"player_choice":"Gather Gold","damage_taken":11,"max_hp_gain":0,"max_hp_loss":0,"event_name":"World of Goop","floor":13,"gold_loss":0},{"damage_healed":0,"gold_gain":0,"cards_transformed":["Defend_B"],"player_choice":"Transformed","damage_taken":0,"max_hp_gain":0,"max_hp_loss":0,"event_name":"Transmorgrifier","floor":30,"gold_loss":0,"cards_obtained":["Amplify"]},{"damage_healed":0,"gold_gain":0,"player_choice":"Fight","damage_taken":0,"max_hp_gain":0,"max_hp_loss":0,"event_name":"Mysterious Sphere","floor":36,"gold_loss":0},{"damage_healed":0,"gold_gain":0,"player_choice":"Memory 1","damage_taken":0,"max_hp_gain":0,"max_hp_loss":0,"event_name":"SensoryStone","floor":38,"gold_loss":0}],"is_beta":false,"boss_relics":[{"not_picked":["Inserter","Calling Bell"],"picked":"Astrolabe"},{"not_picked":["Runic Dome","Busted Crown"],"picked":"Nuclear Battery"}],"items_purged_floors":[20],"is_endless":false,"potions_floor_spawned":[2,6,8,16,21,24,27,33,36,45,47,48],"killed_by":"Awakened One","ascension_level":0}