{"gold_per_floor":[114,133,133,151,163,163,194,194,221,221,248,264,290,290,290,390,390,402,412,432,447],"floor_reached":21,"playtime":1868,"items_purged":[],"score":308,"play_id":"a91a3d35-7629-45ca-8d85-8256793b6df8","local_time":"20190708181639","is_ascension_mode":true,"campfire_choices":[{"data":"Reboot","floor":6,"key":"SMITH"},{"floor":8,"key":"REST"},{"data":"Regret","floor":15,"key":"PURGE"}],"neow_cost":"PERCENT_DAMAGE","seed_source_timestamp":1022401948820429,"circlet_count":0,"master_deck":["Strike_B","Strike_B","Strike_B","Defend_B","Defend_B","Defend_B","Defend_B","Zap+1","Dualcast","Electrodynamics","Melter","Stack","Hyperbeam","BootSequence+1","Reboot+1","Turbo","Self Repair","Aggregate","Heatsinks","Buffer","Cold Snap+1","Force Field","Sunder","Self Repair"],"relics":["Cracked Core","War Paint","Oddly Smooth Stone","Blood Vial","Peace Pipe","Bottled Lightning","Boot","Runic Pyramid"],"potions_floor_usage":[11,13,18],"damage_taken":[{"damage":0,"enemies":"Small Slimes","floor":1,"turns":2},{"damage":6,"enemies":"2 Louse","floor":2,"turns":3},{"damage":0,"enemies":"Cultist","floor":4,"turns":2},{"damage":1,"enemies":"Exordium Thugs","floor":5,"turns":5},{"damage":29,"enemies":"Lagavulin","floor":7,"turns":8},{"damage":0,"enemies":"3 Sentries","floor":11,"turns":5},{"damage":0,"enemies":"Exordium Wildlife","floor":12,"turns":3},{"damage":3,"enemies":"Lagavulin","floor":13,"turns":6},{"damage":38,"enemies":"Slime Boss","floor":16,"turns":9},{"damage":14,"enemies":"3 Byrds","floor":18,"turns":3},{"damage":0,"enemies":"Spheric Guardian","floor":19,"turns":3},{"damage":12,"enemies":"Cultist and Chosen","floor":20,"turns":6},{"damage":22,"enemies":"Centurion and Healer","floor":21,"turns":7}],"seed_played":"-3865912588493657203","potions_obtained":[{"floor":2,"key":"EssenceOfSteel"},{"floor":5,"key":"Weak Potion"},{"floor":11,"key":"Regen Potion"},{"floor":12,"key":"Block Potion"},{"floor":13,"key":"LiquidBronze"}],"is_trial":false,"path_per_floor":["M","M","?","M","M","R","E","R","T","?","E","M","E","?","R","B",null,"M","M","M","M"],"character_chosen":"DEFECT","items_purchased":[],"campfire_rested":1,"item_purchase_floors":[],"current_hp_per_floor":[50,44,44,44,43,43,14,36,36,33,35,44,50,50,50,21,62,57,66,63,50],"gold":447,"neow_bonus":"THREE_RARE_CARDS","is_prod":false,"is_daily":false,"chose_seed":false,"campfire_upgraded":1,"win_rate":0,"timestamp":1562624199,"path_taken":["M","M","?","M","M","R","E","R","T","?","E","M","E","?","R","BOSS","M","M","M","M"],"build_version":"2019-07-05","purchased_purges":0,"victory":false,"max_hp_per_floor":[75,75,75,75,75,75,75,75,75,75,75,75,75,75,75,75,75,75,75,75,75],"card_choices":[{"not_picked":["Seek","Creative AI"],"picked":"Electrodynamics","floor":0},{"not_picked":["Cold Snap","Go for the Eyes"],"picked":"Melter","floor":1},{"not_picked":["Blizzard","Gash"],"picked":"Stack","floor":2},{"not_picked":["Darkness","Steam"],"picked":"BootSequence","floor":4},{"not_picked":["Conserve Battery","Streamline"],"picked":"Reboot","floor":5},{"not_picked":["Melter","Electrodynamics"],"picked":"Turbo","floor":7},{"not_picked":["Barrage","Beam Cell"],"picked":"Self Repair","floor":11},{"not_picked":["Turbo","BootSequence"],"picked":"Aggregate","floor":12},{"not_picked":["Cold Snap","Turbo"],"picked":"Heatsinks","floor":13},{"not_picked":["Fission","Electrodynamics"],"picked":"Buffer","floor":16},{"not_picked":["Undo+1","Turbo"],"picked":"Cold Snap+1","floor":18},{"not_picked":["Turbo","Reprogram"],"picked":"Force Field","floor":19},{"not_picked":["Conserve Battery","Go for the Eyes"],"picked":"Sunder","floor":20},{"not_picked":["Sweeping Beam","Conserve Battery"],"picked":"Self Repair","floor":21}],"player_experience":182796,"relics_obtained":[{"floor":7,"key":"War Paint"},{"floor":9,"key":"Oddly Smooth Stone"},{"floor":11,"key":"Peace Pipe"},{"floor":13,"key":"Bottled Lightning"}],"event_choices":[{"damage_healed":0,"gold_gain":0,"cards_transformed":["Strike_B"],"player_choice":"Change","damage_taken":0,"max_hp_gain":0,"max_hp_loss":0,"event_name":"Living Wall","floor":3,"gold_loss":0,"cards_obtained":["Hyperbeam"]},{"damage_healed":0,"gold_gain":0,"player_choice":"Success","damage_taken":3,"relics_obtained":["Blood Vial"],"max_hp_gain":0,"max_hp_loss":0,"event_name":"Scrap Ooze","floor":10,"gold_loss":0},{"damage_healed":0,"gold_gain":0,"player_choice":"Box","damage_taken":0,"relics_obtained":["Boot"],"max_hp_gain":0,"max_hp_loss":0,"event_name":"Big Fish","floor":14,"gold_loss":0,"cards_obtained":["Regret"]}],"is_beta":false,"boss_relics":[{"not_picked":["Orrery","Runic Dome"],"picked":"Runic Pyramid"}],"items_purged_floors":[],"is_endless":false,"potions_floor_spawned":[2,5,11,12,13,16],"killed_by":"Centurion and Healer","ascension_level":7}