{"gold_per_floor":[115,115,132,149,166,200,200,57,108,108,128,128,128,156,156,231,231,241,255,267,282,12,12,41,41,41,56,56,56,71,90,90,90],"floor_reached":33,"playtime":2339,"items_purged":["Strike_R"],"score":513,"play_id":"64ace6ea-44e5-420d-af90-9917720a4467","local_time":"20190828165952","is_ascension_mode":true,"campfire_choices":[{"floor":10,"key":"REST"},{"data":"Rage","floor":12,"key":"SMITH"},{"data":"Flame Barrier","floor":15,"key":"SMITH"},{"data":"Rampage","floor":23,"key":"SMITH"},{"floor":29,"key":"REST"},{"data":"Armaments","floor":32,"key":"SMITH"}],"neow_cost":"NONE","seed_source_timestamp":758971668639900,"circlet_count":0,"master_deck":["AscendersBane","Defend_R","Defend_R","Defend_R","Bash","Anger","Warcry","Rage+1","Rampage+1","Flame Barrier+1","Evolve","Feed","Bludgeon","Warcry","Offering","Armaments+1","Warcry","Battle Trance","Reaper","Decay","Bite","Bite","Bite","Bite","Bite","Inflame","Inflame"],"relics":["Burning Blood","Blue Candle","Centennial Puzzle","Happy Flower","Lantern","Empty Cage","Membership Card","FossilizedHelix","Oddly Smooth Stone"],"potions_floor_usage":[5,6,14,16,16,24,27,30,31,33],"damage_taken":[{"damage":4,"enemies":"Jaw Worm","floor":1,"turns":4},{"damage":1,"enemies":"Cultist","floor":3,"turns":3},{"damage":7,"enemies":"Small Slimes","floor":4,"turns":4},{"damage":0,"enemies":"3 Louse","floor":5,"turns":3},{"damage":30,"enemies":"Lagavulin","floor":6,"turns":6},{"damage":0,"enemies":"2 Fungi Beasts","floor":11,"turns":4},{"damage":5,"enemies":"3 Sentries","floor":14,"turns":5},{"damage":46,"enemies":"Slime Boss","floor":16,"turns":11},{"damage":6,"enemies":"Chosen","floor":18,"turns":5},{"damage":6,"enemies":"Shell Parasite","floor":19,"turns":2},{"damage":21,"enemies":"Snake Plant","floor":20,"turns":3},{"damage":18,"enemies":"Centurion and Healer","floor":21,"turns":5},{"damage":54,"enemies":"Slavers","floor":24,"turns":7},{"damage":16,"enemies":"Snecko","floor":27,"turns":5},{"damage":26,"enemies":"Snake Plant","floor":30,"turns":5},{"damage":24,"enemies":"Sentry and Sphere","floor":31,"turns":6},{"damage":128,"enemies":"Collector","floor":33,"turns":11}],"seed_played":"-8943408574154687252","potions_obtained":[{"floor":2,"key":"Explosive Potion"},{"floor":2,"key":"Block Potion"},{"floor":5,"key":"Poison Potion"},{"floor":11,"key":"Poison Potion"},{"floor":14,"key":"Poison Potion"},{"floor":16,"key":"EssenceOfSteel"},{"floor":20,"key":"SpeedPotion"},{"floor":24,"key":"BloodPotion"},{"floor":27,"key":"SpeedPotion"},{"floor":30,"key":"BloodPotion"}],"is_trial":false,"path_per_floor":["M","?","M","M","M","E","?","$","T","R","M","R","?","E","R","B",null,"M","M","M","M","$","R","E","?","T","M","?","R","M","M","R","B"],"character_chosen":"IRONCLAD","items_purchased":["Evolve","Membership Card","Reaper"],"campfire_rested":2,"item_purchase_floors":[8,22,22],"current_hp_per_floor":[72,72,75,74,75,51,25,25,25,47,55,55,55,61,61,23,64,69,71,61,54,54,54,11,11,11,25,25,52,46,68,68,0],"gold":90,"neow_bonus":"RANDOM_COMMON_RELIC","is_prod":false,"is_daily":false,"chose_seed":false,"campfire_upgraded":4,"win_rate":0,"timestamp":1567036792,"path_taken":["M","?","M","?","M","E","?","$","T","R","M","R","?","E","R","BOSS","M","?","M","M","$","R","E","?","T","M","?","R","M","M","R","BOSS"],"build_version":"2019-07-17","purchased_purges":1,"victory":false,"max_hp_per_floor":[75,75,75,75,75,75,75,75,75,75,75,75,75,78,78,78,78,81,81,84,87,87,87,90,90,90,90,90,90,90,90,90,90],"card_choices":[{"not_picked":["Wild Strike","True Grit"],"picked":"Anger","floor":1},{"not_picked":["Twin Strike","True Grit"],"picked":"Warcry","floor":3},{"not_picked":["Headbutt","Carnage"],"picked":"Rage","floor":4},{"not_picked":["Entrench","Havoc"],"picked":"Rampage","floor":5},{"not_picked":["True Grit","Heavy Blade"],"picked":"Flame Barrier","floor":6},{"not_picked":["Perfected Strike","Warcry"],"picked":"Feed","floor":11},{"not_picked":["Cleave","Combust"],"picked":"Warcry","floor":14},{"not_picked":["Bludgeon","Dark Embrace"],"picked":"Offering","floor":16},{"not_picked":["Clash","Wild Strike"],"picked":"Armaments","floor":18},{"not_picked":["Second Wind","Cleave"],"picked":"Warcry","floor":19},{"not_picked":["Armaments","Carnage"],"picked":"Battle Trance","floor":20},{"not_picked":["Clash","Body Slam","Flex"],"picked":"SKIP","floor":21},{"not_picked":["Sentinel+1","Perfected Strike","Havoc"],"picked":"SKIP","floor":24},{"not_picked":["Warcry","Sword Boomerang","Armaments"],"picked":"SKIP","floor":27},{"not_picked":["Heavy Blade","Warcry"],"picked":"Inflame","floor":30},{"not_picked":["Clash","Double Tap"],"picked":"Inflame","floor":31}],"player_experience":270174,"relics_obtained":[{"floor":6,"key":"Blue Candle"},{"floor":9,"key":"Happy Flower"},{"floor":14,"key":"Lantern"},{"floor":24,"key":"FossilizedHelix"},{"floor":26,"key":"Oddly Smooth Stone"}],"event_choices":[{"damage_healed":0,"gold_gain":0,"player_choice":"Got Potions","damage_taken":0,"max_hp_gain":0,"max_hp_loss":0,"event_name":"Lab","floor":2,"gold_loss":0},{"damage_healed":0,"gold_gain":0,"player_choice":"Success","damage_taken":26,"relics_obtained":["Centennial Puzzle"],"max_hp_gain":0,"max_hp_loss":0,"event_name":"Scrap Ooze","floor":7,"gold_loss":0},{"damage_healed":0,"gold_gain":0,"cards_transformed":["Strike_R"],"player_choice":"Transformed","damage_taken":0,"max_hp_gain":0,"max_hp_loss":0,"event_name":"Transmorgrifier","floor":13,"gold_loss":0,"cards_obtained":["Bludgeon"]},{"damage_healed":0,"gold_gain":0,"player_choice":"Smashed Altar","damage_taken":0,"max_hp_gain":0,"max_hp_loss":0,"event_name":"Forgotten Altar","floor":25,"gold_loss":0,"cards_obtained":["Decay"]},{"damage_healed":0,"gold_gain":0,"player_choice":"Became a vampire (Vial)","damage_taken":0,"max_hp_gain":0,"max_hp_loss":0,"event_name":"Vampires","floor":28,"relics_lost":["Blood Vial"],"gold_loss":0,"cards_obtained":["Bite","Bite","Bite","Bite","Bite"]}],"is_beta":false,"boss_relics":[{"not_picked":["Orrery","Fusion Hammer"],"picked":"Empty Cage"}],"items_purged_floors":[8],"is_endless":false,"potions_floor_spawned":[5,11,14,16,20,24,27,30],"killed_by":"Collector","ascension_level":15}