{"gold_per_floor":[116,116,191,157,175,175,201,201,228,247,247,264,264,36,36,131,131,150,164,11,11,23,23,43,43,43,43,55,65,65,76,76,174,174,190,203,203,22,122,122,122,136,190,221,237,254,254,273,273,273],"floor_reached":51,"playtime":2239,"items_purged":["Strike_B","Strike_B"],"score":860,"play_id":"0d06e9b4-f623-424f-a48c-48ceb041b004","local_time":"20190101013757","is_ascension_mode":true,"campfire_choices":[{"data":"Defragment","floor":6,"key":"SMITH"},{"data":"Static Discharge","floor":8,"key":"SMITH"},{"floor":11,"key":"REST"},{"data":"Zap","floor":15,"key":"SMITH"},{"floor":23,"key":"REST"},{"floor":27,"key":"REST"},{"floor":30,"key":"REST"},{"floor":32,"key":"REST"},{"floor":40,"key":"REST"},{"floor":47,"key":"DIG"},{"floor":49,"key":"DIG"}],"neow_cost":"NONE","seed_source_timestamp":208486966384942,"circlet_count":0,"master_deck":["Defend_B","Defend_B","Defend_B","Defend_B","Zap+1","Dualcast","Defragment+1","Static Discharge+1","Self Repair","Sweeping Beam","Heatsinks","Loop","Seek","Echo Form","Storm+1","Glacier","Static Discharge","Heatsinks","Machine Learning","Storm+1","Heatsinks+1","Hello World","Double Energy+1","Force Field","Defragment+1"],"relics":["Cracked Core","NeowsBlessing","Mummified Hand","Bag of Marbles","Pen Nib","Fusion Hammer","Pocketwatch","Nuclear Battery","Shovel","Anchor","Blue Candle","Darkstone Periapt","Shuriken"],"potions_floor_usage":[36,39,48,50,50],"damage_taken":[{"damage":0,"enemies":"2 Louse","floor":1,"turns":1},{"damage":0,"enemies":"Jaw Worm","floor":5,"turns":1},{"damage":0,"enemies":"3 Sentries","floor":7,"turns":1},{"damage":8,"enemies":"Small Slimes","floor":10,"turns":2},{"damage":12,"enemies":"Looter","floor":12,"turns":3},{"damage":38,"enemies":"The Guardian","floor":16,"turns":7},{"damage":11,"enemies":"3 Byrds","floor":18,"turns":3},{"damage":7,"enemies":"Chosen","floor":19,"turns":3},{"damage":0,"enemies":"3 Cultists","floor":22,"turns":4},{"damage":12,"enemies":"Centurion and Healer","floor":24,"turns":4},{"damage":14,"enemies":"Snake Plant","floor":28,"turns":2},{"damage":3,"enemies":"3 Cultists","floor":29,"turns":3},{"damage":7,"enemies":"Centurion and Healer","floor":31,"turns":3},{"damage":37,"enemies":"Automaton","floor":33,"turns":11},{"damage":16,"enemies":"3 Shapes","floor":35,"turns":2},{"damage":4,"enemies":"3 Darklings","floor":36,"turns":3},{"damage":10,"enemies":"Mind Bloom Boss Battle","floor":39,"turns":3},{"damage":12,"enemies":"Sphere and 2 Shapes","floor":42,"turns":3},{"damage":0,"enemies":"Reptomancer","floor":44,"turns":3},{"damage":0,"enemies":"Jaw Worm Horde","floor":45,"turns":2},{"damage":0,"enemies":"Spire Growth","floor":46,"turns":2},{"damage":0,"enemies":"Transient","floor":48,"turns":5},{"damage":70,"enemies":"Awakened One","floor":50,"turns":7}],"seed_played":"-350936923596197860","potions_obtained":[{"floor":1,"key":"Ancient Potion"},{"floor":12,"key":"Block Potion"},{"floor":16,"key":"Poison Potion"},{"floor":22,"key":"Swift Potion"},{"floor":36,"key":"Poison Potion"},{"floor":42,"key":"Fire Potion"},{"floor":44,"key":"SneckoOil"}],"is_trial":false,"path_per_floor":["M","?","?","$","M","R","E","R","T","M","R","M","?","$","R","B",null,"M","M","$","?","M","R","M","?","T","R","M","M","R","M","R","B",null,"M","M","?","$","?","R","?","M","T","E","M","M","R","M","R","B",null],"character_chosen":"DEFECT","items_purchased":["Static Discharge","Loop","Seek","Static Discharge","Hello World"],"campfire_rested":6,"item_purchase_floors":[4,14,14,20,38],"current_hp_per_floor":[75,72,61,61,61,61,61,61,61,53,75,70,70,70,70,39,75,71,71,71,71,75,75,70,70,70,75,61,65,75,75,75,45,75,66,69,69,69,66,75,75,70,70,75,75,75,75,75,75,12],"gold":273,"neow_bonus":"THREE_ENEMY_KILL","is_prod":false,"is_daily":false,"chose_seed":false,"campfire_upgraded":3,"win_rate":0,"timestamp":1546274277,"path_taken":["M","?","?","$","M","R","E","R","T","M","R","M","?","$","R","BOSS","M","M","$","?","?","R","M","?","T","R","M","M","R","?","R","BOSS","M","M","?","$","?","R","?","M","T","E","M","?","R","M","R","BOSS"],"build_version":"2018-12-20","purchased_purges":2,"victory":true,"max_hp_per_floor":[75,75,75,75,75,75,75,75,75,75,75,75,75,75,75,75,75,75,75,75,75,75,75,75,75,75,75,75,75,75,75,75,75,75,75,75,75,75,75,75,75,75,75,75,75,75,75,75,75,75],"card_choices":[{"not_picked":["Streamline","Aggregate"],"picked":"Defragment","floor":1},{"not_picked":["Reprogram","Barrage"],"picked":"Self Repair","floor":5},{"not_picked":["Reboot","Steam Power","Beam Cell"],"picked":"SKIP","floor":7},{"not_picked":["Genetic Algorithm","Gash"],"picked":"Sweeping Beam","floor":10},{"not_picked":["Rebound","Undo"],"picked":"Heatsinks","floor":12},{"not_picked":["Rainbow","Seek"],"picked":"Echo Form","floor":16},{"not_picked":["Steam","Conserve Battery+1"],"picked":"Storm+1","floor":18},{"not_picked":["Stack","Leap"],"picked":"Glacier","floor":19},{"not_picked":["Turbo","Compile Driver","Steam Power"],"picked":"SKIP","floor":22},{"not_picked":["Scrape","Rebound","Auto Shields"],"picked":"SKIP","floor":24},{"not_picked":["Cold Snap","Steam","Lockon"],"picked":"SKIP","floor":28},{"not_picked":["FTL","Auto Shields"],"picked":"Heatsinks","floor":29},{"not_picked":["Ball Lightning","Fusion","Gash+1"],"picked":"SKIP","floor":31},{"not_picked":["Echo Form","All For One"],"picked":"Machine Learning","floor":33},{"not_picked":["Darkness+1","Go for the Eyes"],"picked":"Storm+1","floor":35},{"not_picked":["Lockon+1","Ball Lightning+1"],"picked":"Heatsinks+1","floor":36},{"not_picked":["Hologram","Steam"],"picked":"Double Energy+1","floor":39},{"not_picked":["Barrage+1","Streamline","Sunder+1"],"picked":"SKIP","floor":42},{"not_picked":["Rip and Tear+1","Gash+1"],"picked":"Force Field","floor":44},{"not_picked":["Darkness+1","Coolheaded","Melter"],"picked":"SKIP","floor":45},{"not_picked":["Melter+1","Gash","Steam Power+1"],"picked":"SKIP","floor":46},{"not_picked":["Gash","Sweeping Beam+1"],"picked":"Defragment+1","floor":48}],"player_experience":93580,"relics_obtained":[{"floor":7,"key":"Bag of Marbles"},{"floor":9,"key":"Pen Nib"},{"floor":26,"key":"Pocketwatch"},{"floor":39,"key":"Shovel"},{"floor":43,"key":"Anchor"},{"floor":44,"key":"Blue Candle"},{"floor":47,"key":"Darkstone Periapt"},{"floor":49,"key":"Shuriken"}],"event_choices":[{"damage_healed":0,"gold_gain":0,"player_choice":"Success","damage_taken":3,"relics_obtained":["Mummified Hand"],"max_hp_gain":0,"max_hp_loss":0,"event_name":"Scrap Ooze","floor":2,"gold_loss":0},{"damage_healed":0,"gold_gain":75,"player_choice":"Gather Gold","damage_taken":11,"max_hp_gain":0,"max_hp_loss":0,"event_name":"World of Goop","floor":3,"gold_loss":0},{"cards_removed":["Strike_B"],"damage_healed":0,"gold_gain":0,"player_choice":"Forget","damage_taken":0,"max_hp_gain":0,"max_hp_loss":0,"event_name":"Living Wall","floor":13,"gold_loss":0},{"cards_removed":["Strike_B"],"damage_healed":0,"gold_gain":0,"player_choice":"Purged","damage_taken":0,"max_hp_gain":0,"max_hp_loss":0,"event_name":"Purifier","floor":21,"gold_loss":0},{"damage_healed":0,"gold_gain":0,"player_choice":"Ignored","damage_taken":0,"max_hp_gain":0,"max_hp_loss":0,"event_name":"WeMeetAgain","floor":25,"gold_loss":0},{"damage_healed":0,"gold_gain":0,"player_choice":"Ignored","damage_taken":0,"max_hp_gain":0,"max_hp_loss":0,"event_name":"Tomb of Lord Red Mask","floor":37,"gold_loss":0},{"damage_healed":0,"gold_gain":0,"player_choice":"Fight","damage_taken":0,"max_hp_gain":0,"max_hp_loss":0,"event_name":"MindBloom","floor":39,"gold_loss":0},{"damage_healed":0,"gold_gain":0,"player_choice":"Ignored","damage_taken":0,"max_hp_gain":0,"max_hp_loss":0,"event_name":"SecretPortal","floor":41,"gold_loss":0}],"is_beta":false,"boss_relics":[{"not_picked":["FrozenCore","Empty Cage"],"picked":"Fusion Hammer"},{"not_picked":["Calling Bell","Snecko Eye"],"picked":"Nuclear Battery"}],"items_purged_floors":[20,38],"is_endless":false,"potions_floor_spawned":[1,12,16,22,28,29,33,36,42,44,46],"ascension_level":3}