{"gold_per_floor":[115,131,145,145,145,145,186,198,210,266,291,334,359,390,402,540,552,588,15,36,55,17,17,35,35,35,35,70,90,114,138,138,138],"floor_reached":33,"playtime":2872,"items_purged":["Strike_R"],"score":531,"play_id":"dfa9a8c3-1aff-4d57-89a3-5f4e35ef0f03","local_time":"20190826232345","is_ascension_mode":true,"campfire_choices":[{"data":"Bash","floor":6,"key":"SMITH"},{"floor":8,"key":"REST"},{"floor":15,"key":"REST"},{"data":"Chrysalis","floor":23,"key":"SMITH"},{"floor":32,"key":"REST"}],"neow_cost":"NONE","seed_source_timestamp":608667730398900,"circlet_count":0,"master_deck":["AscendersBane","Defend_R+1","Defend_R","Defend_R","Defend_R+1","Bash+1","Power Through","Wild Strike","Flame Barrier","Anger","Body Slam","Entrench","Seeing Red","Anger","Immolate","Ghostly Armor","Corruption","Chrysalis+1","Evolve","Wild Strike","Bite","Bite","Bite","Bite","Bite","Shame","Body Slam","Wild Strike","Feed"],"relics":["Burning Blood","Regal Pillow","Golden Idol","Matryoshka","MawBank","War Paint","Dodecahedron","Incense Burner","Lizard Tail","Charon\u0027s Ashes","Darkstone Periapt","Ginger","Bag of Marbles","Lantern"],"potions_floor_usage":[14,16,18,28,28,33],"damage_taken":[{"damage":7,"enemies":"Small Slimes","floor":1,"turns":4},{"damage":1,"enemies":"Cultist","floor":2,"turns":4},{"damage":5,"enemies":"Jaw Worm","floor":3,"turns":5},{"damage":32,"enemies":"Lagavulin","floor":7,"turns":8},{"damage":29,"enemies":"3 Sentries","floor":10,"turns":14},{"damage":1,"enemies":"2 Fungi Beasts","floor":11,"turns":4},{"damage":22,"enemies":"Lagavulin","floor":12,"turns":7},{"damage":0,"enemies":"Exordium Wildlife","floor":13,"turns":5},{"damage":16,"enemies":"Red Slaver","floor":14,"turns":5},{"damage":16,"enemies":"The Guardian","floor":16,"turns":8},{"damage":12,"enemies":"3 Byrds","floor":18,"turns":3},{"damage":24,"enemies":"Chosen","floor":20,"turns":5},{"damage":4,"enemies":"Centurion and Healer","floor":21,"turns":7},{"damage":22,"enemies":"Snake Plant","floor":24,"turns":6},{"damage":13,"enemies":"Gremlin Leader","floor":28,"turns":8},{"damage":0,"enemies":"3 Cultists","floor":29,"turns":3},{"damage":56,"enemies":"Sentry and Sphere","floor":30,"turns":7},{"damage":28,"enemies":"Centurion and Healer","floor":31,"turns":18},{"damage":163,"enemies":"Champ","floor":33,"turns":17}],"seed_played":"-4125940879724961002","potions_obtained":[{"floor":7,"key":"Dexterity Potion"},{"floor":10,"key":"Dexterity Potion"},{"floor":12,"key":"BloodPotion"},{"floor":14,"key":"SkillPotion"},{"floor":16,"key":"Explosive Potion"},{"floor":21,"key":"SkillPotion"},{"floor":30,"key":"SkillPotion"}],"is_trial":false,"path_per_floor":["M","M","M","?","?","R","E","R","T","E","M","E","M","M","R","B",null,"M","$","M","M","$","R","M","?","T","?","E","M","M","M","R","B"],"character_chosen":"IRONCLAD","items_purchased":["Charon\u0027s Ashes","Corruption","Chrysalis","Evolve"],"campfire_rested":3,"item_purchase_floors":[19,19,19,22],"current_hp_per_floor":[71,76,77,57,57,57,31,70,70,47,52,36,44,56,80,70,78,74,74,58,62,62,62,48,48,48,54,57,67,27,37,77,9],"gold":138,"neow_bonus":"RANDOM_COMMON_RELIC","is_prod":false,"is_daily":false,"chose_seed":false,"campfire_upgraded":2,"win_rate":0,"timestamp":1566887025,"path_taken":["M","M","M","?","?","R","E","R","T","E","?","E","M","M","R","BOSS","M","?","M","M","$","R","M","?","T","?","E","?","M","M","R","BOSS"],"build_version":"2019-07-17","purchased_purges":1,"victory":false,"max_hp_per_floor":[80,80,80,80,80,80,80,80,80,80,80,80,80,80,80,80,80,80,80,80,80,80,80,80,80,80,86,86,86,86,86,86,86],"card_choices":[{"not_picked":["Twin Strike","Warcry"],"picked":"Power Through","floor":1},{"not_picked":["Sentinel","Heavy Blade"],"picked":"Whirlwind","floor":2},{"not_picked":["Twin Strike","Corruption"],"picked":"Wild Strike","floor":3},{"not_picked":["Havoc","Clash"],"picked":"Flame Barrier","floor":7},{"not_picked":["Iron Wave","Sword Boomerang"],"picked":"Anger","floor":10},{"not_picked":["Second Wind","Sword Boomerang"],"picked":"Body Slam","floor":11},{"not_picked":["Dropkick","Sword Boomerang"],"picked":"Entrench","floor":12},{"not_picked":["Exhume","Burning Pact"],"picked":"Seeing Red","floor":13},{"not_picked":["Cleave","Inflame"],"picked":"Anger","floor":14},{"not_picked":["Double Tap","Fiend Fire"],"picked":"Immolate","floor":16},{"not_picked":["Twin Strike","Cleave"],"picked":"Ghostly Armor","floor":18},{"not_picked":["Clothesline","Warcry","Blood for Blood"],"picked":"SKIP","floor":20},{"not_picked":["Shockwave","Sentinel","Havoc"],"picked":"SKIP","floor":21},{"not_picked":["Warcry","Carnage"],"picked":"Wild Strike","floor":24},{"not_picked":["Iron Wave","Pummel+1"],"picked":"Body Slam","floor":28},{"not_picked":["Corruption","Intimidate"],"picked":"Wild Strike","floor":29},{"not_picked":["Dual Wield","Wild Strike"],"picked":"Feed","floor":30},{"not_picked":["Pummel","Heavy Blade","Havoc"],"picked":"SKIP","floor":31}],"player_experience":224166,"relics_obtained":[{"floor":7,"key":"MawBank"},{"floor":9,"key":"War Paint"},{"floor":9,"key":"Dodecahedron"},{"floor":10,"key":"Incense Burner"},{"floor":12,"key":"Blood Vial"},{"floor":26,"key":"Darkstone Periapt"},{"floor":26,"key":"Ginger"},{"floor":28,"key":"Lantern"}],"event_choices":[{"damage_healed":0,"gold_gain":0,"player_choice":"Take Damage","damage_taken":20,"relics_obtained":["Golden Idol"],"max_hp_gain":0,"max_hp_loss":0,"event_name":"Golden Idol","floor":4,"gold_loss":0},{"cards_removed":["Whirlwind"],"damage_healed":0,"gold_gain":0,"player_choice":"Gave Card","damage_taken":0,"relics_obtained":["Matryoshka"],"max_hp_gain":0,"max_hp_loss":0,"event_name":"WeMeetAgain","floor":5,"gold_loss":0},{"damage_healed":0,"gold_gain":0,"player_choice":"Became a vampire (Vial)","damage_taken":0,"max_hp_gain":0,"max_hp_loss":0,"event_name":"Vampires","floor":25,"relics_lost":["Blood Vial"],"gold_loss":0,"cards_obtained":["Bite","Bite","Bite","Bite","Bite"]},{"damage_healed":0,"gold_gain":0,"player_choice":"Stole Relic","damage_taken":0,"relics_obtained":["Bag of Marbles"],"max_hp_gain":0,"max_hp_loss":0,"event_name":"Addict","floor":27,"gold_loss":0,"cards_obtained":["Shame"]}],"is_beta":false,"boss_relics":[{"not_picked":["Velvet Choker","Eternal Feather"],"picked":"Lizard Tail"}],"items_purged_floors":[19],"is_endless":false,"potions_floor_spawned":[7,10,12,14,16,21,30],"killed_by":"Champ","ascension_level":12}