{"gold_per_floor":[115,115,115,131,151,151,164,197,197,211,226,226,226,243,243,243],"floor_reached":16,"playtime":1163,"items_purged":[],"score":104,"play_id":"03d1fc24-7934-4f29-bda8-3c474856ba1f","local_time":"20190713232500","is_ascension_mode":false,"campfire_choices":[{"data":"Redo","floor":6,"key":"SMITH"},{"data":"Fusion","floor":15,"key":"SMITH"}],"neow_cost":"NONE","seed_source_timestamp":166146678594423,"circlet_count":0,"master_deck":["Strike_B","Strike_B","Strike_B","Strike_B","Defend_B+1","Defend_B","Defend_B+1","Zap","Dualcast","Redo+1","Self Repair","Doom and Gloom","Turbo","Fusion+1"],"relics":["Cracked Core","Meat on the Bone","Art of War"],"potions_floor_usage":[8,16],"damage_taken":[{"damage":0,"enemies":"2 Louse","floor":1,"turns":2},{"damage":3,"enemies":"Jaw Worm","floor":4,"turns":2},{"damage":0,"enemies":"Cultist","floor":5,"turns":3},{"damage":12,"enemies":"Exordium Thugs","floor":7,"turns":3},{"damage":48,"enemies":"3 Sentries","floor":8,"turns":10},{"damage":0,"enemies":"Exordium Wildlife","floor":10,"turns":2},{"damage":7,"enemies":"Blue Slaver","floor":11,"turns":4},{"damage":7,"enemies":"Exordium Thugs","floor":14,"turns":4},{"damage":56,"enemies":"Hexaghost","floor":16,"turns":9}],"seed_played":"6101349933610013561","potions_obtained":[{"floor":4,"key":"Swift Potion"},{"floor":14,"key":"Dexterity Potion"}],"is_trial":false,"path_per_floor":["M","?","?","M","M","R","M","E","T","M","M","T","?","M","R","B"],"character_chosen":"DEFECT","items_purchased":[],"campfire_rested":0,"item_purchase_floors":[],"current_hp_per_floor":[82,66,66,63,63,63,51,10,10,29,41,41,41,53,53,0],"gold":243,"neow_bonus":"TEN_PERCENT_HP_BONUS","is_prod":false,"is_daily":false,"chose_seed":false,"campfire_upgraded":2,"win_rate":0,"timestamp":1563027900,"path_taken":["M","?","?","M","M","R","M","E","T","?","M","?","?","M","R","BOSS"],"build_version":"2019-07-05","purchased_purges":0,"victory":false,"max_hp_per_floor":[82,82,82,82,82,82,82,82,82,82,82,82,82,82,82,82],"card_choices":[{"not_picked":["Cold Snap","Hologram"],"picked":"Redo","floor":1},{"not_picked":["BootSequence","Barrage","Cold Snap"],"picked":"SKIP","floor":4},{"not_picked":["Barrage","Static Discharge","Storm"],"picked":"SKIP","floor":5},{"not_picked":["Force Field","Coolheaded"],"picked":"Self Repair","floor":7},{"not_picked":["Streamline","Stack"],"picked":"Doom and Gloom","floor":8},{"not_picked":["Leap","Steam"],"picked":"Turbo","floor":10},{"not_picked":["Chaos","Redo"],"picked":"Fusion","floor":11},{"not_picked":["Tempest","Rip and Tear","Ball Lightning"],"picked":"SKIP","floor":14}],"player_experience":222449,"relics_obtained":[{"floor":8,"key":"Meat on the Bone"},{"floor":12,"key":"Art of War"}],"event_choices":[{"damage_healed":0,"gold_gain":0,"player_choice":"Entered Light","damage_taken":16,"max_hp_gain":0,"max_hp_loss":0,"event_name":"Shining Light","floor":2,"gold_loss":0,"cards_upgraded":["Defend_B","Defend_B"]},{"cards_removed":["Defend_B"],"damage_healed":0,"gold_gain":0,"player_choice":"Offered Basic","damage_taken":0,"max_hp_gain":0,"max_hp_loss":0,"event_name":"Bonfire Elementals","floor":3,"gold_loss":0},{"damage_healed":0,"gold_gain":0,"player_choice":"Ignored","damage_taken":0,"max_hp_gain":0,"max_hp_loss":0,"event_name":"Liars Game","floor":13,"gold_loss":0}],"is_beta":false,"boss_relics":[],"items_purged_floors":[],"is_endless":false,"potions_floor_spawned":[4,14],"killed_by":"Hexaghost","ascension_level":0}