{"gold_per_floor":[113,113,131,143,160,191,191,45,45,64,64,75,75,40,40,141,141,155,172,172,172,21,21,21,21,46,74,2,2],"floor_reached":29,"playtime":1020,"items_purged":[],"score":364,"play_id":"dbec24c0-a0fe-4aad-8e8d-05af8908ac35","local_time":"20181130092829","is_ascension_mode":true,"campfire_choices":[{"floor":7,"key":"REST"},{"data":"Static Discharge","floor":11,"key":"SMITH"},{"data":"Loop","floor":13,"key":"SMITH"},{"data":"Sunder","floor":15,"key":"SMITH"},{"data":"Redo","floor":23,"key":"SMITH"}],"neow_cost":"NONE","seed_source_timestamp":1069802897200673,"circlet_count":0,"master_deck":["Strike_B","Strike_B","Strike_B","Strike_B","Defend_B","Defend_B+1","Defend_B","Zap+1","Self Repair","Sunder+1","Conserve Battery","Core Surge","Static Discharge+1","Loop+1","Multi-Cast","Redo+1","Redo+1","Go for the Eyes","Multi-Cast+1"],"relics":["Cracked Core","Mummified Hand","Pantograph","Eternal Feather","Shovel","War Paint","Bag of Marbles","Mercury Hourglass"],"potions_floor_usage":[5,16,18,18,29],"damage_taken":[{"damage":9,"enemies":"Jaw Worm","floor":1,"turns":3},{"damage":1,"enemies":"Cultist","floor":3,"turns":3},{"damage":1,"enemies":"2 Louse","floor":4,"turns":2},{"damage":0,"enemies":"Large Slime","floor":5,"turns":5},{"damage":40,"enemies":"Gremlin Nob","floor":6,"turns":5},{"damage":16,"enemies":"Blue Slaver","floor":10,"turns":3},{"damage":11,"enemies":"Looter","floor":12,"turns":2},{"damage":0,"enemies":"Slime Boss","floor":16,"turns":6},{"damage":2,"enemies":"2 Thieves","floor":18,"turns":4},{"damage":7,"enemies":"Spheric Guardian","floor":19,"turns":3},{"damage":37,"enemies":"Gremlin Leader","floor":27,"turns":5},{"damage":66,"enemies":"Slavers","floor":29,"turns":3}],"seed_played":"2956825950089546778","potions_obtained":[{"floor":0,"key":"FairyPotion"},{"floor":0,"key":"SneckoOil"},{"floor":0,"key":"Strength Potion"},{"floor":1,"key":"PowerPotion"},{"floor":6,"key":"Explosive Potion"},{"floor":10,"key":"PowerPotion"},{"floor":16,"key":"SpeedPotion"},{"floor":27,"key":"SpeedPotion"}],"is_trial":false,"path_per_floor":["M","?","M","M","M","E","R","$","T","M","R","M","R","?","R","B",null,"M","M","?","?","$","R","T","$","T","E","$","E"],"character_chosen":"DEFECT","items_purchased":["Core Surge","War Paint","Regen Potion"],"campfire_rested":1,"item_purchase_floors":[8,22,28],"current_hp_per_floor":[66,66,72,75,75,42,64,64,64,55,55,44,44,62,62,75,75,75,75,75,75,75,75,75,75,75,45,45,0],"gold":2,"neow_bonus":"THREE_SMALL_POTIONS","is_prod":false,"is_daily":false,"chose_seed":false,"campfire_upgraded":4,"win_rate":0,"timestamp":1543566509,"path_taken":["M","?","M","M","?","E","R","?","T","M","R","M","R","?","R","BOSS","M","M","?","?","$","R","?","?","T","E","$","E"],"build_version":"2018-11-15","purchased_purges":0,"victory":false,"max_hp_per_floor":[75,75,75,75,75,75,75,75,75,75,75,75,75,75,75,75,75,75,75,75,75,75,75,75,75,75,75,75,75],"card_choices":[{"not_picked":["Stack","Turbo"],"picked":"Self Repair","floor":1},{"not_picked":["Cold Snap","Genetic Algorithm"],"picked":"Sunder","floor":3},{"not_picked":["Hyperbeam","Rebound","Reinforced Body"],"picked":"SKIP","floor":4},{"not_picked":["Heatsinks","Leap"],"picked":"Conserve Battery","floor":5},{"not_picked":["Consume","Cold Snap","Go for the Eyes"],"picked":"SKIP","floor":6},{"not_picked":["Fusion","Leap"],"picked":"Static Discharge","floor":10},{"not_picked":["Conserve Battery","Steam Power"],"picked":"Loop","floor":12},{"not_picked":["Fission","Seek"],"picked":"Multi-Cast","floor":16},{"not_picked":["Steam+1","Blizzard"],"picked":"Redo","floor":18},{"not_picked":["Scrape","Sweeping Beam"],"picked":"Redo+1","floor":19},{"not_picked":["Rebound+1","Blizzard+1","Meteor Strike"],"picked":"SKIP","floor":27}],"player_experience":322130,"relics_obtained":[{"floor":6,"key":"Mummified Hand"},{"floor":9,"key":"Pantograph"},{"floor":26,"key":"Bag of Marbles"},{"floor":27,"key":"Mercury Hourglass"}],"event_choices":[{"damage_healed":0,"gold_gain":0,"player_choice":"Upgraded","damage_taken":0,"max_hp_gain":0,"max_hp_loss":0,"event_name":"Upgrade Shrine","floor":2,"gold_loss":0,"cards_upgraded":["Zap"]},{"damage_healed":18,"gold_gain":0,"player_choice":"Healed","damage_taken":0,"max_hp_gain":0,"max_hp_loss":0,"event_name":"The Cleric","floor":14,"gold_loss":35},{"damage_healed":0,"gold_gain":0,"player_choice":"Opened","damage_taken":0,"relics_obtained":["Shovel"],"max_hp_gain":0,"max_hp_loss":0,"event_name":"The Mausoleum","floor":20,"gold_loss":0},{"damage_healed":0,"gold_gain":0,"cards_transformed":["Dualcast","Defend_B"],"player_choice":"Became Test Subject","damage_taken":0,"max_hp_gain":0,"max_hp_loss":0,"event_name":"Drug Dealer","floor":21,"gold_loss":0,"cards_obtained":["Go for the Eyes","Multi-Cast"]}],"is_beta":false,"boss_relics":[{"not_picked":["Astrolabe","FrozenCore"],"picked":"Eternal Feather"}],"items_purged_floors":[],"is_endless":false,"potions_floor_spawned":[1,6,10,12,16,27],"killed_by":"Slavers","ascension_level":5}