{"gold_per_floor":[109,109,109,109,124,154,154,183,207,225,225,18,72,89,89,189,189,208,307,307,307,16,16,48,58,58,71,90,100,100,114,114,114],"floor_reached":33,"playtime":1342,"items_purged":["Normality"],"score":330,"play_id":"1d0bde24-f190-4845-ad94-60ff461f9f2b","local_time":"20181115213215","is_ascension_mode":true,"campfire_choices":[{"floor":7,"key":"REST"},{"floor":11,"key":"REST"},{"data":"Defragment","floor":15,"key":"SMITH"},{"floor":23,"key":"REST"},{"data":"Redo","floor":30,"key":"SMITH"},{"floor":32,"key":"REST"}],"neow_cost":"NONE","seed_source_timestamp":1044193703302555,"circlet_count":0,"master_deck":["Strike_B","Strike_B","Strike_B","Strike_B","Defend_B","Defend_B","Defend_B","Defend_B","Zap+1","Dualcast+1","Self Repair","Conserve Battery","White Noise","Beam Cell","Stack","Defragment+1","Melter","Beam Cell","Biased Cognition","Normality","Shame","Scrape","Electrodynamics","Conserve Battery","Thunder Strike","Biased Cognition","Beam Cell","BootSequence","Go for the Eyes","Redo+1","Ball Lightning+1"],"relics":["Cracked Core","Regal Pillow","Dream Catcher","Meat on the Bone","Unceasing Top","Bronze Scales","Membership Card","Ancient Tea Set","Calling Bell","Dodecahedron","Vajra","Prayer Wheel","Gremlin Horn","Anchor","HandDrill","Cables","Blood Vial"],"potions_floor_usage":[6,14,24,24,27,28,29],"damage_taken":[{"damage":2,"enemies":"2 Louse","floor":1,"turns":3},{"damage":12,"enemies":"Jaw Worm","floor":5,"turns":3},{"damage":45,"enemies":"Gremlin Nob","floor":6,"turns":5},{"damage":38,"enemies":"3 Sentries","floor":8,"turns":7},{"damage":1,"enemies":"Small Slimes","floor":10,"turns":2},{"damage":1,"enemies":"Blue Slaver","floor":14,"turns":2},{"damage":50,"enemies":"The Guardian","floor":16,"turns":8},{"damage":8,"enemies":"3 Byrds","floor":18,"turns":2},{"damage":38,"enemies":"Book of Stabbing","floor":24,"turns":5},{"damage":2,"enemies":"Chosen","floor":25,"turns":4},{"damage":21,"enemies":"Shelled Parasite and Fungi","floor":27,"turns":3},{"damage":6,"enemies":"Cultist and Chosen","floor":28,"turns":4},{"damage":0,"enemies":"Chosen and Byrds","floor":29,"turns":4},{"damage":39,"enemies":"Snecko","floor":31,"turns":5},{"damage":126,"enemies":"Champ","floor":33,"turns":8}],"seed_played":"-424572116793184205","potions_obtained":[{"floor":1,"key":"EssenceOfSteel"},{"floor":6,"key":"SpeedPotion"},{"floor":8,"key":"SneckoOil"},{"floor":16,"key":"Dexterity Potion"},{"floor":18,"key":"SpeedPotion"},{"floor":27,"key":"PowerPotion"},{"floor":28,"key":"PowerPotion"},{"floor":29,"key":"FairyPotion"}],"is_trial":false,"path_per_floor":["M","?","?","?","M","E","R","E","T","M","R","$","T","M","R","B",null,"M","?","?","T","$","R","E","M","T","M","M","M","R","M","R","B"],"character_chosen":"DEFECT","items_purchased":["Membership Card","Anchor","HandDrill","Electrodynamics"],"campfire_rested":4,"item_purchase_floors":[12,22,22,22],"current_hp_per_floor":[73,73,70,55,50,12,49,30,30,41,75,75,75,75,75,44,75,67,67,53,53,53,80,42,59,59,52,55,57,57,39,78,0],"gold":114,"neow_bonus":"RANDOM_COMMON_RELIC","is_prod":false,"is_daily":false,"chose_seed":false,"campfire_upgraded":2,"win_rate":0,"timestamp":1542313935,"path_taken":["M","?","?","?","M","E","R","E","T","M","R","$","?","M","R","BOSS","M","?","?","?","$","R","E","M","T","M","M","?","R","M","R","BOSS"],"build_version":"2018-11-08","purchased_purges":1,"victory":false,"max_hp_per_floor":[75,75,75,75,75,75,75,75,75,75,75,75,75,75,75,75,75,75,75,80,80,80,80,80,80,80,80,80,80,80,80,80,80],"card_choices":[{"not_picked":["Scrape","Stack"],"picked":"Self Repair","floor":1},{"not_picked":["Beam Cell","Turbo"],"picked":"Conserve Battery","floor":5},{"not_picked":["All For One","Steam Power"],"picked":"White Noise","floor":6},{"not_picked":["Capacitor","Leap"],"picked":"Beam Cell","floor":7},{"not_picked":["Skim","Hologram"],"picked":"Stack","floor":8},{"not_picked":["Heatsinks","Doom and Gloom"],"picked":"Defragment","floor":10},{"not_picked":["Steam","Sweeping Beam"],"picked":"Melter","floor":11},{"not_picked":["Streamline","Turbo"],"picked":"Beam Cell","floor":14},{"not_picked":["Creative AI","Amplify"],"picked":"Biased Cognition","floor":16},{"not_picked":["Sweeping Beam","Recycle"],"picked":"Scrape","floor":18},{"not_picked":["Cold Snap","Blizzard","Rebound"],"picked":"SKIP","floor":18},{"not_picked":["Melter","Sweeping Beam"],"picked":"Conserve Battery","floor":24},{"not_picked":["Gash","Ball Lightning"],"picked":"Thunder Strike","floor":25},{"not_picked":["Streamline","Cold Snap"],"picked":"Biased Cognition","floor":25},{"not_picked":["White Noise","Turbo"],"picked":"Beam Cell","floor":27},{"not_picked":["Steam","Stack"],"picked":"BootSequence","floor":27},{"not_picked":["Compile Driver","Cold Snap+1"],"picked":"Go for the Eyes","floor":28},{"not_picked":["Ball Lightning","Steam"],"picked":"Redo","floor":28},{"not_picked":["Genetic Algorithm","BootSequence"],"picked":"Ball Lightning+1","floor":29},{"not_picked":["Gash","Rebound+1","Rainbow"],"picked":"SKIP","floor":29},{"not_picked":["BootSequence","Gash+1","Hologram"],"picked":"SKIP","floor":31},{"not_picked":["Capacitor+1","Streamline","Rebound"],"picked":"SKIP","floor":31}],"player_experience":274134,"relics_obtained":[{"floor":6,"key":"Meat on the Bone"},{"floor":8,"key":"Unceasing Top"},{"floor":9,"key":"Bronze Scales"},{"floor":13,"key":"Ancient Tea Set"},{"floor":17,"key":"Dodecahedron"},{"floor":17,"key":"Vajra"},{"floor":17,"key":"Prayer Wheel"},{"floor":21,"key":"Gremlin Horn"},{"floor":24,"key":"Cables"},{"floor":26,"key":"Blood Vial"}],"event_choices":[{"damage_healed":0,"gold_gain":0,"player_choice":"Leave","damage_taken":0,"max_hp_gain":0,"max_hp_loss":0,"event_name":"The Cleric","floor":2,"gold_loss":0},{"damage_healed":0,"gold_gain":0,"player_choice":"Success","damage_taken":3,"relics_obtained":["Dream Catcher"],"max_hp_gain":0,"max_hp_loss":0,"event_name":"Scrap Ooze","floor":3,"gold_loss":0},{"damage_healed":0,"gold_gain":0,"player_choice":"Entered Light","damage_taken":15,"max_hp_gain":0,"max_hp_loss":0,"event_name":"Shining Light","floor":4,"gold_loss":0,"cards_upgraded":["Dualcast","Zap"]},{"damage_healed":0,"gold_gain":99,"player_choice":"Stole From Cult","damage_taken":0,"max_hp_gain":0,"max_hp_loss":0,"event_name":"Nest","floor":19,"gold_loss":0},{"damage_healed":0,"gold_gain":0,"player_choice":"Shed Blood","damage_taken":19,"max_hp_gain":5,"max_hp_loss":0,"event_name":"Forgotten Altar","floor":20,"gold_loss":0}],"is_beta":false,"boss_relics":[{"not_picked":["Sozu","Black Star"],"picked":"Calling Bell"}],"items_purged_floors":[22],"is_endless":false,"potions_floor_spawned":[1,6,8,16,18,27,28,29],"killed_by":"Champ","ascension_level":4}