{"gold_per_floor":[114,131,131,146,161,161,176,206,206,206,222,222,297,327,327,401,401,420,434,49,49,66,66,101,101,128,155,155,188,188,188],"floor_reached":31,"playtime":3222,"items_purged":[],"score":656,"play_id":"87910981-36c4-44f1-b62b-081572ce279e","local_time":"20190803213118","is_ascension_mode":true,"campfire_choices":[{"data":"Static Discharge","floor":6.0,"key":"SMITH"},{"data":"Zap","floor":10.0,"key":"SMITH"},{"floor":12.0,"key":"REST"},{"floor":15.0,"key":"REST"},{"data":"Buffer","floor":23.0,"key":"SMITH"},{"data":"Reboot","floor":25.0,"key":"SMITH"},{"floor":28.0,"key":"REST"}],"neow_cost":"NONE","seed_source_timestamp":0,"circlet_count":0,"master_deck":["AscendersBane","Zap+1","Dualcast","Reboot+1","Ball Lightning","Static Discharge+1","Zap","Hologram","Auto Shields","Undo","Go for the Eyes","Scrape","Gash","Rebound","All For One","Barrage","Hello World","Buffer+1","Fission","Beam Cell","Lockon","Machine Learning","Hyperbeam","Fusion+1","Gash+1","Turbo","Ghostly","Ghostly","Ghostly","Gash","Steam","Steam Power+1"],"special_seed":0,"relics":["Cracked Core","Blue Candle","Singing Bowl","Question Card","Pandora\u0027s Box","PreservedInsect","Regal Pillow","Mummified Hand","Bag of Preparation","Bronze Scales","Matryoshka"],"potions_floor_usage":[],"damage_taken":[{"damage":3.0,"enemies":"2 Louse","floor":1.0,"turns":2.0},{"damage":1.0,"enemies":"Cultist","floor":2.0,"turns":3.0},{"damage":7.0,"enemies":"Jaw Worm","floor":4.0,"turns":3.0},{"damage":6.0,"enemies":"3 Louse","floor":5.0,"turns":3.0},{"damage":10.0,"enemies":"Large Slime","floor":7.0,"turns":5.0},{"damage":11.0,"enemies":"Lagavulin","floor":8.0,"turns":7.0},{"damage":0.0,"enemies":"2 Fungi Beasts","floor":11.0,"turns":3.0},{"damage":8.0,"enemies":"3 Sentries","floor":14.0,"turns":5.0},{"damage":28.0,"enemies":"Hexaghost","floor":16.0,"turns":7.0},{"damage":0.0,"enemies":"Chosen","floor":18.0,"turns":4.0},{"damage":22.0,"enemies":"2 Thieves","floor":19.0,"turns":3.0},{"damage":18.0,"enemies":"Snake Plant","floor":22.0,"turns":5.0},{"damage":0.0,"enemies":"Book of Stabbing","floor":24.0,"turns":3.0},{"damage":17.0,"enemies":"Slavers","floor":27.0,"turns":4.0},{"damage":25.0,"enemies":"Gremlin Leader","floor":29.0,"turns":5.0},{"damage":0.0,"enemies":"Colosseum Slavers","floor":30.0,"turns":3.0},{"damage":13,"enemies":"Cultist and Chosen","floor":31,"turns":5}],"seed_played":"3132824914931867227","potions_obtained":[{"floor":2.0,"key":"Weak Potion"},{"floor":8.0,"key":"Explosive Potion"},{"floor":11.0,"key":"Strength Potion"},{"floor":14.0,"key":"AttackPotion"},{"floor":16.0,"key":"AttackPotion"},{"floor":18.0,"key":"Strength Potion"}],"is_trial":false,"path_per_floor":["M","M","?","M","M","R","M","E","T","R","M","R","?","E","R","B",null,"M","M","$","?","M","R","E","R","T","E","R","E","?","M"],"character_chosen":"DEFECT","items_purchased":["PreservedInsect","Regal Pillow","Turbo"],"campfire_rested":3,"item_purchase_floors":[20,20,20],"current_hp_per_floor":[61,60,60,53,47,47,37,26,26,26,26,47,36,28,49,21,59,59,37,37,35,19,19,19,19,19,2,28,3,3,0],"gold":188,"neow_bonus":"ONE_RANDOM_RARE_CARD","is_prod":false,"is_daily":false,"chose_seed":false,"campfire_upgraded":4,"win_rate":0,"timestamp":1564882278,"path_taken":["M","M","?","?","M","R","M","E","T","R","M","R","?","E","R","BOSS","M","M","$","?","M","R","E","R","T","E","R","E","?","?"],"build_version":"2019-07-17","purchased_purges":0,"victory":false,"max_hp_per_floor":[71,71,71,71,71,71,71,71,71,71,71,71,71,71,71,71,71,71,71,71,35,37,37,37,37,37,37,37,37,37,37],"card_choices":[{"not_picked":["Steam","Coolheaded"],"picked":"Ball Lightning","floor":1.0},{"not_picked":["Sweeping Beam","Leap"],"picked":"Static Discharge","floor":2.0},{"not_picked":["Defragment","Hologram"],"picked":"Auto Shields","floor":4.0},{"not_picked":["Cold Snap","Tempest"],"picked":"Undo","floor":5.0},{"not_picked":["Coolheaded","Recycle"],"picked":"Go for the Eyes","floor":7.0},{"not_picked":["Cold Snap","Storm"],"picked":"Scrape","floor":8.0},{"not_picked":["Hologram","Redo"],"picked":"Gash","floor":11.0},{"not_picked":["Biased Cognition","Compile Driver"],"picked":"Rebound","floor":14.0},{"not_picked":["Biased Cognition","Fission","Amplify"],"picked":"All For One","floor":16.0},{"not_picked":["Hello World","Rebound","Sweeping Beam"],"picked":"Fusion+1","floor":18.0},{"not_picked":["Ball Lightning+1","Cold Snap","Compile Driver+1"],"picked":"Gash+1","floor":19.0},{"not_picked":["Hello World","Melter","Ball Lightning","Lockon"],"picked":"Singing Bowl","floor":22.0},{"not_picked":["Consume","Beam Cell","Static Discharge"],"picked":"Gash","floor":24.0},{"not_picked":["Melter+1","Gash","Thunder Strike"],"picked":"Steam","floor":27.0},{"not_picked":["Fusion","Self Repair","Gash"],"picked":"Steam Power+1","floor":29.0}],"player_experience":348953,"relics_obtained":[{"floor":8.0,"key":"Blue Candle"},{"floor":9.0,"key":"Singing Bowl"},{"floor":14.0,"key":"Question Card"},{"floor":24.0,"key":"Mummified Hand"},{"floor":26.0,"key":"Bag of Preparation"},{"floor":27.0,"key":"Bronze Scales"},{"floor":29.0,"key":"Matryoshka"}],"event_choices":[{"damage_healed":0.0,"max_hp_gain":0.0,"max_hp_loss":0.0,"gold_gain":0.0,"event_name":"Match and Keep!","player_choice":"2 cards matched","floor":3.0,"gold_loss":0.0,"damage_taken":0.0,"cards_obtained":["Zap","Hologram"]},{"damage_healed":0.0,"max_hp_gain":0.0,"max_hp_loss":0.0,"gold_gain":0.0,"event_name":"Match and Keep!","player_choice":"2 cards matched","floor":3.0,"gold_loss":0.0,"damage_taken":0.0,"cards_obtained":["Zap","Hologram"]},{"damage_healed":0.0,"max_hp_gain":0.0,"max_hp_loss":0.0,"gold_gain":75.0,"event_name":"World of Goop","player_choice":"Gather Gold","floor":13.0,"gold_loss":0.0,"damage_taken":11.0},{"damage_healed":0.0,"max_hp_gain":0.0,"max_hp_loss":36.0,"gold_gain":0.0,"event_name":"Ghosts","player_choice":"Became a Ghost","floor":21.0,"gold_loss":0.0,"damage_taken":0.0,"cards_obtained":["Ghostly","Ghostly","Ghostly"]},{"damage_healed":0.0,"max_hp_gain":0.0,"max_hp_loss":0.0,"gold_gain":0.0,"event_name":"Colosseum","player_choice":"Fight","floor":30.0,"gold_loss":0.0,"damage_taken":0.0},{"damage_healed":0.0,"max_hp_gain":0.0,"max_hp_loss":0.0,"gold_gain":0.0,"event_name":"Colosseum","player_choice":"Fled From Nobs","floor":30.0,"gold_loss":0.0,"damage_taken":0.0}],"is_beta":false,"boss_relics":[{"not_picked":["FrozenCore","Cursed Key"],"picked":"Pandora\u0027s Box"}],"items_purged_floors":[],"is_endless":false,"potions_floor_spawned":[2,8,11,14,16,18,30],"killed_by":"Cultist and Chosen","ascension_level":20}