{"path_per_floor":["M","?","M","M","?","E","M","M","T","$","R","M","R","M","R","B",null,"M","?","?","M","?","R","?","R","T","M","M","$","M","M","R"],"character_chosen":"THE_SILENT","items_purchased":["Gremlin Horn","Cloak And Dagger","Ornamental Fan","Infinite Blades","PiercingWail"],"gold_per_floor":[113,188,206,218,218,252,263,275,298,7,7,17,17,34,34,136,136,147,147,147,162,412,412,412,412,436,451,464,40,53,72,72,72],"floor_reached":33,"campfire_rested":5,"playtime":2114,"current_hp_per_floor":[70,59,59,59,59,22,11,9,9,9,30,30,51,51,70,29,70,70,70,70,35,35,56,56,56,56,20,7,7,1,3,24,0],"items_purged":["Regret"],"gold":72,"score":289,"play_id":"bb3d9c20-ffcd-45d2-a236-15ded68d4519","local_time":"20180521090306","is_prod":false,"is_daily":false,"chose_seed":false,"is_ascension_mode":true,"campfire_upgraded":1,"timestamp":1526886186,"campfire_choices":[{"floor":11,"key":"REST"},{"floor":13,"key":"REST"},{"floor":15,"key":"REST"},{"floor":23,"key":"REST"},{"data":"Infinite Blades","floor":25,"key":"SMITH"},{"floor":32,"key":"REST"}],"path_taken":["M","?","M","?","?","E","?","?","T","?","R","M","R","M","R","BOSS","M","?","?","M","?","R","?","R","T","M","M","$","M","M","R","BOSS"],"build_version":"2018-05-17","seed_source_timestamp":430658633157280,"purchased_purges":1,"victory":false,"master_deck":["Survivor","Neutralize","Accuracy","Poisoned Stab","Quick Slash","Footwork","Venomology","Backstab","Cloak And Dagger","Quick Slash","Dagger Throw","Storm of Steel","Escape Plan","PiercingWail","All Out Attack","Masterful Stab","Quick Slash","Blur","Crippling Poison","Sucker Punch","Acrobatics","Slice","Catalyst+1","Writhe","Infinite Blades+1","Leg Sweep+1","Acrobatics+1","Quick Slash","Infinite Blades","PiercingWail","Blur","Crippling Poison"],"max_hp_per_floor":[70,70,70,70,70,70,70,70,70,70,70,70,70,70,70,70,70,70,70,70,70,70,70,70,70,70,70,70,70,70,70,70,70],"relics":["Ring of the Snake","Boot","Pen Nib","Bag of Preparation","Gremlin Horn","Pandora\u0027s Box","Blood Vial","Ancient Tea Set","Ornamental Fan"],"card_choices":[{"not_picked":["Predator","Bane"],"picked":"Accuracy","floor":1},{"not_picked":["Bane","Dagger Throw"],"picked":"Poisoned Stab","floor":3},{"not_picked":["Malaise","Slice"],"picked":"Quick Slash","floor":4},{"not_picked":["Prepared","Deflect"],"picked":"Footwork","floor":6},{"not_picked":["Sucker Punch","Backflip"],"picked":"Venomology","floor":7},{"not_picked":["Skewer","Dodge and Roll"],"picked":"Backstab","floor":8},{"not_picked":["Backflip","Setup"],"picked":"Quick Slash","floor":12},{"not_picked":["Catalyst","Deflect"],"picked":"Dagger Throw","floor":14},{"not_picked":["Wraith Form v2","Tools of the Trade"],"picked":"Storm of Steel","floor":16},{"not_picked":["Bane","Flying Knee"],"picked":"Catalyst+1","floor":18},{"not_picked":["Dagger Spray","Crippling Poison"],"picked":"Leg Sweep+1","floor":21},{"not_picked":["Dagger Throw","Dagger Spray"],"picked":"Acrobatics+1","floor":27},{"not_picked":["Phantasmal Killer","Finisher"],"picked":"Quick Slash","floor":28},{"not_picked":["Quick Slash","Dagger Spray"],"picked":"Blur","floor":30},{"not_picked":["Acrobatics","Underhanded Strike"],"picked":"Crippling Poison","floor":31}],"player_experience":127631,"potions_floor_usage":[4,8,12,16,16,16,18,27,27,27,30,30,31,33,33],"damage_taken":[{"damage":0,"enemies":"2 Louse","floor":1,"turns":2},{"damage":0,"enemies":"Small Slimes","floor":3,"turns":3},{"damage":0,"enemies":"Jaw Worm","floor":4,"turns":1},{"damage":37,"enemies":"3 Sentries","floor":6,"turns":11},{"damage":11,"enemies":"Lots of Slimes","floor":7,"turns":6},{"damage":2,"enemies":"2 Fungi Beasts","floor":8,"turns":4},{"damage":0,"enemies":"Large Slime","floor":12,"turns":5},{"damage":0,"enemies":"Lots of Slimes","floor":14,"turns":3},{"damage":41,"enemies":"The Guardian","floor":16,"turns":12},{"damage":0,"enemies":"3 Byrds","floor":18,"turns":4},{"damage":35,"enemies":"Shell Parasite","floor":21,"turns":5},{"damage":38,"enemies":"Centurion and Healer","floor":27,"turns":5},{"damage":15,"enemies":"Snake Plant","floor":28,"turns":4},{"damage":8,"enemies":"Sentry and Sphere","floor":30,"turns":5},{"damage":0,"enemies":"3 Cultists","floor":31,"turns":5},{"damage":46,"enemies":"Automaton","floor":33,"turns":6}],"relics_obtained":[{"floor":6,"key":"Pen Nib"},{"floor":9,"key":"Bag of Preparation"},{"floor":26,"key":"Ancient Tea Set"}],"event_choices":[{"event_name":"World of Goop","player_choice":"Gather Gold","floor":2,"damage_taken":0},{"event_name":"The Cleric","player_choice":"Leave","floor":5,"damage_taken":0},{"event_name":"The Mausoleum","player_choice":"Yes","floor":19,"damage_taken":0},{"event_name":"The Library","player_choice":"Read","floor":20,"damage_taken":0},{"event_name":"Golden Shrine","player_choice":"Desecrate","floor":22,"damage_taken":0},{"event_name":"Ghosts","player_choice":"Ignored","floor":24,"damage_taken":0}],"boss_relics":[{"not_picked":["Eternal Feather","Runic Dome"],"picked":"Pandora\u0027s Box"}],"potions_floor_spawned":[1,4,12,16,18,30,31],"seed_played":"-969721884336010287","killed_by":"Automaton","ascension_level":1,"potions_obtained":[{"floor":1,"key":"Fire Potion"},{"floor":4,"key":"FearPotion"},{"floor":12,"key":"FearPotion"},{"floor":16,"key":"AttackPotion"},{"floor":18,"key":"Strength Potion"},{"floor":30,"key":"AttackPotion"},{"floor":31,"key":"Fire Potion"}],"is_trial":false}