{"path_per_floor":["M","M","M","M","M","R","E","?","T","R","M","M","M","$","R","B",null,"M","M","M","$","M","E","M","M","T","M","R","M","?","M","R"],"character_chosen":"IRONCLAD","items_purchased":["Flex","Pummel","Prayer Wheel","Heavy Blade","Flex"],"gold_per_floor":[110,121,138,149,160,160,195,195,249,249,264,280,295,7,7,111,111,111,111,111,10,10,10,10,10,10,10,10,10,10,10,10],"floor_reached":33,"campfire_rested":2,"playtime":1521,"current_hp_per_floor":[75,80,79,67,75,75,52,52,52,52,51,54,60,60,60,23,80,80,71,69,69,68,54,25,28,28,23,47,55,40,22,47],"items_purged":["Decay"],"gold":10,"score":304,"play_id":"3ab48b37-d66e-473e-931c-cb0047c7387f","is_prod":false,"is_daily":false,"is_ascension_mode":false,"campfire_upgraded":3,"path_taken":["M","M","M","M","M","R","E","?","T","R","M","M","M","$","R","BOSS","M","M","M","$","M","E","M","M","T","M","R","M","?","M","R","BOSS"],"build_version":"2018-02-15-PROD1","purchased_purges":1,"victory":false,"master_deck":["Strike_R","Strike_R","Strike_R","Strike_R","Strike_R","Defend_R","Defend_R","Defend_R","Defend_R","Bash","Pommel Strike","Twin Strike","Spot Weakness+1","Perfected Strike+1","Pommel Strike","Heavy Blade","Anger","Anger","Thunderclap","Flex+1","Pummel","Heavy Blade","Impervious","Perfected Strike","Twin Strike+1","Armaments","Flex","Offering","Pommel Strike","Twin Strike+1","Clash","Clash","Sword Boomerang+1","Exhume","Shrug It Off","Warcry","Shrug It Off"],"max_hp_per_floor":[80,80,80,80,80,80,80,80,80,80,80,80,80,80,80,80,80,80,80,80,80,80,80,80,80,80,80,80,80,85,85,85],"relics":["Burning Blood","Blood Vial","Matryoshka","Vajra","Lantern","Prayer Wheel","Ectoplasm","Dream Catcher","Torii","Happy Flower"],"card_choices":[{"not_picked":["True Grit","Iron Wave"],"picked":"Pommel Strike"},{"not_picked":["Power Through","Seeing Red"],"picked":"Twin Strike"},{"not_picked":["Body Slam","Flame Barrier"],"picked":"Spot Weakness"},{"not_picked":["Battle Trance","Anger"],"picked":"Perfected Strike"},{"not_picked":["Clash","Dual Wield"],"picked":"Pommel Strike"},{"not_picked":["Metallicize","Iron Wave"],"picked":"Heavy Blade"},{"not_picked":["Thunderclap","Rage"],"picked":"Anger"},{"not_picked":["Rupture","Body Slam"],"picked":"Anger"},{"not_picked":["Offering","True Grit"],"picked":"Thunderclap"},{"not_picked":["Dark Embrace","Bludgeon"],"picked":"Impervious"},{"not_picked":["Cleave","Havoc"],"picked":"Perfected Strike"},{"not_picked":["Headbutt","Wild Strike"],"picked":"Twin Strike"},{"not_picked":["Shrug It Off","Clothesline"],"picked":"Armaments"},{"not_picked":["Corruption","Cleave"],"picked":"Offering"},{"not_picked":["Cleave","Hemokinesis"],"picked":"Pommel Strike"},{"not_picked":["Clothesline","Feel No Pain"],"picked":"Twin Strike"},{"not_picked":["Clothesline","Second Wind"],"picked":"Clash"},{"not_picked":["Shockwave","Thunderclap"],"picked":"Clash"},{"not_picked":["Anger","Twin Strike"],"picked":"Sword Boomerang"},{"not_picked":["Hemokinesis","Uppercut"],"picked":"Exhume"},{"not_picked":["Wild Strike","Combust"],"picked":"Shrug It Off"},{"not_picked":["Thunderclap","Rampage"],"picked":"Warcry"},{"not_picked":["Rampage","Power Through"],"picked":"Shrug It Off"}],"player_experience":84795,"potions_floor_usage":[11,16,16,19,20,22,24,33],"damage_taken":[{"damage":11,"enemies":"Jaw Worm","floor":1,"turns":5},{"damage":1,"enemies":"Cultist","floor":2,"turns":3},{"damage":7,"enemies":"2 Louse","floor":3,"turns":2},{"damage":19,"enemies":"Blue Slaver","floor":4,"turns":3},{"damage":0,"enemies":"Large Slime","floor":5,"turns":3},{"damage":31,"enemies":"Lagavulin","floor":7,"turns":5},{"damage":9,"enemies":"Lots of Slimes","floor":11,"turns":3},{"damage":5,"enemies":"Looter","floor":12,"turns":2},{"damage":2,"enemies":"Blue Slaver","floor":13,"turns":2},{"damage":60,"enemies":"The Guardian","floor":16,"turns":8},{"damage":0,"enemies":"Spheric Guardian","floor":18,"turns":2},{"damage":15,"enemies":"3 Byrds","floor":19,"turns":3},{"damage":10,"enemies":"Snecko","floor":20,"turns":4},{"damage":9,"enemies":"Centurion and Healer","floor":22,"turns":4},{"damage":22,"enemies":"Gremlin Leader","floor":23,"turns":5},{"damage":37,"enemies":"Slaver and Parasite","floor":24,"turns":3},{"damage":5,"enemies":"Sentry and Sphere","floor":25,"turns":3},{"damage":13,"enemies":"Centurion and Healer","floor":27,"turns":3},{"damage":0,"enemies":"Snecko","floor":29,"turns":2},{"damage":26,"enemies":"Cultist and Chosen","floor":31,"turns":4},{"damage":56,"enemies":"Champ","floor":33,"turns":6}],"event_choices":[{"event_name":"Wheel of Change","player_choice":"Curse","floor":8,"damage_taken":0},{"event_name":"Forgotten Altar","player_choice":"Shed Blood","floor":30,"damage_taken":0}],"boss_relics":[{"not_picked":["Cursed Key","Runic Pyramid"],"picked":"Ectoplasm"}],"potions_floor_spawned":[2,7,11,13,16,20,23,24],"seed_played":"-3281049416521332052","killed_by":"Champ","ascension_level":0,"is_trial":false}