{"gold_per_floor":[111,36,52,63,63,63,74,88,88,163,163,178,188,219,219,295,295,315,107,127,141,41,67,67,101,149,149,164,175,175,175,175,250,250,266,266,179,1,15,49,49,80,80,115,115,115,115,141,141,141,141,141,141,4,32,32],"floor_reached":57,"playtime":2440,"items_purged":["Strike_G","Strike_G","Strike_G"],"score":3266,"play_id":"e85285e4-416e-4f4a-a05a-654605611c96","local_time":"20190830134404","is_ascension_mode":true,"campfire_choices":[{"data":"All Out Attack","floor":6.0,"key":"SMITH"},{"data":"Neutralize","floor":11.0,"key":"SMITH"},{"data":"Noxious Fumes","floor":15.0,"key":"SMITH"},{"data":"Well Laid Plans","floor":27.0,"key":"SMITH"},{"floor":30.0,"key":"REST"},{"data":"Footwork","floor":32.0,"key":"SMITH"},{"data":"Calculated Gamble","floor":41.0,"key":"SMITH"},{"data":"Tactician","floor":46,"key":"SMITH"},{"floor":49,"key":"RECALL"},{"data":"Backflip","floor":53,"key":"SMITH"}],"neow_cost":"TEN_PERCENT_HP_LOSS","seed_source_timestamp":0,"circlet_count":0,"master_deck":["AscendersBane","Defend_G","Defend_G","Defend_G","Defend_G","Survivor","Neutralize+1","Masterful Stab","All Out Attack+1","Well Laid Plans+1","Noxious Fumes+1","Grand Finale","Escape Plan","Backflip+1","Tactician+1","Footwork+1","Backflip+1","Escape Plan","Calculated Gamble+1","Acrobatics+1"],"special_seed":0,"relics":["Ring of the Snake","Lantern","Blood Vial","Philosopher\u0027s Stone","Dodecahedron","Prayer Wheel","Pen Nib","Orrery","Mummified Hand","Oddly Smooth Stone","Incense Burner","Happy Flower","Strawberry"],"potions_floor_usage":[44,56,56],"damage_taken":[{"damage":1.0,"enemies":"Cultist","floor":1.0,"turns":5.0},{"damage":0.0,"enemies":"Jaw Worm","floor":3.0,"turns":5.0},{"damage":1.0,"enemies":"Small Slimes","floor":4.0,"turns":4.0},{"damage":2.0,"enemies":"Exordium Wildlife","floor":7.0,"turns":5.0},{"damage":0.0,"enemies":"2 Fungi Beasts","floor":8.0,"turns":1.0},{"damage":0.0,"enemies":"3 Louse","floor":12.0,"turns":2.0},{"damage":0.0,"enemies":"Looter","floor":13.0,"turns":3.0},{"damage":24.0,"enemies":"Gremlin Nob","floor":14.0,"turns":4.0},{"damage":18.0,"enemies":"Slime Boss","floor":16.0,"turns":9.0},{"damage":9.0,"enemies":"Chosen","floor":18.0,"turns":5.0},{"damage":13.0,"enemies":"Shell Parasite","floor":20.0,"turns":4.0},{"damage":1.0,"enemies":"Centurion and Healer","floor":21.0,"turns":4.0},{"damage":2.0,"enemies":"Slavers","floor":23.0,"turns":2.0},{"damage":20.0,"enemies":"Gremlin Leader","floor":25.0,"turns":6.0},{"damage":15.0,"enemies":"Snake Plant","floor":28.0,"turns":6.0},{"damage":8.0,"enemies":"Cultist and Chosen","floor":29.0,"turns":4.0},{"damage":21.0,"enemies":"Automaton","floor":33.0,"turns":13.0},{"damage":12.0,"enemies":"3 Shapes","floor":35.0,"turns":6.0},{"damage":0.0,"enemies":"Orb Walker","floor":39.0,"turns":3.0},{"damage":0.0,"enemies":"Giant Head","floor":40.0,"turns":8.0},{"damage":21.0,"enemies":"Nemesis","floor":42.0,"turns":9.0},{"damage":0,"enemies":"Reptomancer","floor":44,"turns":4},{"damage":0,"enemies":"Nemesis","floor":48,"turns":3},{"damage":0,"enemies":"Awakened One","floor":50,"turns":6},{"damage":0,"enemies":"Time Eater","floor":51,"turns":4},{"damage":0,"enemies":"Shield and Spear","floor":55,"turns":4},{"damage":62,"enemies":"The Heart","floor":56,"turns":12}],"seed_played":"1","potions_obtained":[{"floor":3.0,"key":"Ancient Potion"},{"floor":4.0,"key":"Explosive Potion"},{"floor":8.0,"key":"GamblersBrew"},{"floor":20.0,"key":"SneckoOil"},{"floor":23.0,"key":"Block Potion"},{"floor":28.0,"key":"Fruit Juice"},{"floor":33.0,"key":"Block Potion"},{"floor":42.0,"key":"GhostInAJar"}],"is_trial":false,"path_per_floor":["M","?","M","M","?","R","M","M","T","?","R","M","M","E","R","B",null,"M","$","M","M","$","E","?","E","T","R","M","M","R","?","R","B",null,"M","?","$","$","M","E","R","E","T","E","?","R","?","E","R","B","B",null,"R","$","E","B",null],"character_chosen":"THE_SILENT","items_purchased":["Escape Plan","Swift Potion","Calculated Gamble","Swift Potion","Dexterity Potion","GamblersBrew"],"campfire_rested":1,"item_purchase_floors":[19,19,37,38,54,54],"current_hp_per_floor":[58,58,58,57,62,62,60,60,60,49,49,49,49,25,25,9,51,44,44,33,34,34,34,34,16,16,16,8,2,23,23,23,4,54,44,44,44,44,46,48,48,29,29,31,57,57,57,57,57,57,57,57,57,57,64,2],"gold":32,"neow_bonus":"REMOVE_TWO","is_prod":false,"is_daily":false,"chose_seed":false,"campfire_upgraded":8,"win_rate":0,"timestamp":1567143844,"path_taken":["M","?","M","M","?","R","M","M","T","?","R","M","?","E","R","BOSS","M","$","M","M","$","E","?","E","T","R","M","M","R","?","R","BOSS","M","?","?","$","?","E","R","E","T","E","?","R","?","E","R","BOSS","BOSS","R","$","E","BOSS"],"build_version":"2019-07-17","purchased_purges":3,"victory":true,"max_hp_per_floor":[60,60,60,60,65,65,65,65,65,65,65,65,65,65,65,65,65,65,65,65,65,65,65,65,65,65,65,70,70,70,70,70,70,70,70,70,70,70,70,70,70,70,70,70,57,57,57,57,57,57,57,57,57,57,64,64],"card_choices":[{"not_picked":["Blade Dance","Underhanded Strike"],"picked":"Masterful Stab","floor":1.0},{"not_picked":["Eviscerate","Flechettes"],"picked":"All Out Attack","floor":3.0},{"not_picked":["Leg Sweep","Expertise","Caltrops"],"picked":"SKIP","floor":4.0},{"not_picked":["Finisher","Bane","Blade Dance"],"picked":"SKIP","floor":7.0},{"not_picked":["Finisher","Bane","Blade Dance"],"picked":"SKIP","floor":7.0},{"not_picked":["Footwork","Acrobatics"],"picked":"Well Laid Plans","floor":8.0},{"not_picked":["Outmaneuver","Leg Sweep","Distraction"],"picked":"SKIP","floor":12.0},{"not_picked":["Heel Hook","Finisher","Blade Dance"],"picked":"SKIP","floor":13.0},{"not_picked":["Dodge and Roll","Reflex"],"picked":"Noxious Fumes","floor":14.0},{"not_picked":["Corpse Explosion","Wraith Form v2"],"picked":"Grand Finale","floor":16.0},{"not_picked":["Dodge and Roll","Setup","Sucker Punch"],"picked":"SKIP","floor":18.0},{"not_picked":["Outmaneuver","Flying Knee"],"picked":"Backflip","floor":20.0},{"not_picked":["Flying Knee","Bane"],"picked":"Tactician","floor":21.0},{"not_picked":["Choke","Dagger Spray","Underhanded Strike"],"picked":"SKIP","floor":23.0},{"not_picked":["Reflex","Dodge and Roll","Sucker Punch+1"],"picked":"SKIP","floor":25.0},{"not_picked":["Distraction","Sucker Punch","Footwork"],"picked":"SKIP","floor":28.0},{"not_picked":["Venomology","Cloak And Dagger","Blade Dance"],"picked":"SKIP","floor":28.0},{"not_picked":["Distraction","Sucker Punch"],"picked":"Footwork","floor":28.0},{"not_picked":["Venomology","Cloak And Dagger","Blade Dance"],"picked":"SKIP","floor":28.0},{"not_picked":["Deadly Poison+1","Terror","Poisoned Stab"],"picked":"SKIP","floor":29.0},{"not_picked":["Tactician","Leg Sweep","Heel Hook"],"picked":"SKIP","floor":29.0},{"not_picked":["Accuracy","Predator"],"picked":"Backflip+1","floor":34.0},{"not_picked":["Eviscerate","Poisoned Stab"],"picked":"Escape Plan","floor":34.0},{"not_picked":["Deflect+1","Sucker Punch+1","Flying Knee"],"picked":"SKIP","floor":35.0},{"not_picked":["Bane","Poisoned Stab","Underhanded Strike"],"picked":"SKIP","floor":35.0},{"not_picked":["Backflip","Dagger Throw+1","Quick Slash+1"],"picked":"SKIP","floor":39.0},{"not_picked":["Expertise","Slice","Flechettes"],"picked":"SKIP","floor":39.0},{"not_picked":["Flechettes","Blur","Sucker Punch"],"picked":"SKIP","floor":40.0},{"not_picked":["Choke","Heel Hook","Storm of Steel"],"picked":"SKIP","floor":42.0},{"not_picked":["Poisoned Stab","Cloak And Dagger+1"],"picked":"Acrobatics+1","floor":44},{"not_picked":["Poisoned Stab","Flying Knee+1","Escape Plan"],"picked":"SKIP","floor":48},{"not_picked":["Calculated Gamble","PiercingWail+1","Sucker Punch"],"picked":"SKIP","floor":55}],"player_experience":905176,"relics_obtained":[{"floor":9.0,"key":"Lantern"},{"floor":14.0,"key":"Blood Vial"},{"floor":23.0,"key":"Dodecahedron"},{"floor":25.0,"key":"Prayer Wheel"},{"floor":26.0,"key":"Pen Nib"},{"floor":40.0,"key":"Mummified Hand"},{"floor":42.0,"key":"Oddly Smooth Stone"},{"floor":44,"key":"Incense Burner"},{"floor":48,"key":"Happy Flower"},{"floor":55,"key":"Strawberry"}],"event_choices":[{"cards_removed":["Strike_G"],"damage_healed":0.0,"max_hp_gain":0.0,"max_hp_loss":0.0,"gold_gain":0.0,"event_name":"The Cleric","player_choice":"Card Removal","floor":2.0,"gold_loss":75.0,"damage_taken":0.0},{"damage_healed":0.0,"max_hp_gain":5.0,"max_hp_loss":0.0,"gold_gain":0.0,"event_name":"Big Fish","player_choice":"Donut","floor":5.0,"gold_loss":0.0,"damage_taken":0.0},{"damage_healed":0.0,"max_hp_gain":0.0,"max_hp_loss":0.0,"gold_gain":75.0,"event_name":"World of Goop","player_choice":"Gather Gold","floor":10.0,"gold_loss":0.0,"damage_taken":11.0},{"damage_healed":0.0,"max_hp_gain":0.0,"max_hp_loss":0.0,"gold_gain":0.0,"event_name":"Vampires","player_choice":"Ignored","floor":24.0,"gold_loss":0.0,"damage_taken":0.0},{"damage_healed":0.0,"max_hp_gain":0.0,"max_hp_loss":0.0,"gold_gain":0.0,"event_name":"Cursed Tome","player_choice":"Ignored","floor":31.0,"gold_loss":0.0,"damage_taken":0.0},{"damage_healed":0.0,"max_hp_gain":0.0,"max_hp_loss":0.0,"gold_gain":0.0,"event_name":"Mysterious Sphere","player_choice":"Ignored","floor":36.0,"gold_loss":0.0,"damage_taken":0.0},{"damage_healed":57,"gold_gain":0,"player_choice":"Heal","damage_taken":0,"max_hp_gain":0,"max_hp_loss":13,"event_name":"The Moai Head","floor":45,"gold_loss":0},{"damage_healed":0,"gold_gain":0,"player_choice":"Ignored","damage_taken":0,"max_hp_gain":0,"max_hp_loss":0,"event_name":"Tomb of Lord Red Mask","floor":47,"gold_loss":0}],"is_beta":false,"boss_relics":[{"not_picked":["White Beast Statue","Lizard Tail"],"picked":"Philosopher\u0027s Stone"},{"not_picked":["Black Star","Cursed Key"],"picked":"Orrery"}],"items_purged_floors":[19,22,38],"is_endless":false,"potions_floor_spawned":[3,4,8,12,13,20,23,28,33,42],"ascension_level":20}