{"gold_per_floor":[112,124,97,97,111,111,111,111,184,207,227,227,242,21,21,142,142,158,257,172,172,188,188,206,225,225,240,240,281,281,299,299,427,427,447,780,825,841,859,859,878,878,878,903,903,974,984,51,51,51],"floor_reached":51,"playtime":2718,"items_purged":["Injury"],"score":810,"play_id":"3d3f8bda-8439-4b41-b249-6e469427d2f9","local_time":"20180820202124","is_ascension_mode":true,"campfire_choices":[{"data":"Armaments","floor":6,"key":"SMITH"},{"data":"Bash","floor":8,"key":"SMITH"},{"data":"Hemokinesis","floor":12,"key":"SMITH"},{"floor":15,"key":"REST"},{"data":"Double Tap","floor":23,"key":"SMITH"},{"floor":28,"key":"REST"},{"floor":30,"key":"REST"},{"floor":32,"key":"REST"},{"floor":40,"key":"REST"},{"floor":42,"key":"REST"},{"floor":45,"key":"REST"},{"floor":49,"key":"REST"}],"neow_cost":"NONE","seed_source_timestamp":322400010959390,"circlet_count":0,"master_deck":["Strike_R+1","Strike_R","Strike_R","Strike_R+1","Strike_R","Defend_R","Defend_R","Defend_R","Defend_R","Bash+1","Armaments+1","Ghostly Armor+1","Warcry","Berserk+1","Hemokinesis+1","Clash","Disarm","Double Tap+1","Heavy Blade+1","Necronomicurse","Heavy Blade+1","Infernal Blade","Blood for Blood+1","Searing Blow","Corruption+1","Iron Wave","Barricade","Metallicize","Shrug It Off+1","Pommel Strike+1","Pommel Strike+1","Thunderclap+1","Dual Wield+1","Rupture+1","Rupture+1","Secret Weapon"],"relics":["Black Blood","Art of War","Ornamental Fan","Ancient Tea Set","Question Card","Necronomicon","Whetstone","Red Skull","Busted Crown","Calipers","Centennial Puzzle","Peace Pipe","Frozen Egg 2","Lantern","Vajra","Toy Ornithopter"],"potions_floor_usage":[13,16,24,29,33,39,44,47,50,50,50],"damage_taken":[{"damage":1,"enemies":"Cultist","floor":1,"turns":3},{"damage":2,"enemies":"2 Louse","floor":2,"turns":3},{"damage":1,"enemies":"Small Slimes","floor":5,"turns":5},{"damage":0,"enemies":"Blue Slaver","floor":10,"turns":5},{"damage":12,"enemies":"Large Slime","floor":11,"turns":5},{"damage":23,"enemies":"Exordium Wildlife","floor":13,"turns":5},{"damage":46,"enemies":"Slime Boss","floor":16,"turns":12},{"damage":25,"enemies":"3 Byrds","floor":18,"turns":7},{"damage":2,"enemies":"Spheric Guardian","floor":22,"turns":3},{"damage":32,"enemies":"3 Cultists","floor":24,"turns":5},{"damage":10,"enemies":"Snecko","floor":25,"turns":4},{"damage":31,"enemies":"Snake Plant","floor":27,"turns":3},{"damage":11,"enemies":"Gremlin Leader","floor":29,"turns":5},{"damage":25,"enemies":"Sentry and Sphere","floor":31,"turns":4},{"damage":55,"enemies":"Collector","floor":33,"turns":7},{"damage":39,"enemies":"3 Shapes","floor":35,"turns":4},{"damage":49,"floor":37,"turns":5},{"damage":0,"enemies":"Orb Walker","floor":38,"turns":3},{"damage":0,"enemies":"Spire Growth","floor":39,"turns":3},{"damage":33,"enemies":"3 Darklings","floor":41,"turns":6},{"damage":58,"enemies":"Giant Head","floor":44,"turns":7},{"damage":21,"enemies":"4 Shapes","floor":47,"turns":3},{"damage":114,"enemies":"Awakened One","floor":50,"turns":13}],"seed_played":"-341930290503362546","potions_obtained":[{"floor":10,"key":"Explosive Potion"},{"floor":13,"key":"Explosive Potion"},{"floor":22,"key":"FearPotion"},{"floor":25,"key":"Explosive Potion"},{"floor":31,"key":"Strength Potion"},{"floor":33,"key":"FearPotion"},{"floor":37,"key":"FairyPotion"},{"floor":39,"key":"LiquidBronze"},{"floor":41,"key":"FearPotion"},{"floor":47,"key":"Weak Potion"}],"is_trial":false,"path_per_floor":["M","M","$","?","M","R","?","R","T","M","M","R","M","$","R","B",null,"M","?","?","?","M","R","M","M","T","M","R","E","R","M","R","B",null,"M","?","?","M","M","R","M","R","T","E","R","T","M","$","R","B"],"character_chosen":"IRONCLAD","items_purchased":["Warcry","Ancient Tea Set","Lantern","Vajra","Rupture+1","Toy Ornithopter","Regen Potion","Regen Potion","Secret Weapon"],"campfire_rested":8,"item_purchase_floors":[3,14,48,48,48,48,48,48,48],"current_hp_per_floor":[80,80,80,80,80,80,64,64,64,70,64,64,47,47,71,31,80,65,65,65,49,57,57,35,35,35,14,38,37,61,46,70,25,80,51,51,12,22,32,56,33,57,57,18,42,42,31,31,55,15],"gold":51,"neow_bonus":"RANDOM_COMMON_RELIC","is_prod":false,"is_daily":false,"chose_seed":false,"campfire_upgraded":4,"win_rate":0,"timestamp":1534789284,"path_taken":["M","?","$","?","M","R","?","R","T","M","M","R","?","$","R","BOSS","M","?","?","?","?","R","M","M","T","M","R","E","R","M","R","BOSS","M","?","?","?","M","R","M","R","T","E","R","?","?","$","R","BOSS"],"build_version":"2018-08-16","purchased_purges":1,"victory":true,"max_hp_per_floor":[80,80,80,80,80,80,80,80,80,80,80,80,80,80,80,80,80,80,80,80,80,80,80,80,80,80,80,80,80,80,80,80,80,80,80,80,80,80,80,80,80,80,80,80,80,80,80,80,80,80],"card_choices":[{"not_picked":["Twin Strike","Thunderclap"],"picked":"Armaments","floor":1},{"not_picked":["Twin Strike","True Grit"],"picked":"Ghostly Armor","floor":2},{"not_picked":["Pummel","Shockwave"],"picked":"Berserk","floor":5},{"not_picked":["Pommel Strike","Bloodletting"],"picked":"Hemokinesis","floor":10},{"not_picked":["Twin Strike","Clothesline"],"picked":"Clash","floor":11},{"not_picked":["Armaments","Uppercut"],"picked":"Disarm","floor":13},{"not_picked":["Bludgeon","Impervious"],"picked":"Double Tap","floor":16},{"not_picked":["Perfected Strike","Sword Boomerang"],"picked":"Heavy Blade+1","floor":18},{"not_picked":["Iron Wave+1","Evolve","Havoc"],"picked":"Heavy Blade+1","floor":22},{"not_picked":["Barricade","Anger","Sword Boomerang"],"picked":"Infernal Blade","floor":24},{"not_picked":["Cleave","Headbutt","Heavy Blade"],"picked":"Blood for Blood+1","floor":25},{"not_picked":["Shrug It Off","Pommel Strike","Warcry"],"picked":"Searing Blow","floor":27},{"not_picked":["Sword Boomerang","Clash","Heavy Blade"],"picked":"Corruption+1","floor":29},{"not_picked":["Wild Strike","Sever Soul","Power Through"],"picked":"Iron Wave","floor":31},{"not_picked":["Impervious","Reaper","Double Tap"],"picked":"Barricade","floor":33},{"not_picked":["Wild Strike+1"],"picked":"Metallicize","floor":35},{"not_picked":["Iron Wave+1"],"picked":"Shrug It Off+1","floor":37},{"not_picked":["Shrug It Off"],"picked":"Pommel Strike+1","floor":38},{"not_picked":["Clothesline"],"picked":"Pommel Strike+1","floor":39},{"not_picked":["Reckless Charge+1"],"picked":"Thunderclap+1","floor":41},{"not_picked":["Carnage"],"picked":"Dual Wield+1","floor":44},{"not_picked":["Juggernaut+1"],"picked":"Rupture+1","floor":47}],"player_experience":224486,"relics_obtained":[{"floor":9,"key":"Ornamental Fan"},{"floor":21,"key":"Necronomicon"},{"floor":26,"key":"Whetstone"},{"floor":29,"key":"Red Skull"},{"floor":37,"key":"Calipers"},{"floor":43,"key":"Centennial Puzzle"},{"floor":44,"key":"Peace Pipe"},{"floor":46,"key":"Frozen Egg 2"}],"event_choices":[{"event_name":"Golden Idol","player_choice":"Take Wound","floor":4,"damage_taken":0},{"event_name":"Shining Light","player_choice":"Entered Light","floor":7,"damage_taken":0},{"event_name":"Nest","player_choice":"Stole From Cult","floor":19,"damage_taken":0},{"event_name":"Addict","player_choice":"Obtained Relic","floor":20,"damage_taken":0},{"event_name":"Cursed Tome","player_choice":"Obtained Book","floor":21,"damage_taken":0},{"event_name":"The Moai Head","player_choice":"Gave Idol","floor":36,"damage_taken":0},{"event_name":"Mysterious Sphere","player_choice":"Fight","floor":37,"damage_taken":0}],"is_beta":false,"boss_relics":[{"not_picked":["Sozu","Philosopher\u0027s Stone"],"picked":"Black Blood"},{"not_picked":["Pandora\u0027s Box","Empty Cage"],"picked":"Busted Crown"}],"items_purged_floors":[14],"is_endless":false,"potions_floor_spawned":[10,13,22,25,31,33,37,39,41,47],"ascension_level":3}