{"gold_per_floor":[16,32,47,66,77,109,109,141,141,141],"floor_reached":10,"playtime":680,"items_purged":[],"score":92,"play_id":"8a4fb886-c3bf-4fca-8f42-c2861ce794d9","local_time":"20190621205149","is_ascension_mode":true,"campfire_choices":[{"data":"Uppercut","floor":7,"key":"SMITH"}],"neow_cost":"NO_GOLD","seed_source_timestamp":77830650985577,"circlet_count":0,"master_deck":["Strike_R","Strike_R","Strike_R","Defend_R","Defend_R","Defend_R","Defend_R","Bash","Uppercut+1","Hemokinesis","Spot Weakness","Berserk","Pommel Strike","Shrug It Off","Feel No Pain"],"relics":["Burning Blood","Charon\u0027s Ashes","Red Skull"],"potions_floor_usage":[8,8],"damage_taken":[{"damage":6,"enemies":"Cultist","floor":1,"turns":4},{"damage":1,"enemies":"2 Louse","floor":2,"turns":2},{"damage":6,"enemies":"Jaw Worm","floor":3,"turns":3},{"damage":11,"enemies":"Looter","floor":4,"turns":2},{"damage":25,"enemies":"Exordium Wildlife","floor":5,"turns":4},{"damage":28,"enemies":"Gremlin Nob","floor":6,"turns":4},{"damage":46,"enemies":"3 Sentries","floor":8,"turns":5},{"damage":10,"enemies":"Large Slime","floor":10,"turns":3}],"seed_played":"8914459868769672498","potions_obtained":[{"floor":2,"key":"AttackPotion"},{"floor":3,"key":"FairyPotion"},{"floor":4,"key":"SpeedPotion"},{"floor":5,"key":"BloodPotion"}],"is_trial":false,"path_per_floor":["M","M","M","M","M","E","R","E","T","M"],"character_chosen":"IRONCLAD","items_purchased":[],"campfire_rested":0,"item_purchase_floors":[],"current_hp_per_floor":[80,80,80,75,56,34,34,10,10,0],"gold":141,"neow_bonus":"REMOVE_TWO","is_prod":false,"is_daily":false,"chose_seed":false,"campfire_upgraded":1,"win_rate":0,"timestamp":1561164709,"path_taken":["M","M","M","M","?","E","R","E","T","M"],"build_version":"2019-01-23","purchased_purges":0,"victory":false,"max_hp_per_floor":[80,80,80,80,80,80,80,80,80,80],"card_choices":[{"not_picked":["Armaments","Clothesline"],"picked":"Uppercut","floor":1},{"not_picked":["Clothesline","Flex"],"picked":"Hemokinesis","floor":2},{"not_picked":["Warcry","Feel No Pain"],"picked":"Spot Weakness","floor":3},{"not_picked":["Flame Barrier","Intimidate"],"picked":"Berserk","floor":4},{"not_picked":["Thunderclap","Wild Strike"],"picked":"Pommel Strike","floor":5},{"not_picked":["Twin Strike","Perfected Strike"],"picked":"Shrug It Off","floor":6},{"not_picked":["Entrench","Immolate"],"picked":"Feel No Pain","floor":8}],"player_experience":74253,"relics_obtained":[{"floor":6,"key":"Charon\u0027s Ashes"},{"floor":8,"key":"Red Skull"}],"event_choices":[],"is_beta":false,"boss_relics":[],"items_purged_floors":[],"is_endless":false,"potions_floor_spawned":[2,3,4,5],"killed_by":"Large Slime","ascension_level":3}