{"gold_per_floor":[114,114,129,304,361,361,391,391,466,496,496,526,526,601,601,701,701,716,815,540,555,570,600,600,630,630,660,675,690,720,720,720,820,820,835,835,849,299,314,314,414,444,444,444,474,501,513,540,552,564],"floor_reached":51,"playtime":4640,"items_purged":["Doubt","Wild Strike"],"score":972,"play_id":"bc905eb2-8e9d-42e1-9b63-d0546ae6693e","local_time":"20190728053552","daily_mods":["Draft","Diverse","Elite Swarm"],"is_ascension_mode":false,"campfire_choices":[{"data":"Armaments","floor":6,"key":"SMITH"},{"data":"Demon Form","floor":8,"key":"SMITH"},{"data":"Burst","floor":11,"key":"SMITH"},{"data":"Concentrate","floor":13,"key":"SMITH"},{"data":"Beam Cell","floor":15,"key":"SMITH"},{"data":"1","floor":24,"key":"LIFT"},{"data":"2","floor":32,"key":"LIFT"},{"data":"3","floor":40,"key":"LIFT"},{"data":"After Image","floor":47,"key":"SMITH"},{"data":"Juggernaut","floor":49,"key":"SMITH"}],"neow_cost":"","seed_source_timestamp":0,"circlet_count":0,"master_deck":["Reinforced Body","Turbo","Gash","Slice","Concentrate+1","Coolheaded","Armaments+1","Beam Cell+1","Ball Lightning","Reinforced Body","Gash","Cleave","Prepared","Conserve Battery","Burst+1","Venomology+1","Seek+1","Burning Pact+1","After Image+1","Adrenaline+1","Juggernaut+1","Dual Wield+1","Tactician+1","Machine Learning","Creative AI","Secret Technique+1","Expertise+1","After Image","Seek+1"],"special_seed":18104,"relics":["Ring of the Snake","Question Card","Bottled Flame","Pen Nib","Toxic Egg 2","White Beast Statue","OrangePellets","Girya","Darkstone Periapt","Sundial","Letter Opener","Vajra","Lizard Tail","Ginger","ClockworkSouvenir","Bottled Lightning","Nunchaku","Art of War","Paper Crane","MawBank"],"potions_floor_usage":[16,18,21,22,22,22,23,23,23,25,25,25,27,27,28,28,29,29,33,33,37,37,39,39,41,42,45,45,46,46,48],"damage_taken":[{"damage":0,"enemies":"Cultist","floor":1,"turns":2},{"damage":0,"enemies":"2 Louse","floor":3,"turns":2},{"damage":25,"enemies":"3 Sentries","floor":7,"turns":8},{"damage":0,"enemies":"Gremlin Nob","floor":10,"turns":2},{"damage":0,"enemies":"Lagavulin","floor":12,"turns":5},{"damage":31,"enemies":"The Guardian","floor":16,"turns":8},{"damage":18,"enemies":"Spheric Guardian","floor":18,"turns":4},{"damage":0,"enemies":"3 Byrds","floor":21,"turns":3},{"damage":13,"enemies":"Snecko","floor":22,"turns":4},{"damage":8,"enemies":"Slavers","floor":23,"turns":3},{"damage":0,"enemies":"Book of Stabbing","floor":25,"turns":5},{"damage":0,"enemies":"Gremlin Leader","floor":27,"turns":1},{"damage":0,"enemies":"Chosen and Byrds","floor":28,"turns":3},{"damage":0,"enemies":"Shelled Parasite and Fungi","floor":29,"turns":2},{"damage":0,"enemies":"Book of Stabbing","floor":30,"turns":3},{"damage":12,"enemies":"Champ","floor":33,"turns":5},{"damage":3,"enemies":"3 Shapes","floor":35,"turns":4},{"damage":2,"enemies":"2 Orb Walkers","floor":37,"turns":3},{"damage":0,"enemies":"Orb Walker","floor":39,"turns":1},{"damage":0,"enemies":"Mind Bloom Boss Battle","floor":41,"turns":3},{"damage":0,"enemies":"Giant Head","floor":42,"turns":2},{"damage":0,"enemies":"Reptomancer","floor":45,"turns":3},{"damage":6,"enemies":"Writhing Mass","floor":46,"turns":2},{"damage":0,"enemies":"Spire Growth","floor":48,"turns":1},{"damage":16,"enemies":"Time Eater","floor":50,"turns":7}],"seed_played":"-8369019304944216632","potions_obtained":[{"floor":3,"key":"SpeedPotion"},{"floor":7,"key":"SkillPotion"},{"floor":16,"key":"GamblersBrew"},{"floor":18,"key":"Swift Potion"},{"floor":21,"key":"Explosive Potion"},{"floor":22,"key":"FearPotion"},{"floor":23,"key":"PowerPotion"},{"floor":25,"key":"Dexterity Potion"},{"floor":27,"key":"Fire Potion"},{"floor":28,"key":"Dexterity Potion"},{"floor":33,"key":"Block Potion"},{"floor":37,"key":"AttackPotion"},{"floor":39,"key":"Poison Potion"},{"floor":41,"key":"Explosive Potion"},{"floor":45,"key":"SkillPotion"},{"floor":46,"key":"SkillPotion"},{"floor":48,"key":"SpeedPotion"}],"is_trial":false,"path_per_floor":["M","$","M","?","?","R","E","R","T","E","R","E","R","?","R","B",null,"M","?","$","M","M","E","R","E","T","E","M","M","E","?","R","B",null,"M","?","?","$","M","R","?","E","T","?","E","M","R","M","R","B",null],"character_chosen":"THE_SILENT","items_purchased":["OrangePellets","ClockworkSouvenir","Bottled Lightning"],"campfire_rested":0,"item_purchase_floors":[20,38,38],"current_hp_per_floor":[70,70,70,70,70,70,45,45,45,45,45,45,45,34,34,3,70,52,52,52,52,39,31,31,31,31,31,31,31,31,31,31,19,70,67,67,65,65,65,65,65,65,65,65,65,59,59,59,59,43],"gold":576,"neow_bonus":"","is_prod":false,"is_daily":true,"chose_seed":false,"campfire_upgraded":7,"win_rate":0,"timestamp":1564259752,"path_taken":["M","?","M","?","?","R","E","R","T","E","R","E","R","?","R","BOSS","M","?","$","M","M","E","R","E","T","E","M","M","E","?","R","BOSS","M","?","?","$","M","R","?","E","T","?","E","M","R","M","R","BOSS"],"build_version":"2019-07-05","purchased_purges":2,"victory":true,"max_hp_per_floor":[70,70,70,70,70,70,70,70,70,70,70,70,70,70,70,70,70,70,70,70,70,70,70,70,70,70,70,70,70,70,70,70,70,70,70,70,70,70,70,70,70,70,70,70,70,70,70,70,70,70],"card_choices":[{"not_picked":["Redo","Chill"],"picked":"Reinforced Body","floor":0},{"not_picked":["Underhanded Strike","Rebound"],"picked":"Turbo","floor":0},{"not_picked":["Crippling Poison","Deadly Poison"],"picked":"Gash","floor":0},{"not_picked":["Underhanded Strike","Combust"],"picked":"Slice","floor":0},{"not_picked":["Bouncing Flask","Flex"],"picked":"Concentrate","floor":0},{"not_picked":["Heavy Blade","Hello World"],"picked":"Wild Strike","floor":0},{"not_picked":["Havoc","True Grit"],"picked":"Coolheaded","floor":0},{"not_picked":["Intimidate","Coolheaded"],"picked":"Armaments","floor":0},{"not_picked":["Compile Driver","Carnage"],"picked":"Beam Cell","floor":0},{"not_picked":["Blade Dance","Crippling Poison"],"picked":"Ball Lightning","floor":0},{"not_picked":["Darkness","Cloak And Dagger"],"picked":"Reinforced Body","floor":0},{"not_picked":["Leap","Entrench"],"picked":"Gash","floor":0},{"not_picked":["Deadly Poison","Clash"],"picked":"Cleave","floor":0},{"not_picked":["Blade Dance","Clothesline"],"picked":"Twin Strike","floor":0},{"not_picked":["Sentinel","Cloak And Dagger"],"picked":"Prepared","floor":0},{"not_picked":["Chaos","Blizzard"],"picked":"Conserve Battery","floor":1},{"not_picked":["Thunderclap","Riddle With Holes","Blood for Blood"],"picked":"SKIP","floor":3},{"not_picked":["Unload","Exhume"],"picked":"Demon Form","floor":7},{"not_picked":["Thunder Strike","Storm of Steel","Reboot"],"picked":"Burst","floor":10},{"not_picked":["Multi-Cast","Offering","Grand Finale"],"picked":"Venomology","floor":12},{"not_picked":["Demon Form","Double Tap+1","Storm of Steel+1"],"picked":"Seek+1","floor":16},{"not_picked":["Streamline","Heavy Blade+1","Body Slam"],"picked":"Burning Pact+1","floor":18},{"not_picked":["Cloak And Dagger+1","Poisoned Stab+1","Rebound","Shrug It Off+1"],"picked":"SKIP","floor":21},{"not_picked":["Slice+1","Infernal Blade+1","Beam Cell","Leap+1"],"picked":"SKIP","floor":22},{"not_picked":["Die Die Die","Brutality","Wraith Form v2"],"picked":"After Image","floor":23},{"not_picked":["After Image","Feed","Buffer"],"picked":"Adrenaline+1","floor":25},{"not_picked":["Offering+1","Bludgeon","Feed"],"picked":"Juggernaut","floor":27},{"not_picked":["Clothesline+1","Heel Hook","Beam Cell"],"picked":"Dual Wield+1","floor":28},{"not_picked":["Beam Cell+1","Dual Wield+1","Poisoned Stab"],"picked":"Tactician+1","floor":29},{"not_picked":["Immolate","Reboot+1","Storm of Steel+1"],"picked":"Machine Learning","floor":30},{"not_picked":["After Image","Echo Form","Offering+1"],"picked":"Creative AI","floor":33},{"not_picked":["Intimidate+1","Eviscerate+1","Loop+1","Headbutt+1"],"picked":"SKIP","floor":35},{"not_picked":["Panache","Secret Weapon+1","Finesse+1"],"picked":"Secret Technique+1","floor":36},{"not_picked":["Dodge and Roll+1","Quick Slash","Coolheaded+1"],"picked":"Expertise+1","floor":37},{"not_picked":["Sweeping Beam","Poisoned Stab+1","Wild Strike+1","Twin Strike"],"picked":"SKIP","floor":39},{"not_picked":["Unload","Fiend Fire","Phantasmal Killer+1"],"picked":"After Image","floor":42},{"not_picked":["Creative AI","Reboot+1","Machine Learning"],"picked":"Seek+1","floor":45},{"not_picked":["Stack+1","Endless Agony","Second Wind+1","Sucker Punch+1"],"picked":"SKIP","floor":46},{"not_picked":["Streamline","Stack+1","Backflip+1","Ball Lightning+1"],"picked":"SKIP","floor":48}],"player_experience":369032,"relics_obtained":[{"floor":7,"key":"Question Card"},{"floor":9,"key":"Bottled Flame"},{"floor":10,"key":"Pen Nib"},{"floor":12,"key":"Toxic Egg 2"},{"floor":23,"key":"Girya"},{"floor":25,"key":"Darkstone Periapt"},{"floor":26,"key":"Sundial"},{"floor":27,"key":"Letter Opener"},{"floor":30,"key":"Vajra"},{"floor":37,"key":"Ginger"},{"floor":41,"key":"Nunchaku"},{"floor":42,"key":"Art of War"},{"floor":43,"key":"Paper Crane"},{"floor":45,"key":"MawBank"}],"event_choices":[{"damage_healed":0,"gold_gain":175,"player_choice":"AGREE","damage_taken":0,"max_hp_gain":0,"max_hp_loss":0,"event_name":"Liars Game","floor":4,"gold_loss":0,"cards_obtained":["Doubt"]},{"damage_healed":0,"gold_gain":57,"player_choice":"Gained Gold","damage_taken":0,"max_hp_gain":0,"max_hp_loss":0,"event_name":"Golden Wing","floor":5,"gold_loss":0},{"damage_healed":0,"gold_gain":75,"player_choice":"Gather Gold","damage_taken":11,"max_hp_gain":0,"max_hp_loss":0,"event_name":"World of Goop","floor":14,"gold_loss":0},{"damage_healed":0,"gold_gain":99,"player_choice":"Stole From Cult","damage_taken":0,"max_hp_gain":0,"max_hp_loss":0,"event_name":"Nest","floor":19,"gold_loss":0},{"cards_removed":["Twin Strike"],"damage_healed":0,"gold_gain":0,"player_choice":"Elegance","damage_taken":0,"max_hp_gain":0,"max_hp_loss":0,"event_name":"Back to Basics","floor":31,"gold_loss":0},{"damage_healed":0,"gold_gain":0,"player_choice":"Memory 1","damage_taken":0,"max_hp_gain":0,"max_hp_loss":0,"event_name":"SensoryStone","floor":36,"gold_loss":0},{"damage_healed":0,"gold_gain":0,"player_choice":"Fight","damage_taken":0,"max_hp_gain":0,"max_hp_loss":0,"event_name":"Mysterious Sphere","floor":37,"gold_loss":0},{"damage_healed":0,"gold_gain":0,"player_choice":"Fight","damage_taken":0,"max_hp_gain":0,"max_hp_loss":0,"event_name":"MindBloom","floor":41,"gold_loss":0},{"cards_removed":["Demon Form"],"damage_healed":0,"gold_gain":0,"player_choice":"Removed Power","damage_taken":0,"max_hp_gain":0,"max_hp_loss":0,"event_name":"Falling","floor":44,"gold_loss":0}],"is_beta":false,"boss_relics":[{"not_picked":["Orrery","Velvet Choker"],"picked":"White Beast Statue"},{"not_picked":["HoveringKite","Runic Dome"],"picked":"Lizard Tail"}],"items_purged_floors":[20,38],"is_endless":false,"potions_floor_spawned":[3,7,16,18,21,22,23,25,27,28,29,30,33,35,37,39,41,42,45,46,48],"ascension_level":0}