{"gold_per_floor":[117,136,146,116,133,133,39,39,93,93,118,148,179,220,232,244],"floor_reached":16,"playtime":1243,"items_purged":[],"score":112,"play_id":"db47b88f-55ee-4385-ae7c-ad1b1b0cd801","local_time":"20190820221358","is_ascension_mode":false,"campfire_choices":[{"data":"Evolve","floor":6,"key":"SMITH"},{"data":"Fiend Fire","floor":15,"key":"SMITH"}],"neow_cost":"NONE","seed_source_timestamp":87705503700900,"circlet_count":0,"master_deck":["Strike_R","Strike_R","Strike_R","Strike_R","Strike_R","Defend_R","Defend_R","Defend_R","Defend_R","Bash","Body Slam","Clothesline","Evolve+1","Wild Strike","Bloodletting","Blind","Regret","Fiend Fire+1","Wild Strike","Warcry","Spot Weakness"],"relics":["Burning Blood","Centennial Puzzle","Bag of Preparation","Happy Flower","MawBank","Ornamental Fan"],"potions_floor_usage":[11,14,14],"damage_taken":[{"damage":1,"enemies":"2 Louse","floor":1,"turns":3},{"damage":1,"enemies":"Cultist","floor":2,"turns":3},{"damage":8,"enemies":"Jaw Worm","floor":3,"turns":4},{"damage":0,"enemies":"Looter","floor":4,"turns":4},{"damage":17,"enemies":"Large Slime","floor":5,"turns":8},{"damage":49,"enemies":"3 Sentries","floor":11,"turns":7},{"damage":2,"enemies":"2 Fungi Beasts","floor":12,"turns":3},{"damage":3,"enemies":"Blue Slaver","floor":13,"turns":3},{"damage":15,"enemies":"Gremlin Nob","floor":14,"turns":3},{"damage":57,"enemies":"The Guardian","floor":16,"turns":5}],"seed_played":"7729958230228755356","potions_obtained":[{"floor":2,"key":"EssenceOfSteel"},{"floor":3,"key":"Dexterity Potion"},{"floor":11,"key":"FearPotion"},{"floor":12,"key":"Explosive Potion"},{"floor":13,"key":"BloodPotion"}],"is_trial":false,"path_per_floor":["M","M","M","M","M","R","$","?","T","?","E","M","M","E","R","B"],"character_chosen":"IRONCLAD","items_purchased":["Blind"],"campfire_rested":0,"item_purchase_floors":[7],"current_hp_per_floor":[88,88,86,88,77,77,77,77,77,77,34,38,41,54,54,0],"gold":244,"neow_bonus":"TEN_PERCENT_HP_BONUS","is_prod":false,"is_daily":false,"chose_seed":false,"campfire_upgraded":2,"win_rate":0,"timestamp":1566364438,"path_taken":["M","M","M","M","M","R","$","?","T","?","E","?","M","E","R","BOSS"],"build_version":"2019-07-17","purchased_purges":0,"victory":false,"max_hp_per_floor":[88,88,88,88,88,88,88,88,88,88,88,88,88,88,88,88],"card_choices":[{"not_picked":["True Grit","Twin Strike"],"picked":"Body Slam","floor":1},{"not_picked":["Twin Strike","Thunderclap"],"picked":"Clothesline","floor":2},{"not_picked":["Dual Wield","True Grit"],"picked":"Evolve","floor":3},{"not_picked":["Thunderclap","Dropkick"],"picked":"Wild Strike","floor":4},{"not_picked":["Blood for Blood","Thunderclap"],"picked":"Bloodletting","floor":5},{"not_picked":["Perfected Strike","Cleave"],"picked":"Fiend Fire","floor":11},{"not_picked":["True Grit","Bloodletting"],"picked":"Wild Strike","floor":12},{"not_picked":["Shrug It Off","Pommel Strike"],"picked":"Warcry","floor":13},{"not_picked":["Twin Strike","Thunderclap"],"picked":"Spot Weakness","floor":14}],"player_experience":16501,"relics_obtained":[{"floor":9,"key":"Bag of Preparation"},{"floor":11,"key":"MawBank"},{"floor":14,"key":"Ornamental Fan"}],"event_choices":[{"damage_healed":0,"gold_gain":0,"player_choice":"Box","damage_taken":0,"relics_obtained":["Centennial Puzzle"],"max_hp_gain":0,"max_hp_loss":0,"event_name":"Big Fish","floor":8,"gold_loss":0,"cards_obtained":["Regret"]},{"damage_healed":0,"gold_gain":0,"player_choice":"Gave Potion","damage_taken":0,"relics_obtained":["Happy Flower"],"max_hp_gain":0,"max_hp_loss":0,"event_name":"WeMeetAgain","floor":10,"gold_loss":0}],"is_beta":false,"boss_relics":[],"items_purged_floors":[],"is_endless":false,"potions_floor_spawned":[2,3,11,12,13],"killed_by":"The Guardian","ascension_level":0}