{"gold_per_floor":[114,129,129,143,154,183,183,200,200,216,216,248,248,264,264,366,366,377,377,389,304,403,403,422,440,440,450,463,463,56,67,67,171,171,184,34,134,145,145,145,178,178,253,271,287,298,328,345,345,345,345,345,1,31,31],"floor_reached":56,"playtime":8166,"items_purged":["Strike_B"],"score":1175,"play_id":"af5051c4-cce4-4b83-8355-f6db7dcac365","local_time":"20190718010502","is_ascension_mode":false,"campfire_choices":[{"floor":7.0,"key":"REST"},{"floor":11.0,"key":"REST"},{"data":"Zap","floor":13.0,"key":"SMITH"},{"data":"Seek","floor":15.0,"key":"SMITH"},{"floor":23.0,"key":"REST"},{"floor":32.0,"key":"REST"},{"floor":40.0,"key":"RECALL"},{"floor":42.0,"key":"DIG"},{"floor":49.0,"key":"DIG"},{"data":"Amplify","floor":52.0,"key":"SMITH"}],"neow_cost":"NONE","seed_source_timestamp":0,"circlet_count":0,"master_deck":["Strike_B","Strike_B","Strike_B","Defend_B","Defend_B","Defend_B","Zap+1","Dualcast","Leap","Cold Snap","Electrodynamics","Reinforced Body","Reprogram","Conserve Battery","Seek+1","Echo Form","White Noise","Capacitor+1","Double Energy","Loop+1","Skim","Consume+1","Machine Learning+1","Recycle+1","Recycle+1","Static Discharge+1","Amplify+1","Machine Learning+1","Conserve Battery+1"],"special_seed":0,"relics":["Cracked Core","FaceOfCleric","Dream Catcher","Bird Faced Urn","Nuclear Battery","Frozen Egg 2","Molten Egg 2","Incense Burner","White Beast Statue","Art of War","Shovel","Bottled Lightning","Shuriken","Mummified Hand","Unceasing Top","Letter Opener","Happy Flower","Dodecahedron"],"potions_floor_usage":[55,55,55],"damage_taken":[{"damage":8.0,"enemies":"Small Slimes","floor":1.0,"turns":2.0},{"damage":0.0,"enemies":"Cultist","floor":2.0,"turns":3.0},{"damage":6.0,"enemies":"Jaw Worm","floor":4.0,"turns":2.0},{"damage":6.0,"enemies":"Large Slime","floor":5.0,"turns":6.0},{"damage":28.0,"enemies":"Gremlin Nob","floor":6.0,"turns":5.0},{"damage":1.0,"enemies":"2 Fungi Beasts","floor":8.0,"turns":3.0},{"damage":6.0,"enemies":"Gremlin Gang","floor":10.0,"turns":2.0},{"damage":8.0,"enemies":"Lagavulin","floor":12.0,"turns":8.0},{"damage":12.0,"enemies":"Exordium Wildlife","floor":14.0,"turns":3.0},{"damage":36.0,"enemies":"The Guardian","floor":16.0,"turns":16.0},{"damage":1.0,"enemies":"Shell Parasite","floor":18.0,"turns":7.0},{"damage":30.0,"enemies":"Chosen","floor":20.0,"turns":5.0},{"damage":33.0,"enemies":"3 Cultists","floor":24.0,"turns":4.0},{"damage":17.0,"enemies":"Cultist and Chosen","floor":25.0,"turns":9.0},{"damage":6.0,"enemies":"Snecko","floor":27.0,"turns":8.0},{"damage":28.0,"enemies":"Snake Plant","floor":28.0,"turns":6.0},{"damage":13.0,"enemies":"3 Cultists","floor":31.0,"turns":3.0},{"damage":40.0,"enemies":"Champ","floor":33.0,"turns":7.0},{"damage":20.0,"enemies":"3 Shapes","floor":35.0,"turns":4.0},{"damage":15.0,"enemies":"Mind Bloom Boss Battle","floor":37.0,"turns":6.0},{"damage":20.0,"enemies":"3 Darklings","floor":38.0,"turns":5.0},{"damage":25.0,"enemies":"Giant Head","floor":41.0,"turns":9.0},{"damage":0.0,"enemies":"Maw","floor":44.0,"turns":6.0},{"damage":11.0,"enemies":"Sphere and 2 Shapes","floor":45.0,"turns":4.0},{"damage":22.0,"enemies":"Spire Growth","floor":46.0,"turns":5.0},{"damage":38.0,"enemies":"Reptomancer","floor":47.0,"turns":5.0},{"damage":9.0,"enemies":"Jaw Worm Horde","floor":48.0,"turns":2.0},{"damage":86.0,"enemies":"Awakened One","floor":50.0,"turns":10.0},{"damage":39,"enemies":"Shield and Spear","floor":54,"turns":4},{"damage":84,"enemies":"The Heart","floor":55,"turns":8}],"seed_played":"7650284296291287641","potions_obtained":[{"floor":5.0,"key":"Fire Potion"},{"floor":8.0,"key":"EssenceOfSteel"},{"floor":10.0,"key":"SteroidPotion"},{"floor":14.0,"key":"SteroidPotion"},{"floor":18.0,"key":"EssenceOfSteel"},{"floor":20.0,"key":"FearPotion"},{"floor":31.0,"key":"Block Potion"},{"floor":33.0,"key":"Poison Potion"},{"floor":35.0,"key":"EssenceOfSteel"},{"floor":38.0,"key":"Energy Potion"},{"floor":45.0,"key":"FocusPotion"},{"floor":46.0,"key":"Dexterity Potion"},{"floor":48.0,"key":"Dexterity Potion"},{"floor":54,"key":"Strength Potion"}],"is_trial":false,"path_per_floor":["M","M","?","M","M","E","R","M","T","M","R","E","R","M","R","B",null,"M","?","M","?","?","R","M","M","T","M","M","?","$","M","R","B",null,"M","$","?","M","?","R","E","R","T","M","M","M","E","M","R","B",null,"R","$","E","B",null],"character_chosen":"DEFECT","items_purchased":["Loop+1","Skim","Incense Burner","Art of War","FocusPotion","Happy Flower","Dexterity Potion"],"campfire_rested":4,"item_purchase_floors":[30,30,30,36,53,53,53],"current_hp_per_floor":[67,67,67,62,57,30,53,53,53,48,72,65,65,56,56,23,83,83,83,57,57,57,82,56,44,44,47,28,28,28,26,53,42,91,78,78,78,73,73,73,63,63,63,80,88,80,63,69,69,6,101,101,101,79,20],"gold":31,"neow_bonus":"REMOVE_CARD","is_prod":false,"is_daily":false,"chose_seed":false,"campfire_upgraded":3,"win_rate":0,"timestamp":1563379502,"path_taken":["M","M","?","?","M","E","R","M","T","M","R","E","R","?","R","BOSS","M","?","M","?","?","R","M","M","T","M","M","?","$","M","R","BOSS","M","$","?","M","?","R","E","R","T","M","M","M","E","M","R","BOSS","R","$","E","BOSS"],"build_version":"2019-07-05","purchased_purges":1,"victory":true,"max_hp_per_floor":[75,75,75,76,77,78,78,79,79,80,80,81,81,82,82,83,83,84,84,85,85,85,85,86,87,87,88,89,89,89,90,90,91,91,92,92,93,94,94,94,95,95,95,96,97,98,99,100,100,101,101,101,101,102,103],"card_choices":[{"not_picked":["Rebound","Sweeping Beam"],"picked":"Leap","floor":1.0},{"not_picked":["Redo","Rebound","Force Field"],"picked":"SKIP","floor":2.0},{"not_picked":["Go for the Eyes","Sunder","Chill"],"picked":"SKIP","floor":4.0},{"not_picked":["Go for the Eyes","Chill"],"picked":"Cold Snap","floor":5.0},{"not_picked":["Hello World","Recycle"],"picked":"Electrodynamics","floor":6.0},{"not_picked":["Static Discharge","Hologram"],"picked":"Reinforced Body","floor":7.0},{"not_picked":["Coolheaded","Rip and Tear"],"picked":"Reprogram","floor":8.0},{"not_picked":["Barrage","Scrape","Redo"],"picked":"SKIP","floor":10.0},{"not_picked":["Turbo","Barrage"],"picked":"Conserve Battery","floor":11.0},{"not_picked":["Barrage","Rebound","Auto Shields"],"picked":"SKIP","floor":12.0},{"not_picked":["Lockon","Redo"],"picked":"Seek","floor":14.0},{"not_picked":["Thunder Strike","Core Surge"],"picked":"Echo Form","floor":16.0},{"not_picked":["Fusion","Scrape","Go for the Eyes"],"picked":"SKIP","floor":18.0},{"not_picked":["Steam+1","Glacier","Beam Cell"],"picked":"SKIP","floor":20.0},{"not_picked":["Steam","Hello World+1"],"picked":"White Noise","floor":24.0},{"not_picked":["Steam","Rebound"],"picked":"Capacitor+1","floor":25.0},{"not_picked":["Beam Cell+1","Cold Snap+1"],"picked":"Double Energy","floor":27.0},{"not_picked":["Electrodynamics+1","Rip and Tear+1","Turbo+1"],"picked":"SKIP","floor":28.0},{"not_picked":["Melter+1","Aggregate+1","Streamline+1"],"picked":"SKIP","floor":31.0},{"not_picked":["Gash+1","Steam"],"picked":"Consume","floor":32.0},{"not_picked":["Reboot","Hyperbeam+1"],"picked":"Machine Learning+1","floor":33.0},{"not_picked":["Ball Lightning+1","Turbo+1","Genetic Algorithm+1"],"picked":"SKIP","floor":35.0},{"not_picked":["Cold Snap+1","Aggregate+1"],"picked":"Recycle+1","floor":37.0},{"not_picked":["Leap","Streamline+1","Hologram"],"picked":"SKIP","floor":38.0},{"not_picked":["Darkness+1","Ball Lightning+1"],"picked":"Recycle+1","floor":41.0},{"not_picked":["Rebound+1","Skim"],"picked":"Static Discharge+1","floor":44.0},{"not_picked":["Gash+1","Sweeping Beam+1"],"picked":"Amplify","floor":45.0},{"not_picked":["Melter+1","Compile Driver+1","Steam+1"],"picked":"SKIP","floor":46.0},{"not_picked":["Go for the Eyes+1","Biased Cognition+1"],"picked":"Machine Learning+1","floor":47.0},{"not_picked":["Streamline+1","FTL+1","Sweeping Beam+1"],"picked":"SKIP","floor":48.0},{"not_picked":["Beam Cell+1","Genetic Algorithm+1"],"picked":"Conserve Battery+1","floor":54}],"player_experience":259636,"relics_obtained":[{"floor":6.0,"key":"Dream Catcher"},{"floor":12.0,"key":"Bird Faced Urn"},{"floor":26.0,"key":"Molten Egg 2"},{"floor":37.0,"key":"Shovel"},{"floor":41.0,"key":"Bottled Lightning"},{"floor":42.0,"key":"Shuriken"},{"floor":43.0,"key":"Mummified Hand"},{"floor":47.0,"key":"Unceasing Top"},{"floor":49.0,"key":"Letter Opener"},{"floor":54,"key":"Dodecahedron"}],"event_choices":[{"damage_healed":0.0,"max_hp_gain":0.0,"max_hp_loss":0.0,"gold_gain":0.0,"event_name":"FaceTrader","player_choice":"Trade","floor":3.0,"gold_loss":0.0,"damage_taken":0.0,"relics_obtained":["FaceOfCleric"]},{"damage_healed":0.0,"max_hp_gain":0.0,"max_hp_loss":0.0,"gold_gain":0.0,"event_name":"Vampires","player_choice":"Ignored","floor":19.0,"gold_loss":0.0,"damage_taken":0.0},{"damage_healed":0.0,"max_hp_gain":0.0,"max_hp_loss":0.0,"gold_gain":0.0,"event_name":"Addict","player_choice":"Obtained Relic","floor":21.0,"gold_loss":85.0,"damage_taken":0.0,"relics_obtained":["Frozen Egg 2"]},{"damage_healed":0.0,"max_hp_gain":0.0,"max_hp_loss":0.0,"gold_gain":99.0,"event_name":"Nest","player_choice":"Stole From Cult","floor":22.0,"gold_loss":0.0,"damage_taken":0.0},{"damage_healed":0.0,"max_hp_gain":0.0,"max_hp_loss":0.0,"gold_gain":0.0,"event_name":"Cursed Tome","player_choice":"Ignored","floor":29.0,"gold_loss":0.0,"damage_taken":0.0},{"damage_healed":0.0,"max_hp_gain":0.0,"max_hp_loss":0.0,"gold_gain":0.0,"event_name":"MindBloom","player_choice":"Fight","floor":37.0,"gold_loss":0.0,"damage_taken":0.0},{"damage_healed":0.0,"max_hp_gain":0.0,"max_hp_loss":0.0,"gold_gain":0.0,"event_name":"Accursed Blacksmith","player_choice":"Forge","floor":39.0,"gold_loss":0.0,"damage_taken":0.0,"cards_upgraded":["Consume"]}],"is_beta":false,"boss_relics":[{"not_picked":["Sozu","Inserter"],"picked":"Nuclear Battery"},{"not_picked":["Orrery","Coffee Dripper"],"picked":"White Beast Statue"}],"items_purged_floors":[53],"is_endless":false,"potions_floor_spawned":[5,8,10,14,18,20,31,33,35,37,38,41,44,45,46,47,48,54],"ascension_level":0}