{"gold_per_floor":[15,25,25,39,49,74,74,124,171,171,186,186,141,174,174,246,246,263,263,277,277,0,0,0],"floor_reached":24,"playtime":1720,"items_purged":["Strike_R"],"score":357,"play_id":"0e53e86c-dcd7-412f-8d22-fcca6b5ffd44","local_time":"20190828172844","is_ascension_mode":true,"campfire_choices":[{"data":"Flame Barrier","floor":10,"key":"SMITH"},{"floor":12,"key":"REST"},{"data":"Bash","floor":15,"key":"SMITH"},{"data":"Demon Form","floor":23,"key":"SMITH"}],"neow_cost":"NO_GOLD","seed_source_timestamp":761321918251500,"circlet_count":0,"master_deck":["AscendersBane","Strike_R","Strike_R","Strike_R","Strike_R","Defend_R","Defend_R","Defend_R","Defend_R","Bash+1","Sadistic Nature","Forethought","Pommel Strike","Seeing Red","Flame Barrier+1","Shrug It Off","Limit Break","Power Through","Power Through","Inflame","Demon Form+1","Corruption","RitualDagger","Evolve","Bandage Up","Uppercut"],"relics":["Burning Blood","Kunai","Art of War","Bag of Preparation","Snecko Eye"],"potions_floor_usage":[6,16,18,24],"damage_taken":[{"damage":1,"enemies":"Cultist","floor":1,"turns":4},{"damage":4,"enemies":"2 Louse","floor":2,"turns":3},{"damage":10,"enemies":"Small Slimes","floor":4,"turns":4},{"damage":35,"enemies":"Gremlin Gang","floor":5,"turns":8},{"damage":27,"enemies":"3 Sentries","floor":6,"turns":12},{"damage":6,"enemies":"Exordium Wildlife","floor":11,"turns":4},{"damage":6,"enemies":"Looter","floor":13,"turns":5},{"damage":26,"enemies":"Lagavulin","floor":14,"turns":9},{"damage":41,"enemies":"Hexaghost","floor":16,"turns":16},{"damage":16,"enemies":"Spheric Guardian","floor":18,"turns":6},{"damage":0,"enemies":"Chosen","floor":20,"turns":4},{"damage":54,"enemies":"Slavers","floor":24,"turns":5}],"seed_played":"-678749661238517084","potions_obtained":[{"floor":4,"key":"LiquidBronze"},{"floor":6,"key":"SpeedPotion"},{"floor":11,"key":"PowerPotion"},{"floor":16,"key":"Dexterity Potion"},{"floor":18,"key":"Swift Potion"}],"is_trial":false,"path_per_floor":["M","M","$","M","M","E","?","?","T","R","M","R","M","E","R","B",null,"M","?","M","?","$","R","E"],"character_chosen":"IRONCLAD","items_purchased":["Evolve","Bandage Up","Uppercut"],"campfire_rested":1,"item_purchase_floors":[22,22,22],"current_hp_per_floor":[73,75,75,71,42,21,46,46,46,46,46,68,68,48,48,13,60,50,50,56,50,50,50,0],"gold":0,"neow_bonus":"RANDOM_COLORLESS_2","is_prod":false,"is_daily":false,"chose_seed":false,"campfire_upgraded":3,"win_rate":0,"timestamp":1567038524,"path_taken":["M","M","?","M","M","E","?","?","T","R","?","R","M","E","R","BOSS","M","?","M","?","$","R","E"],"build_version":"2019-07-17","purchased_purges":1,"victory":false,"max_hp_per_floor":[75,75,75,75,75,75,75,75,75,75,75,75,75,75,75,75,75,75,75,75,75,75,75,75],"card_choices":[{"not_picked":["Whirlwind","Clash"],"picked":"Pommel Strike","floor":1},{"not_picked":["Burning Pact","Clash"],"picked":"Seeing Red","floor":2},{"not_picked":["Havoc","Shrug It Off"],"picked":"Flame Barrier","floor":4},{"not_picked":["Fire Breathing","Flex"],"picked":"Shrug It Off","floor":5},{"not_picked":["Havoc","Body Slam"],"picked":"Limit Break","floor":6},{"not_picked":["Twin Strike","Warcry"],"picked":"Power Through","floor":11},{"not_picked":["Heavy Blade","Pummel"],"picked":"Power Through","floor":13},{"not_picked":["Searing Blow","Dropkick"],"picked":"Inflame","floor":14},{"not_picked":["Reaper","Berserk"],"picked":"Demon Form","floor":16},{"not_picked":["Anger","Twin Strike","Sword Boomerang"],"picked":"SKIP","floor":18},{"not_picked":["Pommel Strike","Iron Wave","Cleave"],"picked":"SKIP","floor":20}],"player_experience":272513,"relics_obtained":[{"floor":6,"key":"Kunai"},{"floor":9,"key":"Art of War"},{"floor":14,"key":"Bag of Preparation"}],"event_choices":[{"damage_healed":25,"gold_gain":0,"player_choice":"Banana","damage_taken":0,"max_hp_gain":0,"max_hp_loss":0,"event_name":"Big Fish","floor":7,"gold_loss":0},{"damage_healed":0,"gold_gain":50,"player_choice":"Pray","damage_taken":0,"max_hp_gain":0,"max_hp_loss":0,"event_name":"Golden Shrine","floor":8,"gold_loss":0},{"damage_healed":0,"gold_gain":0,"player_choice":"Read","damage_taken":0,"max_hp_gain":0,"max_hp_loss":0,"event_name":"The Library","floor":19,"gold_loss":0,"cards_obtained":["Corruption"]},{"damage_healed":0,"gold_gain":0,"player_choice":"Joined the Cult","damage_taken":6,"max_hp_gain":0,"max_hp_loss":0,"event_name":"Nest","floor":21,"gold_loss":0,"cards_obtained":["RitualDagger"]}],"is_beta":false,"boss_relics":[{"not_picked":["White Beast Statue","Coffee Dripper"],"picked":"Snecko Eye"}],"items_purged_floors":[22],"is_endless":false,"potions_floor_spawned":[4,6,11,14,16,18],"killed_by":"Slavers","ascension_level":15}