{"path_per_floor":["M","M","?","M","M","E","M","M","T","R","?","M","E","M","R","B",null,"M","M","?","$","M","$","R"],"character_chosen":"IRONCLAD","items_purchased":["Sundial","Rupture","Hemokinesis"],"gold_per_floor":[109,125,75,86,105,135,151,164,188,188,217,235,268,286,286,383,413,423,436,436,11,22,22,22],"floor_reached":25,"campfire_rested":0,"playtime":1993,"current_hp_per_floor":[72,72,72,72,72,65,65,67,67,67,69,68,56,56,56,34,77,77,58,58,58,51,51,51],"items_purged":[],"gold":22,"play_id":"49575769-15db-4fe1-b936-7bd641e938d1","is_prod":false,"is_daily":false,"is_ascension_mode":false,"campfire_upgraded":3,"path_taken":["M","M","?","M","M","E","M","M","T","R","?","M","E","M","R","BOSS","M","M","?","$","M","?","R","?"],"build_version":"2018-01-25-PROD3","purchased_purges":0,"victory":false,"master_deck":["Strike_R","Strike_R","Strike_R","Strike_R","Strike_R","Defend_R","Bash","Rage","Uppercut","Uppercut","Armaments+1","Twin Strike","Clothesline","Offering","Thunderclap","Twin Strike","Perfected Strike","Iron Wave","Perfected Strike","Pommel Strike+1","Demon Form","Blood for Blood","Pommel Strike+1","Flex","Rupture","Hemokinesis+1","Twin Strike"],"max_hp_per_floor":[72,72,72,72,72,72,72,72,72,72,72,72,72,72,72,72,77,77,77,77,77,77,77,77],"relics":["Burning Blood","Bag of Preparation","Prayer Wheel","Odd Mushroom","Gambling Chip","Tiny House","Sundial"],"card_choices":[{"not_picked":["Burning Pact","Reckless Charge"],"picked":"Uppercut"},{"not_picked":["Clothesline","Wild Strike"],"picked":"Armaments"},{"not_picked":["Wild Strike","Disarm"],"picked":"Twin Strike"},{"not_picked":["Corruption","Feel No Pain"],"picked":"Clothesline"},{"not_picked":["Sword Boomerang","Headbutt"],"picked":"Offering"},{"not_picked":["Burning Pact","True Grit"],"picked":"Thunderclap"},{"not_picked":["Inflame","Anger"],"picked":"Twin Strike"},{"not_picked":["Iron Wave","Clothesline"],"picked":"Perfected Strike"},{"not_picked":["Heavy Blade","Cleave"],"picked":"Iron Wave"},{"not_picked":["Limit Break","Clothesline"],"picked":"Perfected Strike"},{"not_picked":["Metallicize","Seeing Red"],"picked":"Pommel Strike"},{"not_picked":["Juggernaut","Limit Break"],"picked":"Demon Form"},{"not_picked":["Power Through","Dual Wield"],"picked":"Blood for Blood"},{"not_picked":["Iron Wave","Twin Strike"],"picked":"Pommel Strike"},{"not_picked":["Cleave","Power Through"],"picked":"Flex"},{"not_picked":["True Grit","Evolve"],"picked":"Twin Strike"}],"player_experience":40237,"potions_floor_usage":[11,12,16,19,25,25],"damage_taken":[{"damage":4,"enemies":"Small Slimes","floor":1,"turns":3},{"damage":6,"enemies":"Jaw Worm","floor":2,"turns":4},{"damage":4,"enemies":"Cultist","floor":4,"turns":3},{"damage":5,"enemies":"2 Fungi Beasts","floor":5,"turns":3},{"damage":13,"enemies":"Lagavulin","floor":6,"turns":5},{"damage":6,"enemies":"Looter","floor":7,"turns":2},{"damage":4,"enemies":"Exordium Wildlife","floor":8,"turns":2},{"damage":4,"enemies":"The Mushroom Lair","floor":11,"turns":3},{"damage":7,"enemies":"Large Slime","floor":12,"turns":4},{"damage":18,"enemies":"3 Sentries","floor":13,"turns":5},{"damage":6,"enemies":"3 Louse","floor":14,"turns":2},{"damage":43,"enemies":"Hexaghost","floor":16,"turns":8},{"damage":6,"enemies":"Spheric Guardian","floor":18,"turns":3},{"damage":25,"enemies":"Shell Parasite","floor":19,"turns":4},{"damage":13,"enemies":"Snecko","floor":22,"turns":3},{"damage":51,"enemies":"Slaver and Parasite","floor":25,"turns":4}],"event_choices":[{"event_name":"The Cleric","player_choice":"Card Removal","floor":3,"damage_taken":0},{"event_name":"Mushrooms","player_choice":"Fought Mushrooms","floor":11,"damage_taken":0},{"event_name":"Vampires","player_choice":"Ignored","floor":20,"damage_taken":0}],"boss_relics":[{"not_picked":["Calling Bell","Runic Cube"],"picked":"Tiny House"}],"potions_floor_spawned":[1,2,5,7,11,16],"seed_played":"5185627229684322051","killed_by":"Slaver and Parasite","ascension_level":0,"is_trial":false}