{"gold_per_floor":[116,216,74,89,99,99,133,133,133,133,151,151,164,182,182,285,285,297,308,308],"floor_reached":20,"playtime":1585,"items_purged":[],"score":176,"play_id":"cc1f5355-2d20-4185-8fe6-26e715adb5db","local_time":"20190820202520","is_ascension_mode":false,"campfire_choices":[{"data":"Noxious Fumes","floor":6,"key":"SMITH"},{"data":"Noxious Fumes","floor":8,"key":"SMITH"},{"data":"Dagger Spray","floor":12,"key":"SMITH"},{"floor":15,"key":"REST"}],"neow_cost":"NONE","seed_source_timestamp":482188527290600,"circlet_count":0,"master_deck":["Strike_G","Strike_G","Strike_G","Strike_G","Defend_G","Defend_G","Defend_G","Defend_G","Survivor","Neutralize","Noxious Fumes+1","Prepared","Poisoned Stab","Riddle With Holes","Riddle With Holes","Noxious Fumes+1","Dagger Spray+1","Dodge and Roll","Noxious Fumes","A Thousand Cuts","Night Terror+1","After Image+1","Bouncing Flask+1","Slice+1","Outmaneuver+1"],"relics":["Ring of the Snake","Ornamental Fan","Shuriken","Astrolabe"],"potions_floor_usage":[],"damage_taken":[{"damage":0,"enemies":"Jaw Worm","floor":1,"turns":7},{"damage":1,"enemies":"Cultist","floor":4,"turns":4},{"damage":5,"enemies":"Small Slimes","floor":5,"turns":4},{"damage":9,"enemies":"3 Sentries","floor":7,"turns":6},{"damage":7,"enemies":"Looter","floor":11,"turns":3},{"damage":10,"enemies":"Exordium Thugs","floor":13,"turns":5},{"damage":15,"enemies":"Red Slaver","floor":14,"turns":4},{"damage":24,"enemies":"Hexaghost","floor":16,"turns":9},{"damage":7,"enemies":"Shell Parasite","floor":18,"turns":7},{"damage":30,"enemies":"2 Thieves","floor":19,"turns":5},{"damage":48,"enemies":"Masked Bandits","floor":20,"turns":3}],"seed_played":"-1905171831950375261","potions_obtained":[{"floor":4,"key":"Weak Potion"},{"floor":13,"key":"Weak Potion"},{"floor":14,"key":"AttackPotion"},{"floor":16,"key":"Energy Potion"},{"floor":19,"key":"Explosive Potion"}],"is_trial":false,"path_per_floor":["M","?","$","M","M","R","E","R","T","?","M","R","M","M","R","B",null,"M","M","?"],"character_chosen":"THE_SILENT","items_purchased":["Prepared","Poisoned Stab","Riddle With Holes"],"campfire_rested":1,"item_purchase_floors":[3,3,3],"current_hp_per_floor":[77,77,77,76,71,71,62,62,62,62,55,55,45,30,53,29,77,70,40,0],"gold":308,"neow_bonus":"TEN_PERCENT_HP_BONUS","is_prod":false,"is_daily":false,"chose_seed":false,"campfire_upgraded":3,"win_rate":0.0,"timestamp":1566357920,"path_taken":["M","?","$","?","M","R","E","R","T","?","M","R","M","M","R","BOSS","M","M","?"],"build_version":"2019-07-17","purchased_purges":0,"victory":false,"max_hp_per_floor":[77,77,77,77,77,77,77,77,77,77,77,77,77,77,77,77,77,77,77,77],"card_choices":[{"not_picked":["Dagger Spray","PiercingWail"],"picked":"Noxious Fumes","floor":1},{"not_picked":["Sucker Punch","Eviscerate"],"picked":"Riddle With Holes","floor":4},{"not_picked":["All Out Attack","Expertise"],"picked":"Noxious Fumes","floor":5},{"not_picked":["Poisoned Stab","Acrobatics"],"picked":"Dagger Spray","floor":7},{"not_picked":["Heel Hook","PiercingWail"],"picked":"Dagger Spray","floor":11},{"not_picked":["Well Laid Plans","Dagger Throw"],"picked":"Dodge and Roll","floor":13},{"not_picked":["Deflect","Dagger Throw"],"picked":"Noxious Fumes","floor":14},{"not_picked":["Phantasmal Killer","Unload"],"picked":"A Thousand Cuts","floor":16},{"not_picked":["Sucker Punch","Well Laid Plans+1"],"picked":"Slice+1","floor":18},{"not_picked":["Underhanded Strike","Dagger Spray"],"picked":"Outmaneuver+1","floor":19}],"player_experience":3054,"relics_obtained":[{"floor":7,"key":"Ornamental Fan"},{"floor":9,"key":"Shuriken"}],"event_choices":[{"damage_healed":0,"gold_gain":100,"player_choice":"Pray","damage_taken":0,"max_hp_gain":0,"max_hp_loss":0,"event_name":"Golden Shrine","floor":2,"gold_loss":0},{"damage_healed":0,"gold_gain":0,"player_choice":"Ignored","damage_taken":0,"max_hp_gain":0,"max_hp_loss":0,"event_name":"Golden Idol","floor":10,"gold_loss":0},{"damage_healed":0,"gold_gain":0,"player_choice":"Fought Bandits","damage_taken":0,"max_hp_gain":0,"max_hp_loss":0,"event_name":"Masked Bandits","floor":20,"gold_loss":0}],"is_beta":false,"boss_relics":[{"not_picked":["Snecko Eye","Runic Dome"],"picked":"Astrolabe"}],"items_purged_floors":[],"is_endless":false,"potions_floor_spawned":[4,13,14,16,19],"killed_by":"Masked Bandits","ascension_level":0}