{"gold_per_floor":[116,128,278,289,10,10,36,36,87,101,101,118,147,158,158,235,235,255,272,41,41,41,73,73,103,103,135,151,151,167,167,167,238,238,248,30,45,0,15,48,448,448,448,448,479,491,506,506,506,506,506,506,20,50,50],"floor_reached":55,"playtime":6871,"items_purged":["Doubt","Defend_B"],"score":1428,"play_id":"074a93ec-e71e-4ac2-8aa3-098c1580b2c3","local_time":"20190727162939","is_ascension_mode":true,"campfire_choices":[{"data":"Beam Cell","floor":6.0,"key":"SMITH"},{"floor":11.0,"key":"REST"},{"data":"Leap","floor":15.0,"key":"SMITH"},{"floor":24.0,"key":"REST"},{"floor":32.0,"key":"REST"},{"floor":42,"key":"RECALL"},{"floor":49,"key":"REST"},{"data":"Buffer","floor":52,"key":"SMITH"}],"neow_cost":"NONE","seed_source_timestamp":322337465470856,"circlet_count":0,"master_deck":["AscendersBane","Strike_B","Defend_B+1","Defend_B","Zap","Dualcast","Beam Cell+1","Leap+1","Rip and Tear","Mayhem","Rainbow+1","Melter","Skim","Streamline+1","Streamline+1","Core Surge+1","Undo+1","Skim+1","Reboot+1","Self Repair","Ball Lightning+1","Sunder+1","Flash of Steel+1","Hologram","Reinforced Body","Go for the Eyes+1","Stack","Sweeping Beam+1","FTL+1","Steam","Hologram+1","Buffer+1","Reinforced Body+1","Ball Lightning+1","Steam+1","Clumsy","Mayhem","Compile Driver+1","Hologram+1","Parasite"],"special_seed":0,"relics":["Velvet Choker","War Paint","Lantern","Art of War","Molten Egg 2","Astrolabe","Question Card","Bottled Flame","Orichalcum","Centennial Puzzle","Cursed Key","Pen Nib","Red Mask","Meat on the Bone","Old Coin","Shuriken","Ginger","Kunai","Torii"],"potions_floor_usage":[45,50,50,55,55],"damage_taken":[{"damage":0.0,"enemies":"Cultist","floor":1.0,"turns":3.0},{"damage":1.0,"enemies":"Small Slimes","floor":2.0,"turns":4.0},{"damage":2.0,"enemies":"Jaw Worm","floor":4.0,"turns":5.0},{"damage":10.0,"enemies":"Lagavulin","floor":7.0,"turns":5.0},{"damage":6.0,"enemies":"Looter","floor":10.0,"turns":2.0},{"damage":4.0,"enemies":"3 Louse","floor":12.0,"turns":4.0},{"damage":19.0,"enemies":"Gremlin Nob","floor":13.0,"turns":4.0},{"damage":1.0,"enemies":"Lots of Slimes","floor":14.0,"turns":3.0},{"damage":12.0,"enemies":"The Guardian","floor":16.0,"turns":7.0},{"damage":7.0,"enemies":"Chosen","floor":18.0,"turns":3.0},{"damage":3.0,"enemies":"Spheric Guardian","floor":19.0,"turns":3.0},{"damage":12.0,"enemies":"Book of Stabbing","floor":23.0,"turns":5.0},{"damage":26.0,"enemies":"Gremlin Leader","floor":25.0,"turns":7.0},{"damage":40.0,"enemies":"Book of Stabbing","floor":27.0,"turns":7.0},{"damage":1.0,"enemies":"3 Cultists","floor":28.0,"turns":5.0},{"damage":2.0,"enemies":"Centurion and Healer","floor":30.0,"turns":4.0},{"damage":25.0,"enemies":"Champ","floor":33.0,"turns":10.0},{"damage":0.0,"enemies":"Orb Walker","floor":35.0,"turns":4.0},{"damage":0.0,"enemies":"3 Darklings","floor":37.0,"turns":6.0},{"damage":2.0,"enemies":"Spire Growth","floor":39.0,"turns":5.0},{"damage":21,"enemies":"Reptomancer","floor":40,"turns":7},{"damage":0,"enemies":"Mind Bloom Boss Battle","floor":41,"turns":7},{"damage":50,"enemies":"Nemesis","floor":45,"turns":9},{"damage":0,"enemies":"Sphere and 2 Shapes","floor":46,"turns":3},{"damage":0,"enemies":"Maw","floor":47,"turns":6},{"damage":57,"enemies":"Time Eater","floor":50,"turns":11},{"damage":47,"enemies":"Shield and Spear","floor":54,"turns":8},{"damage":38,"enemies":"The Heart","floor":55,"turns":8}],"seed_played":"2241252411974317075","potions_obtained":[{"floor":4.0,"key":"SteroidPotion"},{"floor":10.0,"key":"SpeedPotion"},{"floor":16.0,"key":"EssenceOfSteel"},{"floor":23.0,"key":"SteroidPotion"},{"floor":27.0,"key":"FocusPotion"},{"floor":28.0,"key":"LiquidBronze"},{"floor":33.0,"key":"LiquidBronze"},{"floor":39.0,"key":"Swift Potion"},{"floor":45,"key":"Dexterity Potion"}],"is_trial":false,"path_per_floor":["M","M","?","M","$","R","E","?","T","M","R","M","E","M","R","B",null,"M","M","$","?","?","E","R","E","T","E","M","?","M","$","R","B",null,"M","$","M","?","M","E","?","R","T","?","E","M","M","T","R","B",null,"R","$","E","B"],"character_chosen":"DEFECT","items_purchased":["Mayhem","Sunder+1","Flash of Steel+1","Hologram","Pen Nib","PowerPotion","Kunai","Strength Potion","SkillPotion"],"campfire_rested":4,"item_purchase_floors":[5,20,20,20,36,36,53,53,53],"current_hp_per_floor":[64,63,63,61,61,61,51,46,46,40,61,57,38,37,37,25,60,53,57,57,57,57,45,66,47,47,14,13,13,18,18,39,21,59,66,66,71,71,71,57,64,64,64,59,28,47,54,54,71,33,62,62,62,34,0],"gold":50,"neow_bonus":"BOSS_RELIC","is_prod":false,"is_daily":false,"chose_seed":false,"campfire_upgraded":3,"win_rate":0,"timestamp":1564259379,"path_taken":["M","M","?","M","$","R","E","?","T","M","R","M","E","M","R","BOSS","M","M","$","?","?","E","R","E","T","E","M","?","M","$","R","BOSS","M","$","?","?","M","E","?","R","T","?","E","M","M","?","R","BOSS","R","$","E","BOSS"],"build_version":"2019-07-17","purchased_purges":2,"victory":false,"max_hp_per_floor":[71,71,71,71,71,71,71,71,71,71,71,71,71,71,71,71,71,71,71,71,71,71,71,71,71,71,71,71,71,71,71,71,71,71,71,71,71,71,71,71,71,71,71,71,71,71,71,71,71,71,71,71,71,71,71],"card_choices":[{"not_picked":["Stack","Go for the Eyes"],"picked":"Beam Cell","floor":1.0},{"not_picked":["Compile Driver","Gash"],"picked":"Leap","floor":2.0},{"not_picked":["Go for the Eyes","Hologram"],"picked":"Rip and Tear","floor":4.0},{"not_picked":["Auto Shields","Redo"],"picked":"Rainbow","floor":7.0},{"not_picked":["Redo","Go for the Eyes"],"picked":"Melter","floor":10.0},{"not_picked":["Recycle","Steam Power"],"picked":"Skim","floor":12.0},{"not_picked":["Recycle","Storm"],"picked":"Streamline","floor":13.0},{"not_picked":["Turbo","Steam Power"],"picked":"Streamline+1","floor":14.0},{"not_picked":["Thunder Strike+1","Seek"],"picked":"Core Surge+1","floor":16.0},{"not_picked":["Redo","Melter+1"],"picked":"Self Repair","floor":18.0},{"not_picked":["Reprogram","Static Discharge"],"picked":"Ball Lightning+1","floor":19.0},{"not_picked":["Conserve Battery","Hologram"],"picked":"Go for the Eyes+1","floor":23.0},{"not_picked":["Fusion","Steam","Barrage+1"],"picked":"Stack","floor":25.0},{"not_picked":["Double Energy","Creative AI","Stack"],"picked":"Sweeping Beam+1","floor":27.0},{"not_picked":["BootSequence","Glacier","Static Discharge"],"picked":"FTL+1","floor":28.0},{"not_picked":["Auto Shields","Reinforced Body","Cold Snap+1"],"picked":"Hologram+1","floor":30.0},{"not_picked":["Core Surge+1","Rainbow","Machine Learning"],"picked":"Buffer","floor":33.0},{"not_picked":["Stack","Storm","Undo"],"picked":"Reinforced Body+1","floor":35.0},{"not_picked":["Double Energy","Steam","Tempest"],"picked":"Ball Lightning+1","floor":37.0},{"not_picked":["Hello World","Streamline+1","Ball Lightning+1","Auto Shields"],"picked":"SKIP","floor":39.0},{"not_picked":["Gash+1","Tempest","Auto Shields","Double Energy"],"picked":"SKIP","floor":40},{"not_picked":["Auto Shields","Go for the Eyes+1","Leap"],"picked":"Steam+1","floor":41},{"not_picked":["PanicButton","Purity","Madness"],"picked":"Mayhem","floor":44},{"not_picked":["Aggregate","Sunder+1","Steam+1"],"picked":"Compile Driver+1","floor":45},{"not_picked":["Turbo+1","Reinforced Body","Gash+1","Barrage+1"],"picked":"SKIP","floor":46},{"not_picked":["Gash+1","Capacitor","Force Field+1"],"picked":"Hologram+1","floor":47},{"not_picked":["Static Discharge","Coolheaded","Double Energy","Turbo+1"],"picked":"SKIP","floor":54}],"player_experience":309231,"relics_obtained":[{"floor":7.0,"key":"War Paint"},{"floor":9.0,"key":"Art of War"},{"floor":13.0,"key":"Molten Egg 2"},{"floor":23.0,"key":"Question Card"},{"floor":25.0,"key":"Bottled Flame"},{"floor":26.0,"key":"Orichalcum"},{"floor":27.0,"key":"Centennial Puzzle"},{"floor":40,"key":"Meat on the Bone"},{"floor":41,"key":"Old Coin"},{"floor":45,"key":"Shuriken"},{"floor":48,"key":"Ginger"},{"floor":54,"key":"Torii"}],"event_choices":[{"damage_healed":0.0,"max_hp_gain":0.0,"max_hp_loss":0.0,"gold_gain":150.0,"event_name":"Liars Game","player_choice":"AGREE","floor":3.0,"gold_loss":0.0,"damage_taken":0.0,"cards_obtained":["Doubt"]},{"damage_healed":0.0,"max_hp_gain":0.0,"max_hp_loss":0.0,"gold_gain":0.0,"event_name":"Scrap Ooze","player_choice":"Success","floor":8.0,"gold_loss":0.0,"damage_taken":5.0,"relics_obtained":["Lantern"]},{"damage_healed":0.0,"max_hp_gain":0.0,"max_hp_loss":0.0,"gold_gain":0.0,"event_name":"Vampires","player_choice":"Ignored","floor":21.0,"gold_loss":0.0,"damage_taken":0.0},{"damage_healed":0.0,"max_hp_gain":0.0,"max_hp_loss":0.0,"gold_gain":0.0,"event_name":"The Library","player_choice":"Read","floor":22.0,"gold_loss":0.0,"damage_taken":0.0,"cards_obtained":["Reinforced Body"]},{"damage_healed":0.0,"max_hp_gain":0.0,"max_hp_loss":0.0,"gold_gain":0.0,"cards_transformed":["Strike_B"],"event_name":"Transmorgrifier","player_choice":"Transformed","floor":29.0,"gold_loss":0.0,"damage_taken":0.0,"cards_obtained":["Steam"]},{"damage_healed":0.0,"max_hp_gain":0.0,"max_hp_loss":0.0,"gold_gain":0.0,"event_name":"Tomb of Lord Red Mask","player_choice":"Paid","floor":38.0,"gold_loss":45.0,"damage_taken":0.0,"relics_obtained":["Red Mask"]},{"damage_healed":0,"gold_gain":0,"player_choice":"Fight","damage_taken":0,"max_hp_gain":0,"max_hp_loss":0,"event_name":"MindBloom","floor":41,"gold_loss":0},{"damage_healed":0,"gold_gain":0,"player_choice":"Memory 2","damage_taken":5,"max_hp_gain":0,"max_hp_loss":0,"event_name":"SensoryStone","floor":44,"gold_loss":0}],"is_beta":false,"boss_relics":[{"not_picked":["Runic Pyramid","Ectoplasm"],"picked":"Astrolabe"},{"not_picked":["Nuclear Battery","Coffee Dripper"],"picked":"Cursed Key"}],"items_purged_floors":[5,53],"is_endless":false,"potions_floor_spawned":[4,10,16,19,23,27,28,33,39,41,45,54],"killed_by":"The Heart","ascension_level":17}