{"gold_per_floor":[118,118,130,230,247,274,284,284,334,49,49,81,81,95,95,191,191,209,209,124,14,33,33,53,53,80,98,112,211,221,18,18,116,116,128,148,248,248,37,37,37,53,53,53,65,65,65,80,80,80],"floor_reached":51,"playtime":4828,"items_purged":[],"score":875,"play_id":"72d34618-8381-43ba-b842-b299d25d04e4","local_time":"20190824193813","is_ascension_mode":true,"campfire_choices":[{"data":"Metallicize","floor":8.0,"key":"SMITH"},{"data":"Corruption","floor":11.0,"key":"SMITH"},{"floor":13.0,"key":"REST"},{"data":"Feel No Pain","floor":15.0,"key":"SMITH"},{"floor":23.0,"key":"REST"},{"floor":25.0,"key":"REST"},{"data":"Rampage","floor":32.0,"key":"SMITH"},{"data":"Dark Embrace","floor":40.0,"key":"SMITH"},{"floor":44.0,"key":"REST"},{"floor":46.0,"key":"REST"},{"floor":49,"key":"REST"}],"neow_cost":"NONE","seed_source_timestamp":419957386111500,"circlet_count":0,"master_deck":["Strike_R","Defend_R","Defend_R","Defend_R","Bash","Iron Wave","Corruption+1","Metallicize+1","Cleave","Spot Weakness","Sword Boomerang","Feel No Pain+1","True Grit","Shockwave","Impervious","Exhume","Seeing Red+1","Rampage+1","Bloodletting+1","PanicButton","Warcry","Feel No Pain+1","Disarm","Disarm","Dual Wield+1","Discovery","Metallicize","Rampage+1","Exhume","Warcry","Burning Pact","Shrug It Off+1","Exhume","Dark Embrace+1","True Grit+1","Impervious","Seeing Red"],"special_seed":0,"relics":["Burning Blood","NeowsBlessing","Shuriken","Strange Spoon","Pen Nib","Astrolabe","Pantograph","Anchor","Lizard Tail","Du-Vu Doll","Darkstone Periapt"],"potions_floor_usage":[48],"damage_taken":[{"damage":0.0,"enemies":"2 Louse","floor":1.0,"turns":1.0},{"damage":0.0,"enemies":"Small Slimes","floor":3.0,"turns":1.0},{"damage":0.0,"enemies":"Cultist","floor":5.0,"turns":1.0},{"damage":38.0,"enemies":"3 Sentries","floor":6.0,"turns":9.0},{"damage":11.0,"enemies":"Blue Slaver","floor":7.0,"turns":4.0},{"damage":38.0,"enemies":"Gremlin Nob","floor":12.0,"turns":5.0},{"damage":8.0,"enemies":"3 Louse","floor":14.0,"turns":2.0},{"damage":26.0,"enemies":"Hexaghost","floor":16.0,"turns":11.0},{"damage":25.0,"enemies":"Spheric Guardian","floor":18.0,"turns":6.0},{"damage":18.0,"enemies":"3 Byrds","floor":22.0,"turns":6.0},{"damage":19.0,"enemies":"Snake Plant","floor":24.0,"turns":7.0},{"damage":31.0,"enemies":"3 Cultists","floor":27.0,"turns":8.0},{"damage":10.0,"enemies":"Centurion and Healer","floor":28.0,"turns":7.0},{"damage":0.0,"enemies":"Snecko","floor":30.0,"turns":7.0},{"damage":13.0,"enemies":"Automaton","floor":33.0,"turns":10.0},{"damage":49.0,"enemies":"3 Darklings","floor":35.0,"turns":7.0},{"damage":29.0,"enemies":"Orb Walker","floor":36.0,"turns":6.0},{"damage":20.0,"enemies":"Mind Bloom Boss Battle","floor":37.0,"turns":12.0},{"damage":43.0,"enemies":"Sphere and 2 Shapes","floor":42.0,"turns":8.0},{"damage":22.0,"enemies":"Maw","floor":45.0,"turns":10.0},{"damage":27,"enemies":"4 Shapes","floor":48,"turns":5},{"damage":37,"enemies":"Donu and Deca","floor":50,"turns":12}],"seed_played":"-3334037138923204905","potions_obtained":[{"floor":1.0,"key":"SkillPotion"},{"floor":3.0,"key":"Energy Potion"},{"floor":5.0,"key":"Energy Potion"},{"floor":14.0,"key":"EssenceOfSteel"},{"floor":27.0,"key":"SpeedPotion"},{"floor":28.0,"key":"BloodPotion"},{"floor":36.0,"key":"Dexterity Potion"},{"floor":45.0,"key":"PowerPotion"}],"is_trial":false,"path_per_floor":["M","?","M","?","M","E","M","R","T","$","R","E","R","M","R","B",null,"M","?","?","$","M","R","M","R","T","M","M","?","M","$","R","B",null,"M","M","?","?","$","R","?","M","T","R","M","R","?","M","R","B",null],"character_chosen":"IRONCLAD","items_purchased":["Strange Spoon","Feel No Pain","True Grit","PanicButton","Warcry","Discovery","Metallicize","Rampage","Exhume","Dark Embrace"],"campfire_rested":6,"item_purchase_floors":[10,10,10,21,21,31,31,31,39,39],"current_hp_per_floor":[78,78,80,80,80,48,43,43,43,43,43,11,35,33,33,13,63,44,29,29,29,17,42,29,54,54,29,25,25,52,52,52,70,81,38,15,26,47,47,47,47,10,10,35,19,44,44,23,48,42],"gold":80,"neow_bonus":"THREE_ENEMY_KILL","is_prod":false,"is_daily":false,"chose_seed":false,"campfire_upgraded":5,"win_rate":0,"timestamp":1566700693,"path_taken":["M","?","M","?","M","E","M","R","T","$","R","E","R","?","R","BOSS","M","?","?","?","M","R","M","R","T","M","M","?","M","?","R","BOSS","M","M","?","?","$","R","?","?","T","R","M","R","?","?","R","BOSS"],"build_version":"2019-07-17","purchased_purges":0,"victory":true,"max_hp_per_floor":[80,80,80,80,80,80,80,80,80,80,80,80,80,80,80,80,80,80,85,85,85,85,85,85,85,85,85,85,85,85,85,85,85,85,85,85,85,85,85,85,85,85,85,85,85,85,85,85,85,85],"card_choices":[{"not_picked":["Entrench","Thunderclap"],"picked":"Iron Wave","floor":1.0},{"not_picked":["Clothesline","Rupture"],"picked":"Metallicize","floor":3.0},{"not_picked":["Inflame","Armaments"],"picked":"Cleave","floor":5.0},{"not_picked":["Shockwave","Iron Wave"],"picked":"Spot Weakness","floor":6.0},{"not_picked":["Whirlwind","Wild Strike"],"picked":"Sword Boomerang","floor":7.0},{"not_picked":["Clash","Fire Breathing"],"picked":"Shockwave","floor":12.0},{"not_picked":["Metallicize","Perfected Strike"],"picked":"Impervious","floor":14.0},{"not_picked":["Demon Form","Bludgeon"],"picked":"Exhume","floor":16.0},{"not_picked":["Clash","Thunderclap","Rampage"],"picked":"SKIP","floor":18.0},{"not_picked":["Flex","Body Slam+1"],"picked":"Feel No Pain+1","floor":22.0},{"not_picked":["Wild Strike","Sword Boomerang"],"picked":"Disarm","floor":24.0},{"not_picked":["Combust","Pommel Strike"],"picked":"Disarm","floor":27.0},{"not_picked":["Disarm","Perfected Strike"],"picked":"Dual Wield+1","floor":28.0},{"not_picked":["Cleave+1","Body Slam","Havoc+1"],"picked":"SKIP","floor":30.0},{"not_picked":["Double Tap","Limit Break"],"picked":"Exhume","floor":33.0},{"not_picked":["Sentinel","Heavy Blade+1"],"picked":"Warcry","floor":35.0},{"not_picked":["Searing Blow","Heavy Blade+1"],"picked":"Burning Pact","floor":36.0},{"not_picked":["Wild Strike+1","Warcry"],"picked":"Shrug It Off+1","floor":37.0},{"not_picked":["Heavy Blade+1","Uppercut+1"],"picked":"True Grit+1","floor":42.0},{"not_picked":["Twin Strike","Headbutt+1"],"picked":"Impervious","floor":45.0},{"not_picked":["Cleave","Pommel Strike+1"],"picked":"Seeing Red","floor":48}],"player_experience":149419,"relics_obtained":[{"floor":6.0,"key":"Shuriken"},{"floor":12.0,"key":"Pen Nib"},{"floor":26.0,"key":"Anchor"},{"floor":37.0,"key":"Du-Vu Doll"},{"floor":43.0,"key":"Darkstone Periapt"}],"event_choices":[{"damage_healed":0.0,"max_hp_gain":0.0,"max_hp_loss":0.0,"gold_gain":0.0,"cards_transformed":["Defend_R"],"event_name":"Living Wall","player_choice":"Change","floor":2.0,"gold_loss":0.0,"damage_taken":0.0,"cards_obtained":["Corruption"]},{"damage_healed":0.0,"max_hp_gain":0.0,"max_hp_loss":0.0,"gold_gain":100.0,"event_name":"Golden Shrine","player_choice":"Pray","floor":4.0,"gold_loss":0.0,"damage_taken":0.0},{"damage_healed":0.0,"max_hp_gain":5.0,"max_hp_loss":0.0,"gold_gain":0.0,"event_name":"Forgotten Altar","player_choice":"Shed Blood","floor":19.0,"gold_loss":0.0,"damage_taken":20.0},{"damage_healed":0.0,"max_hp_gain":0.0,"max_hp_loss":0.0,"gold_gain":0.0,"event_name":"Addict","player_choice":"Obtained Relic","floor":20.0,"gold_loss":85.0,"damage_taken":0.0,"relics_obtained":["Pantograph"]},{"damage_healed":0.0,"max_hp_gain":0.0,"max_hp_loss":0.0,"gold_gain":99.0,"event_name":"Nest","player_choice":"Stole From Cult","floor":29.0,"gold_loss":0.0,"damage_taken":0.0},{"damage_healed":0.0,"max_hp_gain":0.0,"max_hp_loss":0.0,"gold_gain":0.0,"event_name":"MindBloom","player_choice":"Fight","floor":37.0,"gold_loss":0.0,"damage_taken":0.0},{"damage_healed":21.0,"max_hp_gain":0.0,"max_hp_loss":0.0,"gold_gain":0.0,"event_name":"Winding Halls","player_choice":"Writhe","floor":38.0,"gold_loss":0.0,"damage_taken":0.0,"cards_obtained":["Writhe"]},{"cards_removed":["Writhe"],"damage_healed":0.0,"max_hp_gain":0.0,"max_hp_loss":0.0,"gold_gain":0.0,"event_name":"Fountain of Cleansing","player_choice":"Removed Curses","floor":41.0,"gold_loss":0.0,"damage_taken":0.0},{"cards_removed":["Strike_R"],"damage_healed":0.0,"max_hp_gain":0.0,"max_hp_loss":0.0,"gold_gain":0.0,"event_name":"Purifier","player_choice":"Purged","floor":47.0,"gold_loss":0.0,"damage_taken":0.0}],"is_beta":false,"boss_relics":[{"not_picked":["Velvet Choker","Calling Bell"],"picked":"Astrolabe"},{"not_picked":["Sozu","Eternal Feather"],"picked":"Lizard Tail"}],"items_purged_floors":[],"is_endless":false,"potions_floor_spawned":[1,3,5,14,27,28,36,45],"ascension_level":8}