{"gold_per_floor":[110,110,110,175,185,185,195,195,248,298,317,40,137,147,147,249,249,266,316,159,209,277,277,277],"floor_reached":24,"playtime":1248,"items_purged":[],"score":233,"play_id":"2767b886-3b2d-4b81-9c1e-54f2b4fd047b","local_time":"20190227203123","is_ascension_mode":true,"campfire_choices":[{"floor":6,"key":"RECALL"},{"data":"Bouncing Flask","floor":8,"key":"SMITH"},{"data":"Footwork","floor":15,"key":"SMITH"},{"floor":23,"key":"REST"}],"neow_cost":"NONE","seed_source_timestamp":471065683979456,"circlet_count":0,"master_deck":["Defend_G","Defend_G","Defend_G","Defend_G","Defend_G","Strike_G","Strike_G","Strike_G","Strike_G","Strike_G","Survivor","Neutralize","Bouncing Flask+1","Blur","Slice","Slice","Footwork+1","Escape Plan","Apotheosis","Neutralize","Finesse","Setup"],"relics":["Lizard Tail","SsserpentHead","Tiny Chest","PrismaticShard","Cursed Key","Oddly Smooth Stone"],"potions_floor_usage":[7,22,24],"damage_taken":[{"damage":0,"enemies":"Small Slimes","floor":1,"turns":4},{"damage":1,"enemies":"Cultist","floor":4,"turns":3},{"damage":0,"enemies":"2 Louse","floor":5,"turns":3},{"damage":9,"enemies":"Exordium Thugs","floor":7,"turns":5},{"damage":4,"enemies":"Blue Slaver","floor":11,"turns":3},{"damage":9,"enemies":"Large Slime","floor":14,"turns":6},{"damage":28,"enemies":"Hexaghost","floor":16,"turns":10},{"damage":2,"enemies":"Shell Parasite","floor":18,"turns":6},{"damage":14,"enemies":"3 Byrds","floor":22,"turns":6},{"damage":124,"enemies":"Gremlin Leader","floor":24,"turns":13}],"seed_played":"-5449443556740099146","potions_obtained":[{"floor":4,"key":"Poison Potion"},{"floor":5,"key":"Ancient Potion"},{"floor":11,"key":"Dexterity Potion"},{"floor":18,"key":"Poison Potion"},{"floor":22,"key":"Energy Potion"}],"is_trial":false,"path_per_floor":["M","?","$","M","M","R","M","R","T","?","M","$","T","M","R","B",null,"M","?","$","?","M","R","E"],"character_chosen":"THE_SILENT","items_purchased":["PrismaticShard","Footwork","Oddly Smooth Stone"],"campfire_rested":1,"item_purchase_floors":[12,12,20],"current_hp_per_floor":[70,70,70,69,69,69,60,60,60,70,66,66,66,57,57,29,60,58,58,58,58,44,65,0],"gold":277,"neow_bonus":"BOSS_RELIC","is_prod":false,"is_daily":false,"chose_seed":false,"campfire_upgraded":2,"win_rate":0,"timestamp":1551295883,"path_taken":["M","?","$","?","M","R","M","R","T","?","M","$","?","M","R","BOSS","M","?","$","?","?","R","E"],"build_version":"2019-01-23","purchased_purges":0,"victory":false,"max_hp_per_floor":[70,70,70,70,70,70,70,70,70,70,70,70,70,70,70,70,70,70,70,70,70,70,70,70],"card_choices":[{"not_picked":["Deadly Poison","Dash"],"picked":"Bouncing Flask","floor":1},{"not_picked":["Eviscerate","Predator"],"picked":"Blur","floor":4},{"not_picked":["Flying Knee","Skewer"],"picked":"Slice","floor":5},{"not_picked":["Deflect","Calculated Gamble"],"picked":"Escape Plan","floor":7},{"not_picked":["Bane","Terror"],"picked":"Slice","floor":11},{"not_picked":["Sever Soul","Beam Cell"],"picked":"Escape Plan","floor":14},{"not_picked":["Immolate","Core Surge"],"picked":"Apotheosis","floor":16},{"not_picked":["Rebound","Quick Slash","Heavy Blade+1"],"picked":"SKIP","floor":18},{"not_picked":["Blade Dance","Headbutt"],"picked":"Setup","floor":22}],"player_experience":343320,"relics_obtained":[{"floor":9,"key":"Tiny Chest"}],"event_choices":[{"damage_healed":0,"gold_gain":0,"player_choice":"Trade","damage_taken":0,"relics_obtained":["SsserpentHead"],"max_hp_gain":0,"max_hp_loss":0,"event_name":"FaceTrader","floor":2,"gold_loss":0},{"cards_removed":["Escape Plan"],"damage_healed":10,"gold_gain":0,"player_choice":"Offered Uncommon","damage_taken":0,"max_hp_gain":0,"max_hp_loss":0,"event_name":"Bonfire Elementals","floor":10,"gold_loss":0},{"damage_healed":0,"gold_gain":0,"player_choice":"Ignored","damage_taken":0,"max_hp_gain":0,"max_hp_loss":0,"event_name":"Ghosts","floor":19,"gold_loss":0},{"damage_healed":0,"gold_gain":0,"player_choice":"2 cards matched","damage_taken":0,"max_hp_gain":0,"max_hp_loss":0,"event_name":"Match and Keep!","floor":21,"gold_loss":0,"cards_obtained":["Neutralize","Finesse"]}],"is_beta":false,"boss_relics":[{"not_picked":["Calling Bell","Pandora\u0027s Box"],"picked":"Cursed Key"}],"items_purged_floors":[],"is_endless":false,"potions_floor_spawned":[4,5,11,18,22],"killed_by":"Gremlin Leader","ascension_level":5}