{"gold_per_floor":[109,125,90,90,106,132,132,146,192,226,226,226,247,265,265,388,388,406,21,21,42,242,242,285,285,335,359,382,0,0,0,0,128,128,151,174,174,193,41,41,41,41,91,126,13,36,61,84,84,84],"floor_reached":50,"playtime":3090,"items_purged":["Injury","Normality","Shame"],"score":858,"play_id":"67bb4cda-ec78-403a-9959-b03013ab8179","local_time":"20190826221257","is_ascension_mode":true,"campfire_choices":[{"data":"Immolate","floor":7,"key":"SMITH"},{"data":"Flame Barrier","floor":15,"key":"SMITH"},{"data":"Perfected Strike","floor":23,"key":"SMITH"},{"floor":25,"key":"REST"},{"floor":32,"key":"REST"},{"data":"Barricade","floor":40,"key":"SMITH"},{"data":"Clothesline","floor":42,"key":"SMITH"},{"floor":49,"key":"REST"}],"neow_cost":"PERCENT_DAMAGE","seed_source_timestamp":604200620613700,"circlet_count":0,"master_deck":["AscendersBane","Defend_R","Defend_R","Bash","Immolate+1","Wild Strike","Shrug It Off","Flame Barrier+1","Perfected Strike+1","Disarm","Pommel Strike","Feed","Armaments+1","Blood for Blood","Spot Weakness+1","Power Through+1","Pommel Strike+1","Bite","Bite","Bite","Bite","Bite","Barricade+1","Clothesline+1","Feed","Headbutt+1","Madness+1","Madness+1","Parasite","Shrug It Off+1","Shrug It Off+1","Regret","Wild Strike+1"],"relics":["Burning Blood","Darkstone Periapt","Lantern","Vajra","Bag of Preparation","Golden Idol","Cursed Key","Toxic Egg 2","Orichalcum","Ornamental Fan","Happy Flower","Busted Crown","MawBank"],"potions_floor_usage":[6,16,21,33,47,50],"damage_taken":[{"damage":4,"enemies":"Jaw Worm","floor":1,"turns":4},{"damage":0,"enemies":"Small Slimes","floor":2,"turns":3},{"damage":3,"enemies":"Cultist","floor":5,"turns":3},{"damage":25,"enemies":"3 Sentries","floor":6,"turns":6},{"damage":3,"enemies":"Large Slime","floor":8,"turns":4},{"damage":25,"enemies":"Lagavulin","floor":10,"turns":6},{"damage":0,"enemies":"2 Fungi Beasts","floor":13,"turns":3},{"damage":2,"enemies":"Red Slaver","floor":14,"turns":2},{"damage":72,"enemies":"Hexaghost","floor":16,"turns":10},{"damage":22,"enemies":"3 Byrds","floor":18,"turns":5},{"damage":4,"enemies":"Shell Parasite","floor":21,"turns":3},{"damage":42,"enemies":"Book of Stabbing","floor":24,"turns":5},{"damage":10,"enemies":"Snecko","floor":27,"turns":3},{"damage":20,"enemies":"Snake Plant","floor":28,"turns":3},{"damage":57,"enemies":"Champ","floor":33,"turns":11},{"damage":19,"enemies":"3 Shapes","floor":35,"turns":4},{"damage":9,"enemies":"Orb Walker","floor":36,"turns":3},{"damage":11,"enemies":"Writhing Mass","floor":38,"turns":7},{"damage":23,"enemies":"4 Shapes","floor":44,"turns":2},{"damage":10,"enemies":"Maw","floor":46,"turns":8},{"damage":1,"enemies":"Sphere and 2 Shapes","floor":47,"turns":4},{"damage":23,"enemies":"Jaw Worm Horde","floor":48,"turns":3},{"damage":112,"enemies":"Donu and Deca","floor":50,"turns":7}],"seed_played":"7108471801095842319","potions_obtained":[{"floor":2,"key":"FairyPotion"},{"floor":5,"key":"AttackPotion"},{"floor":6,"key":"Strength Potion"},{"floor":16,"key":"AttackPotion"},{"floor":24,"key":"Fire Potion"},{"floor":27,"key":"FearPotion"},{"floor":36,"key":"FearPotion"},{"floor":47,"key":"Explosive Potion"}],"is_trial":false,"path_per_floor":["M","M","?","?","M","E","R","M","T","E","?","?","M","M","R","B",null,"M","$","?","M","?","R","E","R","T","M","M","?","?","?","R","B",null,"M","M","?","M","$","R","?","R","T","M","$","M","M","M","R","B"],"character_chosen":"IRONCLAD","items_purchased":["Toxic Egg 2","Armaments+1","Shrug It Off+1"],"campfire_rested":3,"item_purchase_floors":[19,19,39],"current_hp_per_floor":[53,59,79,85,86,67,67,70,70,51,57,57,63,67,67,12,72,59,59,65,71,71,71,35,66,72,68,54,54,54,54,77,48,70,64,65,55,68,68,68,68,68,74,64,64,77,92,78,98,0],"gold":84,"neow_bonus":"THREE_RARE_CARDS","is_prod":false,"is_daily":false,"chose_seed":false,"campfire_upgraded":5,"win_rate":0,"timestamp":1566882777,"path_taken":["M","M","?","?","M","E","R","M","T","E","?","?","?","M","R","BOSS","M","$","?","M","?","R","E","R","T","M","?","?","?","?","R","BOSS","M","M","?","M","$","R","?","R","T","?","?","M","M","M","R","BOSS"],"build_version":"2019-07-17","purchased_purges":3,"victory":false,"max_hp_per_floor":[80,80,80,86,86,86,86,86,86,86,92,92,92,92,92,92,92,95,95,101,105,105,105,105,105,111,111,111,111,77,77,77,77,77,77,77,77,83,83,83,83,83,89,92,92,95,98,98,98,98],"card_choices":[{"not_picked":["Barricade","Reaper"],"picked":"Immolate","floor":0},{"not_picked":["Clash","Carnage"],"picked":"Wild Strike","floor":1},{"not_picked":["Corruption","Wild Strike"],"picked":"Shrug It Off","floor":2},{"not_picked":["Body Slam","Flex","Twin Strike"],"picked":"SKIP","floor":5},{"not_picked":["Wild Strike","Burning Pact"],"picked":"Flame Barrier","floor":6},{"not_picked":["True Grit","Intimidate"],"picked":"Perfected Strike","floor":8},{"not_picked":["Whirlwind","Sword Boomerang"],"picked":"Disarm","floor":10},{"not_picked":["Heavy Blade","Iron Wave","Rampage"],"picked":"SKIP","floor":13},{"not_picked":["Fire Breathing","Spot Weakness"],"picked":"Pommel Strike","floor":14},{"not_picked":["Brutality","Impervious"],"picked":"Feed","floor":16},{"not_picked":["Cleave","Feel No Pain","Pummel"],"picked":"SKIP","floor":18},{"not_picked":["Body Slam+1","Heavy Blade"],"picked":"Blood for Blood","floor":21},{"not_picked":["Inflame","Fire Breathing"],"picked":"Spot Weakness+1","floor":24},{"not_picked":["Heavy Blade","Warcry+1"],"picked":"Power Through+1","floor":27},{"not_picked":["Iron Wave","Headbutt"],"picked":"Pommel Strike+1","floor":28},{"not_picked":["Demon Form","Dark Embrace"],"picked":"Feed","floor":33},{"not_picked":["Wild Strike"],"picked":"SKIP","floor":35},{"not_picked":[],"picked":"Headbutt+1","floor":36},{"not_picked":["Clash"],"picked":"SKIP","floor":38},{"not_picked":["Intimidate+1"],"picked":"SKIP","floor":44},{"not_picked":["Armaments+1"],"picked":"SKIP","floor":46},{"not_picked":["Heavy Blade"],"picked":"SKIP","floor":47},{"not_picked":[],"picked":"Wild Strike+1","floor":48}],"player_experience":219726,"relics_obtained":[{"floor":6,"key":"Lantern"},{"floor":9,"key":"Vajra"},{"floor":10,"key":"Bag of Preparation"},{"floor":24,"key":"Ornamental Fan"},{"floor":26,"key":"Happy Flower"},{"floor":43,"key":"MawBank"}],"event_choices":[{"damage_healed":20,"gold_gain":0,"player_choice":"Healed","damage_taken":0,"max_hp_gain":0,"max_hp_loss":0,"event_name":"The Cleric","floor":3,"gold_loss":35},{"damage_healed":0,"gold_gain":0,"player_choice":"Box","damage_taken":0,"relics_obtained":["Darkstone Periapt"],"max_hp_gain":0,"max_hp_loss":0,"event_name":"Big Fish","floor":4,"gold_loss":0,"cards_obtained":["Regret"]},{"damage_healed":0,"gold_gain":0,"player_choice":"Take Wound","damage_taken":0,"relics_obtained":["Golden Idol"],"max_hp_gain":0,"max_hp_loss":0,"event_name":"Golden Idol","floor":11,"gold_loss":0,"cards_obtained":["Injury"]},{"cards_removed":["Regret"],"damage_healed":0,"gold_gain":0,"player_choice":"Card Removal","damage_taken":0,"max_hp_gain":0,"max_hp_loss":0,"event_name":"Wheel of Change","floor":12,"gold_loss":0},{"damage_healed":0,"gold_gain":0,"player_choice":"Stole Relic","damage_taken":0,"relics_obtained":["Orichalcum"],"max_hp_gain":0,"max_hp_loss":0,"event_name":"Addict","floor":20,"gold_loss":0,"cards_obtained":["Shame"]},{"damage_healed":0,"gold_gain":200,"player_choice":"Gold","damage_taken":0,"max_hp_gain":0,"max_hp_loss":0,"event_name":"Wheel of Change","floor":22,"gold_loss":0},{"damage_healed":0,"gold_gain":0,"player_choice":"Paid Fearfully","damage_taken":0,"max_hp_gain":0,"max_hp_loss":0,"event_name":"Masked Bandits","floor":29,"gold_loss":382},{"damage_healed":0,"gold_gain":0,"player_choice":"Became a vampire","damage_taken":0,"max_hp_gain":0,"max_hp_loss":34,"event_name":"Vampires","floor":30,"gold_loss":0,"cards_obtained":["Bite","Bite","Bite","Bite","Bite"]},{"damage_healed":0,"gold_gain":0,"cards_transformed":["Defend_R","Defend_R"],"player_choice":"Became Test Subject","damage_taken":0,"max_hp_gain":0,"max_hp_loss":0,"event_name":"Drug Dealer","floor":31,"gold_loss":0,"cards_obtained":["Barricade","Clothesline"]},{"damage_healed":0,"gold_gain":0,"player_choice":"Embrace Madness","damage_taken":10,"max_hp_gain":0,"max_hp_loss":0,"event_name":"Winding Halls","floor":37,"gold_loss":0,"cards_obtained":["Madness","Madness"]},{"damage_healed":0,"gold_gain":0,"player_choice":"Copied","damage_taken":0,"max_hp_gain":0,"max_hp_loss":0,"event_name":"Duplicator","floor":41,"gold_loss":0,"cards_obtained":["Shrug It Off"]}],"is_beta":false,"boss_relics":[{"not_picked":["Mark of Pain","Runic Dome"],"picked":"Cursed Key"},{"not_picked":["Calling Bell","Pandora\u0027s Box"],"picked":"Busted Crown"}],"items_purged_floors":[19,39,45],"is_endless":false,"potions_floor_spawned":[2,5,6,13,16,24,27,36,47,48],"killed_by":"Donu and Deca","ascension_level":12}