{"path_per_floor":["M","?","?","?","M","R","$","?","T","M","?","M","R","M","R","B",null,"M","$","M","M","?","E","R","E","T","E","M","R","$","M","R"],"character_chosen":"IRONCLAD","items_purchased":["Pummel","Blind","Lee\u0027s Waffle","Warcry","Flex"],"gold_per_floor":[109,109,109,109,128,128,49,79,149,169,169,188,188,211,211,341,341,356,18,43,66,66,101,101,140,140,179,200,200,79,102,102,102],"floor_reached":33,"campfire_rested":4,"playtime":1404,"current_hp_per_floor":[80,80,80,60,65,65,65,65,65,71,55,64,64,60,80,56,80,66,87,87,51,51,21,47,53,53,40,33,59,59,48,74,0],"items_purged":["Writhe"],"gold":102,"score":336,"play_id":"00527f59-4a0f-4559-8b1c-12596b2e0118","local_time":"20180521211831","is_prod":false,"is_daily":false,"chose_seed":false,"is_ascension_mode":true,"campfire_upgraded":2,"timestamp":1526930311,"campfire_choices":[{"data":"Flex","floor":6,"key":"SMITH"},{"data":"Headbutt","floor":13,"key":"SMITH"},{"floor":15,"key":"REST"},{"floor":24,"key":"REST"},{"floor":29,"key":"REST"},{"floor":32,"key":"REST"}],"path_taken":["M","?","?","?","?","R","$","?","T","M","?","M","R","?","R","BOSS","M","$","M","M","?","E","R","E","T","E","M","R","$","M","R","BOSS"],"build_version":"2018-05-17","seed_source_timestamp":475493452437944,"purchased_purges":3,"victory":false,"master_deck":["Strike_R","Strike_R","Strike_R","Strike_R","Strike_R+1","Defend_R","Defend_R","Defend_R","Defend_R","Flex+1","Flex+1","Headbutt+1","Pummel+1","Spot Weakness+1","Seeing Red+1","Impervious+1","Demon Form","Pummel","Blind+1","Warcry+1","Iron Wave+1","Shockwave+1","Dual Wield+1","Iron Wave","Clumsy","Sword Boomerang+1","Reaper","Flex+1","Wild Strike+1"],"max_hp_per_floor":[80,80,80,80,80,80,80,80,80,80,80,80,80,80,80,80,80,80,87,87,87,87,87,87,87,87,87,87,87,87,87,87,87],"relics":["Burning Blood","Golden Idol","Question Card","Toxic Egg 2","Cursed Key","Lee\u0027s Waffle","Potion Belt","Vajra","Bottled Lightning","Magic Flower","Blue Candle"],"card_choices":[{"not_picked":["Warcry","Flame Barrier"],"picked":"Flex","floor":0},{"not_picked":["Shrug It Off","True Grit"],"picked":"Flex","floor":1},{"not_picked":["Body Slam","Heavy Blade"],"picked":"Headbutt","floor":5},{"not_picked":["Clothesline","True Grit+1","Intimidate+1"],"picked":"Spot Weakness+1","floor":10},{"not_picked":["Pommel Strike","True Grit+1","Cleave"],"picked":"Seeing Red+1","floor":12},{"not_picked":["Armaments+1","Fire Breathing","Body Slam"],"picked":"Impervious+1","floor":14},{"not_picked":["Bludgeon","Brutality","Juggernaut"],"picked":"Demon Form","floor":16},{"not_picked":["Power Through+1","Clash","Havoc+1"],"picked":"Pummel","floor":18},{"not_picked":["Uppercut","Seeing Red+1","Berserk"],"picked":"Iron Wave+1","floor":20},{"not_picked":["Twin Strike","True Grit+1","Feel No Pain"],"picked":"Shockwave+1","floor":21},{"not_picked":["Body Slam","Power Through+1","Cleave"],"picked":"Dual Wield+1","floor":23},{"not_picked":["Havoc+1","Flame Barrier+1","Carnage"],"picked":"Iron Wave","floor":25},{"not_picked":["Sentinel+1","Blood for Blood","Metallicize"],"picked":"Sword Boomerang+1","floor":27},{"not_picked":["Power Through+1","Heavy Blade","Anger"],"picked":"Reaper","floor":28},{"not_picked":["Havoc+1","Sword Boomerang","Hemokinesis"],"picked":"Wild Strike+1","floor":31}],"player_experience":132260,"potions_floor_usage":[12,16,20,33,33],"damage_taken":[{"damage":0,"enemies":"Small Slimes","floor":1,"turns":3},{"damage":1,"enemies":"2 Louse","floor":5,"turns":2},{"damage":0,"enemies":"Cultist","floor":10,"turns":2},{"damage":6,"enemies":"Exordium Wildlife","floor":12,"turns":3},{"damage":10,"enemies":"Looter","floor":14,"turns":2},{"damage":30,"enemies":"The Guardian","floor":16,"turns":6},{"damage":20,"enemies":"3 Byrds","floor":18,"turns":4},{"damage":0,"enemies":"Chosen","floor":20,"turns":2},{"damage":42,"enemies":"Snake Plant","floor":21,"turns":4},{"damage":36,"enemies":"Slavers","floor":23,"turns":6},{"damage":0,"enemies":"Gremlin Leader","floor":25,"turns":5},{"damage":22,"enemies":"Slavers","floor":27,"turns":5},{"damage":16,"enemies":"Cultist and Chosen","floor":28,"turns":6},{"damage":20,"enemies":"Sentry and Sphere","floor":31,"turns":4},{"damage":92,"enemies":"Champ","floor":33,"turns":10}],"relics_obtained":[{"floor":9,"key":"Toxic Egg 2"},{"floor":23,"key":"Vajra"},{"floor":25,"key":"Bottled Lightning"},{"floor":26,"key":"Magic Flower"},{"floor":27,"key":"Blue Candle"}],"event_choices":[{"event_name":"Living Wall","player_choice":"Grow","floor":2,"damage_taken":0},{"event_name":"Purifier","player_choice":"One Purge","floor":3,"damage_taken":0},{"event_name":"Golden Idol","player_choice":"Take Damage","floor":4,"damage_taken":0},{"event_name":"Dead Adventurer","player_choice":"Searched \u00273\u0027 times","floor":8,"damage_taken":0},{"event_name":"Shining Light","player_choice":"Entered Light","floor":11,"damage_taken":0},{"event_name":"The Mausoleum","player_choice":"Yes","floor":22,"damage_taken":0}],"boss_relics":[{"not_picked":["Pandora\u0027s Box","Tiny House"],"picked":"Cursed Key"}],"potions_floor_spawned":[5,10,14,21,28,31],"seed_played":"-6668034059829993423","killed_by":"Champ","ascension_level":1,"potions_obtained":[{"floor":5,"key":"GamblersBrew"},{"floor":10,"key":"Regen Potion"},{"floor":14,"key":"FearPotion"},{"floor":21,"key":"Dexterity Potion"},{"floor":28,"key":"FearPotion"},{"floor":31,"key":"FearPotion"}],"is_trial":false}