{"gold_per_floor":[114,129,145,145,160,160,188,188,188,188,203,235,36,36,36,132,132,145,105,124,46,56,56,56],"floor_reached":24,"playtime":1120,"items_purged":[],"score":216,"play_id":"8029d0b9-031a-4a7a-83c3-557f2619407a","local_time":"20190830173808","is_ascension_mode":true,"campfire_choices":[{"floor":6.0,"key":"REST"},{"data":"Storm","floor":10,"key":"SMITH"},{"floor":15,"key":"REST"},{"data":"Capacitor","floor":23,"key":"SMITH"}],"neow_cost":"PERCENT_DAMAGE","seed_source_timestamp":0,"circlet_count":0,"master_deck":["Defend_B+1","Defend_B","Zap","Dualcast","Storm+1","Loop","Capacitor+1","Electrodynamics","Creative AI","Capacitor+1"],"special_seed":0,"relics":["Cracked Core","Sundial","Symbiotic Virus","Pantograph","ClockworkSouvenir","Empty Cage"],"potions_floor_usage":[22,24],"damage_taken":[{"damage":2.0,"enemies":"2 Louse","floor":1.0,"turns":2.0},{"damage":6.0,"enemies":"Jaw Worm","floor":2.0,"turns":3.0},{"damage":1.0,"enemies":"Cultist","floor":3.0,"turns":3.0},{"damage":24.0,"enemies":"Exordium Thugs","floor":5.0,"turns":4.0},{"damage":28.0,"enemies":"Gremlin Nob","floor":7.0,"turns":4.0},{"damage":6,"enemies":"Red Slaver","floor":11,"turns":4},{"damage":26,"enemies":"3 Sentries","floor":12,"turns":6},{"damage":48,"enemies":"The Guardian","floor":16,"turns":10},{"damage":15,"enemies":"3 Byrds","floor":18,"turns":3},{"damage":0,"enemies":"Spheric Guardian","floor":20,"turns":3},{"damage":17,"enemies":"Centurion and Healer","floor":22,"turns":5},{"damage":47,"enemies":"Book of Stabbing","floor":24,"turns":4}],"seed_played":"-8899401404863396825","potions_obtained":[{"floor":1.0,"key":"SpeedPotion"},{"floor":2.0,"key":"PowerPotion"},{"floor":5.0,"key":"Ancient Potion"},{"floor":11,"key":"FearPotion"},{"floor":20,"key":"Weak Potion"},{"floor":22,"key":"Block Potion"}],"is_trial":false,"path_per_floor":["M","M","M","?","M","R","E","?","T","R","M","E","$","?","R","B",null,"M","?","M","$","M","R","E"],"character_chosen":"DEFECT","items_purchased":["ClockworkSouvenir","Capacitor"],"campfire_rested":2,"item_purchase_floors":[13,21],"current_hp_per_floor":[52,46,45,45,21,43,15,40,40,40,34,8,8,8,30,7,75,60,60,60,60,43,43,0],"gold":56,"neow_bonus":"REMOVE_TWO","is_prod":false,"is_daily":false,"chose_seed":false,"campfire_upgraded":2,"win_rate":0,"timestamp":1567154288,"path_taken":["M","M","M","?","M","R","E","?","T","R","M","E","$","?","R","BOSS","M","?","M","?","?","R","E"],"build_version":"2019-07-05","purchased_purges":0,"victory":false,"max_hp_per_floor":[75,75,75,75,75,75,75,75,75,75,75,75,75,75,75,75,75,75,75,75,75,75,75,75],"card_choices":[{"not_picked":["Force Field","Scrape"],"picked":"Storm","floor":1.0},{"not_picked":["Sweeping Beam","Double Energy"],"picked":"Loop","floor":2.0},{"not_picked":["Conserve Battery","Turbo"],"picked":"Capacitor","floor":3.0},{"not_picked":["Reprogram","Skim","Sweeping Beam"],"picked":"SKIP","floor":5.0},{"not_picked":["Rebound","Gash","White Noise"],"picked":"SKIP","floor":7.0},{"not_picked":["Steam","Barrage","Stack"],"picked":"SKIP","floor":11},{"not_picked":["Conserve Battery","Streamline"],"picked":"Electrodynamics","floor":12},{"not_picked":["Hyperbeam","Multi-Cast"],"picked":"Creative AI","floor":16},{"not_picked":["Steam","Leap","Hologram"],"picked":"SKIP","floor":18},{"not_picked":["Skim","Beam Cell","Static Discharge"],"picked":"SKIP","floor":20},{"not_picked":["Compile Driver","Turbo","Ball Lightning"],"picked":"SKIP","floor":22}],"player_experience":635712,"relics_obtained":[{"floor":7.0,"key":"Sundial"},{"floor":9.0,"key":"Symbiotic Virus"},{"floor":12,"key":"Pantograph"}],"event_choices":[{"cards_removed":["Strike_B"],"damage_healed":0.0,"max_hp_gain":0.0,"max_hp_loss":0.0,"gold_gain":0.0,"event_name":"Living Wall","player_choice":"Forget","floor":4.0,"gold_loss":0.0,"damage_taken":0.0},{"damage_healed":25.0,"max_hp_gain":0.0,"max_hp_loss":0.0,"gold_gain":0.0,"event_name":"Big Fish","player_choice":"Banana","floor":8.0,"gold_loss":0.0,"damage_taken":0.0},{"cards_removed":["Strike_B"],"damage_healed":0,"gold_gain":0,"player_choice":"Purged","damage_taken":0,"max_hp_gain":0,"max_hp_loss":0,"event_name":"Purifier","floor":14,"gold_loss":0},{"damage_healed":0,"gold_gain":0,"player_choice":"Upgraded Two","damage_taken":0,"max_hp_gain":0,"max_hp_loss":0,"event_name":"Designer","floor":19,"gold_loss":40,"cards_upgraded":["Defend_B","Capacitor"]}],"is_beta":false,"boss_relics":[{"not_picked":["Philosopher\u0027s Stone","Snecko Eye"],"picked":"Empty Cage"}],"items_purged_floors":[],"is_endless":false,"potions_floor_spawned":[1,2,5,11,20,22],"killed_by":"Book of Stabbing","ascension_level":1}