{"gold_per_floor":[111,111,286,296,95,95,122,141,141,63,97,97,22,34,34,129,129,145,145,158,172,72,72,86,106,136,136,136,136,136,149,149,253,303,323,333,137,137,137,137,148,148,174,186,198,210,63,63,63,63],"floor_reached":50,"playtime":1826,"items_purged":["Doubt","Normality","Writhe"],"score":645,"play_id":"a82582cc-79ec-44b1-8c85-768418704956","local_time":"20181220190912","is_ascension_mode":true,"campfire_choices":[{"data":"Bash","floor":6,"key":"SMITH"},{"floor":12,"key":"REST"},{"floor":15,"key":"REST"},{"data":"Armaments","floor":23,"key":"SMITH"},{"floor":27,"key":"REST"},{"floor":28,"key":"REST"},{"floor":32,"key":"REST"},{"floor":40,"key":"RECALL"},{"data":"Rupture","floor":42,"key":"SMITH"},{"data":"Combust","floor":44,"key":"SMITH"},{"data":"Exhume","floor":46,"key":"SMITH"},{"data":"Heavy Blade","floor":49,"key":"SMITH"}],"neow_cost":"CURSE","seed_source_timestamp":404802438770741,"circlet_count":0,"master_deck":["Strike_R","Strike_R","Strike_R+1","Strike_R+1","Strike_R","Defend_R","Defend_R","Defend_R","Defend_R","Bash+1","Rupture+1","Bloodletting","Combust+1","Sever Soul","Armaments+1","Exhume+1","Bloodletting+1","Infernal Blade+1","Flame Barrier+1","Twin Strike+1","Armaments+1","Heavy Blade+1","Feed+1","Cleave+1","Blood for Blood"],"relics":["Burning Blood","Brimstone","WingedGreaves","Pocketwatch","Velvet Choker","MutagenicStrength","Tiny Chest","Tiny House","Medical Kit","Sundial","MawBank"],"potions_floor_usage":[11,16,21,33,36,41,50,50],"damage_taken":[{"damage":4,"enemies":"Small Slimes","floor":1,"turns":4},{"damage":4,"enemies":"2 Louse","floor":4,"turns":3},{"damage":45,"enemies":"3 Sentries","floor":7,"turns":6},{"damage":3,"enemies":"Jaw Worm","floor":8,"turns":3},{"damage":24,"enemies":"Gremlin Nob","floor":11,"turns":3},{"damage":15,"enemies":"Red Slaver","floor":14,"turns":3},{"damage":6,"enemies":"Slime Boss","floor":16,"turns":5},{"damage":4,"enemies":"Chosen","floor":18,"turns":3},{"damage":21,"enemies":"3 Byrds","floor":20,"turns":4},{"damage":30,"enemies":"Snake Plant","floor":21,"turns":2},{"damage":33,"enemies":"3 Cultists","floor":24,"turns":4},{"damage":23,"enemies":"Centurion and Healer","floor":25,"turns":4},{"damage":14,"enemies":"Snake Plant","floor":31,"turns":2},{"damage":81,"enemies":"Collector","floor":33,"turns":6},{"damage":38,"enemies":"3 Darklings","floor":35,"turns":4},{"damage":19,"enemies":"3 Shapes","floor":36,"turns":3},{"damage":23,"enemies":"Jaw Worm Horde","floor":41,"turns":4},{"damage":104,"enemies":"Time Eater","floor":50,"turns":4}],"seed_played":"4306469523636645154","potions_obtained":[{"floor":7,"key":"Strength Potion"},{"floor":8,"key":"GamblersBrew"},{"floor":14,"key":"Fire Potion"},{"floor":20,"key":"Poison Potion"},{"floor":25,"key":"SpeedPotion"},{"floor":31,"key":"PowerPotion"},{"floor":34,"key":"Energy Potion"},{"floor":36,"key":"Strength Potion"}],"is_trial":false,"path_per_floor":["M","?","?","M","$","R","E","M","T","$","E","R","$","M","R","B",null,"M","?","M","M","$","R","M","M","T","R","R","?","$","M","R","B",null,"M","M","$","?","T","R","M","R","T","R","?","R","$","?","R","B"],"character_chosen":"IRONCLAD","items_purchased":["Brimstone","Sever Soul","Medical Kit","Blood for Blood"],"campfire_rested":5,"item_purchase_floors":[5,10,37,47],"current_hp_per_floor":[96,77,77,79,79,79,40,43,43,43,25,53,53,44,72,72,90,92,92,77,53,53,53,26,9,9,37,65,65,65,57,85,10,80,52,43,43,95,95,95,82,82,82,82,99,99,99,99,99,0],"gold":63,"neow_bonus":"TWENTY_PERCENT_HP_BONUS","is_prod":false,"is_daily":false,"chose_seed":false,"campfire_upgraded":6,"win_rate":0,"timestamp":1545329352,"path_taken":["M","?","?","M","$","R","E","?","T","$","E","R","?","M","R","BOSS","M","?","M","M","$","R","M","M","T","R","R","?","$","M","R","BOSS","M","?","$","?","?","R","M","R","T","R","?","R","$","?","R","BOSS"],"build_version":"2018-12-13","purchased_purges":3,"victory":false,"max_hp_per_floor":[96,96,96,96,96,96,96,96,96,96,96,96,96,96,96,96,96,96,96,96,96,96,96,96,96,96,96,96,96,96,96,96,96,101,105,109,109,95,95,95,99,99,99,99,99,99,99,99,99,99],"card_choices":[{"not_picked":["Havoc","Heavy Blade"],"picked":"Rupture","floor":1},{"not_picked":["Cleave","Clash"],"picked":"Bloodletting","floor":4},{"not_picked":["Impervious","Juggernaut"],"picked":"Combust","floor":7},{"not_picked":["Power Through","Headbutt","Reckless Charge"],"picked":"SKIP","floor":8},{"not_picked":["Cleave","Warcry"],"picked":"Armaments","floor":11},{"not_picked":["Blood for Blood","Intimidate","Entrench"],"picked":"SKIP","floor":14},{"not_picked":["Barricade","Impervious"],"picked":"Exhume","floor":16},{"not_picked":["Searing Blow+1","Perfected Strike+1"],"picked":"Bloodletting+1","floor":18},{"not_picked":["True Grit","Clothesline+1"],"picked":"Infernal Blade","floor":20},{"not_picked":["Anger","Clothesline"],"picked":"Flame Barrier+1","floor":21},{"not_picked":["Carnage","Dual Wield"],"picked":"Twin Strike+1","floor":24},{"not_picked":["Anger+1","Clash+1"],"picked":"Armaments+1","floor":25},{"not_picked":["Warcry","Corruption"],"picked":"Heavy Blade","floor":31},{"not_picked":["Dark Embrace","Offering"],"picked":"Feed","floor":33},{"not_picked":["Warcry+1","Spot Weakness","Wild Strike+1"],"picked":"SKIP","floor":35},{"not_picked":["Twin Strike+1","Rampage+1"],"picked":"Cleave+1","floor":36},{"not_picked":["Blood for Blood","Infernal Blade","Battle Trance+1"],"picked":"SKIP","floor":41}],"player_experience":335647,"relics_obtained":[{"floor":7,"key":"WingedGreaves"},{"floor":11,"key":"Pocketwatch"},{"floor":26,"key":"Tiny Chest"},{"floor":39,"key":"Sundial"},{"floor":43,"key":"MawBank"}],"event_choices":[{"damage_healed":0,"gold_gain":0,"player_choice":"Entered Light","damage_taken":19,"max_hp_gain":0,"max_hp_loss":0,"event_name":"Shining Light","floor":2,"gold_loss":0,"cards_upgraded":["Strike_R","Strike_R"]},{"damage_healed":0,"gold_gain":175,"player_choice":"AGREE","damage_taken":0,"max_hp_gain":0,"max_hp_loss":0,"event_name":"Liars Game","floor":3,"gold_loss":0,"cards_obtained":["Doubt"]},{"damage_healed":0,"gold_gain":0,"player_choice":"Inject Mutagens","damage_taken":0,"relics_obtained":["MutagenicStrength"],"max_hp_gain":0,"max_hp_loss":0,"event_name":"Drug Dealer","floor":19,"gold_loss":0},{"damage_healed":0,"gold_gain":0,"player_choice":"Upgraded","damage_taken":0,"max_hp_gain":0,"max_hp_loss":0,"event_name":"Upgrade Shrine","floor":29,"gold_loss":0,"cards_upgraded":["Infernal Blade"]},{"damage_healed":95,"gold_gain":0,"player_choice":"Heal","damage_taken":0,"max_hp_gain":0,"max_hp_loss":14,"event_name":"The Moai Head","floor":38,"gold_loss":0},{"damage_healed":25,"gold_gain":0,"player_choice":"Writhe","damage_taken":0,"max_hp_gain":0,"max_hp_loss":0,"event_name":"Winding Halls","floor":45,"gold_loss":0,"cards_obtained":["Writhe"]},{"damage_healed":0,"gold_gain":0,"player_choice":"Ignored","damage_taken":0,"max_hp_gain":0,"max_hp_loss":0,"event_name":"SecretPortal","floor":48,"gold_loss":0}],"is_beta":false,"boss_relics":[{"not_picked":["Sozu","Mark of Pain"],"picked":"Velvet Choker"},{"not_picked":["Eternal Feather","Cursed Key"],"picked":"Tiny House"}],"items_purged_floors":[13,22,47],"is_endless":false,"potions_floor_spawned":[7,8,14,20,25,31,36],"killed_by":"Time Eater","ascension_level":5}