{"gold_per_floor":[114,129,144,244,259,274,274,304,329,69,99,99,114,129,129,229,229,244,244,244,259,274,74,89,119,119,119,134,134,149,149,149,249,249,264,279,294,309,324,324,99,114,114,129,159,159,189,204,204,204],"floor_reached":51,"playtime":9540,"items_purged":["Dodge and Roll"],"score":972,"play_id":"50b53ec2-444e-4f0a-96e9-5a0218dc8641","local_time":"20190803173127","daily_mods":["SealedDeck","Uncertain Future","DeadlyEvents"],"is_ascension_mode":false,"campfire_choices":[{"data":"Calculated Gamble","floor":7,"key":"SMITH"},{"data":"Reflex","floor":12,"key":"SMITH"},{"data":"Prepared","floor":15,"key":"SMITH"},{"floor":27,"key":"REST"},{"data":"Secret Technique","floor":29,"key":"SMITH"},{"floor":32,"key":"REST"},{"data":"Burst","floor":40,"key":"SMITH"},{"data":"A Thousand Cuts","floor":46,"key":"SMITH"},{"floor":49,"key":"REST"}],"neow_cost":"","seed_source_timestamp":0,"circlet_count":0,"master_deck":["Outmaneuver","Eviscerate","Backflip","Backflip","Backflip+1","Well Laid Plans","Underhanded Strike","Dagger Throw","Tactician","Reflex+1","Underhanded Strike","Calculated Gamble+1","Underhanded Strike","Prepared+1","Madness+1","Secret Technique+1","Acrobatics","Footwork","Burst+1","Prepared","After Image","Concentrate","A Thousand Cuts+1","After Image","Terror+1","Tactician+1","Parasite"],"special_seed":18111,"relics":["Ring of the Serpent","Mercury Hourglass","Strawberry","Bronze Scales","Orrery","TheAbacus","Torii","Prayer Wheel","War Paint","Frozen Egg 2","Pear","Dodecahedron"],"potions_floor_usage":[16,33,35,36,48],"damage_taken":[{"damage":0,"enemies":"Small Slimes","floor":1,"turns":2},{"damage":0,"enemies":"Cultist","floor":2,"turns":2},{"damage":1,"enemies":"Jaw Worm","floor":3,"turns":2},{"damage":0,"enemies":"Blue Slaver","floor":5,"turns":2},{"damage":0,"enemies":"3 Louse","floor":6,"turns":1},{"damage":0,"enemies":"3 Sentries","floor":8,"turns":3},{"damage":0,"enemies":"Gremlin Nob","floor":11,"turns":2},{"damage":0,"enemies":"2 Fungi Beasts","floor":13,"turns":1},{"damage":0,"enemies":"Gremlin Gang","floor":14,"turns":1},{"damage":0,"enemies":"Hexaghost","floor":16,"turns":2},{"damage":0,"enemies":"3 Byrds","floor":18,"turns":3},{"damage":0,"enemies":"Shell Parasite","floor":21,"turns":3},{"damage":14,"enemies":"Centurion and Healer","floor":22,"turns":3},{"damage":51,"enemies":"Cultist and Chosen","floor":24,"turns":7},{"damage":0,"enemies":"Book of Stabbing","floor":25,"turns":3},{"damage":8,"enemies":"Snake Plant","floor":28,"turns":3},{"damage":0,"enemies":"Sentry and Sphere","floor":30,"turns":3},{"damage":0,"enemies":"Collector","floor":33,"turns":5},{"damage":11,"enemies":"3 Darklings","floor":35,"turns":3},{"damage":0,"enemies":"Orb Walker","floor":36,"turns":2},{"damage":8,"enemies":"Writhing Mass","floor":37,"turns":4},{"damage":1,"enemies":"3 Darklings","floor":38,"turns":4},{"damage":1,"enemies":"4 Shapes","floor":39,"turns":5},{"damage":0,"enemies":"Maw","floor":42,"turns":4},{"damage":0,"enemies":"Spire Growth","floor":44,"turns":4},{"damage":0,"enemies":"Nemesis","floor":45,"turns":5},{"damage":0,"enemies":"Giant Head","floor":47,"turns":3},{"damage":1,"enemies":"Writhing Mass","floor":48,"turns":3},{"damage":80,"enemies":"Time Eater","floor":50,"turns":10}],"seed_played":"407684035303193076","potions_obtained":[{"floor":1,"key":"SpeedPotion"},{"floor":5,"key":"FairyPotion"},{"floor":11,"key":"Strength Potion"},{"floor":16,"key":"SpeedPotion"},{"floor":24,"key":"SteroidPotion"},{"floor":28,"key":"Weak Potion"},{"floor":33,"key":"Swift Potion"},{"floor":35,"key":"Weak Potion"},{"floor":39,"key":"Block Potion"},{"floor":47,"key":"Block Potion"}],"is_trial":false,"path_per_floor":["M","M","M","?","M","M","R","E","T","$","E","R","M","M","R","B",null,"M","?","?","M","M","$","M","E","T","R","M","R","M","?","R","B",null,"M","M","M","M","M","R","$","M","T","M","E","R","E","M","R","B",null],"character_chosen":"THE_SILENT","items_purchased":["Madness","Secret Technique","TheAbacus","War Paint"],"campfire_rested":3,"item_purchase_floors":[10,10,23,41],"current_hp_per_floor":[70,70,69,69,69,69,69,69,76,76,76,76,76,76,76,76,77,77,63,63,63,49,49,8,8,8,32,24,24,24,24,48,48,82,71,71,63,62,61,61,61,61,61,61,71,71,71,70,92,12],"gold":204,"neow_bonus":"","is_prod":false,"is_daily":true,"chose_seed":false,"campfire_upgraded":6,"win_rate":0,"timestamp":1564821087,"path_taken":["M","M","M","?","M","M","R","E","T","$","?","R","M","?","R","BOSS","M","?","?","M","M","$","M","E","T","R","M","R","M","?","R","BOSS","M","M","M","?","M","R","$","M","T","?","?","R","E","M","R","BOSS"],"build_version":"2019-07-05","purchased_purges":1,"victory":true,"max_hp_per_floor":[70,70,70,70,70,70,70,70,77,77,77,77,77,77,77,77,77,77,82,82,82,82,82,82,82,82,82,82,82,82,82,82,82,82,82,82,82,82,82,82,82,82,82,82,92,92,92,92,92,92],"card_choices":[{"not_picked":["Well Laid Plans","Crippling Poison"],"picked":"Underhanded Strike","floor":1},{"not_picked":["Poisoned Stab","Flechettes","Backflip"],"picked":"SKIP","floor":2},{"not_picked":["Endless Agony","Quick Slash"],"picked":"Calculated Gamble","floor":3},{"not_picked":["PiercingWail","Slice"],"picked":"Underhanded Strike","floor":5},{"not_picked":["All Out Attack","Poisoned Stab","Bouncing Flask"],"picked":"SKIP","floor":6},{"not_picked":["Skewer","Accuracy"],"picked":"Prepared","floor":8},{"not_picked":["Grand Finale","Flying Knee"],"picked":"Acrobatics","floor":11},{"not_picked":["Leg Sweep","Distraction","Flying Knee"],"picked":"SKIP","floor":13},{"not_picked":["Predator","Flying Knee"],"picked":"Footwork","floor":14},{"not_picked":["Corpse Explosion","Bullet Time"],"picked":"Burst","floor":16},{"not_picked":["Poisoned Stab","Noxious Fumes"],"picked":"Prepared","floor":17},{"not_picked":["Poisoned Stab","Terror"],"picked":"After Image","floor":18},{"not_picked":["PiercingWail+1","Footwork","Escape Plan"],"picked":"SKIP","floor":21},{"not_picked":["Deflect","Catalyst","Flying Knee"],"picked":"SKIP","floor":22},{"not_picked":["Backflip","Escape Plan+1","Outmaneuver+1"],"picked":"SKIP","floor":24},{"not_picked":["PiercingWail","Deflect","Prepared+1"],"picked":"SKIP","floor":25},{"not_picked":["Prepared+1","Backflip","Riddle With Holes"],"picked":"SKIP","floor":28},{"not_picked":["Dagger Spray","Deflect+1","Infinite Blades+1"],"picked":"SKIP","floor":28},{"not_picked":["Adrenaline","Dagger Throw"],"picked":"Dodge and Roll","floor":30},{"not_picked":["PiercingWail+1","All Out Attack","Slice+1"],"picked":"SKIP","floor":30},{"not_picked":["Corpse Explosion","Phantasmal Killer"],"picked":"A Thousand Cuts","floor":33},{"not_picked":["Deadly Poison+1","Skewer+1","Quick Slash"],"picked":"SKIP","floor":35},{"not_picked":["Outmaneuver","Deflect+1","Infinite Blades"],"picked":"SKIP","floor":35},{"not_picked":["Cloak And Dagger+1","Accuracy","Blur+1"],"picked":"SKIP","floor":36},{"not_picked":["Acrobatics+1","Deadly Poison+1","Poisoned Stab+1"],"picked":"SKIP","floor":36},{"not_picked":["Poisoned Stab","Bane"],"picked":"After Image","floor":37},{"not_picked":["Slice+1","Dodge and Roll+1","Quick Slash+1"],"picked":"SKIP","floor":37},{"not_picked":["Well Laid Plans+1","Slice+1"],"picked":"Terror+1","floor":38},{"not_picked":["Outmaneuver","Slice+1","Finisher+1"],"picked":"SKIP","floor":38},{"not_picked":["Flying Knee","Terror","Caltrops+1"],"picked":"SKIP","floor":39},{"not_picked":["PiercingWail+1","Deflect+1","Cloak And Dagger"],"picked":"SKIP","floor":39},{"not_picked":["Dagger Spray","Catalyst+1","Slice+1"],"picked":"SKIP","floor":42},{"not_picked":["Blade Dance","Sucker Punch","Outmaneuver+1"],"picked":"SKIP","floor":42},{"not_picked":["Concentrate+1","Infinite Blades+1","Slice+1"],"picked":"SKIP","floor":44},{"not_picked":["Cloak And Dagger+1","Flying Knee","Deadly Poison+1"],"picked":"SKIP","floor":44},{"not_picked":["Endless Agony+1","Quick Slash"],"picked":"Tactician+1","floor":45},{"not_picked":["Venomology","Burst","Heel Hook"],"picked":"SKIP","floor":47},{"not_picked":["Predator+1","Backflip","Prepared"],"picked":"SKIP","floor":48},{"not_picked":["Deflect+1","Deadly Poison","Masterful Stab"],"picked":"SKIP","floor":48}],"player_experience":402240,"relics_obtained":[{"floor":8,"key":"Mercury Hourglass"},{"floor":9,"key":"Strawberry"},{"floor":11,"key":"Bronze Scales"},{"floor":25,"key":"Torii"},{"floor":26,"key":"Prayer Wheel"},{"floor":43,"key":"Frozen Egg 2"},{"floor":45,"key":"Pear"},{"floor":47,"key":"Dodecahedron"}],"event_choices":[{"damage_healed":0,"gold_gain":100,"player_choice":"Pray","damage_taken":0,"max_hp_gain":0,"max_hp_loss":0,"event_name":"Golden Shrine","floor":4,"gold_loss":0},{"damage_healed":0,"gold_gain":0,"player_choice":"Shed Blood","damage_taken":19,"max_hp_gain":5,"max_hp_loss":0,"event_name":"Forgotten Altar","floor":19,"gold_loss":0},{"damage_healed":0,"gold_gain":0,"player_choice":"Read","damage_taken":0,"max_hp_gain":0,"max_hp_loss":0,"event_name":"The Library","floor":20,"gold_loss":0,"cards_obtained":["Concentrate"]},{"damage_healed":0,"gold_gain":0,"player_choice":"Bought 0 Potions","damage_taken":0,"max_hp_gain":0,"max_hp_loss":0,"event_name":"The Woman in Blue","floor":31,"gold_loss":0}],"is_beta":false,"boss_relics":[{"not_picked":["Busted Crown","HoveringKite"],"picked":"Orrery"},{"not_picked":["Black Star","White Beast Statue"],"picked":"Ring of the Serpent"}],"items_purged_floors":[41],"is_endless":false,"potions_floor_spawned":[1,5,11,16,24,28,30,33,35,39,42,44,47],"ascension_level":0}