{"gold_per_floor":[111,111,111,129,94,94,137,150,224,249,11,25,200,225,225,353,353,373,393,26,26,51,84,84,84,84,99,14,14,14,139,139,139],"floor_reached":33,"playtime":3374,"items_purged":[],"score":290,"play_id":"237b1f37-04e4-44f4-b1cc-03d3b82e6936","local_time":"20190820231027","is_ascension_mode":false,"campfire_choices":[{"data":"Bloodletting","floor":6,"key":"SMITH"},{"data":"Evolve","floor":15,"key":"SMITH"},{"floor":24,"key":"REST"},{"floor":29,"key":"REST"},{"data":"Anger","floor":32,"key":"SMITH"}],"neow_cost":"PERCENT_DAMAGE","seed_source_timestamp":88963000447900,"circlet_count":0,"master_deck":["Defend_R","Bash","Bloodletting+1","Inflame","Burning Pact","Anger+1","Seeing Red","Evolve+1","Infernal Blade","Shrug It Off","Limit Break","Power Through+1","Spot Weakness+1","Metallicize","Bite","Bite","Bite","Bite","Bite","Feel No Pain","Dual Wield","Armaments+1","Wild Strike","Evolve","Rage"],"relics":["Burning Blood","Golden Idol","Vajra","Bottled Flame","Lee\u0027s Waffle","Mark of Pain","Membership Card","Ornamental Fan","Juzu Bracelet","Mercury Hourglass","Ice Cream","Gremlin Horn"],"potions_floor_usage":[23,23,31],"damage_taken":[{"damage":0,"enemies":"Small Slimes","floor":1,"turns":3},{"damage":13,"enemies":"Jaw Worm","floor":4,"turns":3},{"damage":42,"enemies":"Lagavulin","floor":7,"turns":4},{"damage":9,"enemies":"2 Louse","floor":8,"turns":2},{"damage":19,"enemies":"Blue Slaver","floor":10,"turns":3},{"damage":15,"enemies":"Large Slime","floor":12,"turns":5},{"damage":24,"enemies":"Exordium Thugs","floor":14,"turns":4},{"damage":4,"enemies":"Slime Boss","floor":16,"turns":8},{"damage":26,"enemies":"3 Byrds","floor":18,"turns":5},{"damage":18,"enemies":"Spheric Guardian","floor":19,"turns":4},{"damage":28,"enemies":"3 Cultists","floor":22,"turns":5},{"damage":36,"enemies":"Gremlin Leader","floor":23,"turns":5},{"damage":30,"enemies":"Shelled Parasite and Fungi","floor":27,"turns":3},{"damage":34,"enemies":"Colosseum Slavers","floor":31,"turns":4},{"damage":14,"enemies":"Colosseum Nobs","floor":31,"turns":4},{"damage":81,"enemies":"Collector","floor":33,"turns":6}],"seed_played":"-3352622113214010329","potions_obtained":[{"floor":1,"key":"GamblersBrew"},{"floor":7,"key":"FairyPotion"},{"floor":14,"key":"AttackPotion"},{"floor":16,"key":"EssenceOfSteel"},{"floor":19,"key":"Poison Potion"},{"floor":27,"key":"Regen Potion"}],"is_trial":false,"path_per_floor":["M","?","?","M","?","R","E","M","T","M","$","M","?","M","R","B",null,"M","M","$","?","M","E","R","?","T","M","$","R","?","?","R","B"],"character_chosen":"IRONCLAD","items_purchased":["Evolve","Lee\u0027s Waffle","Membership Card","Ornamental Fan","Metallicize","Wild Strike","Evolve","Rage"],"campfire_rested":2,"item_purchase_floors":[11,11,20,20,20,28,28,28],"current_hp_per_floor":[62,55,55,48,66,66,30,27,27,14,81,72,72,54,54,56,81,61,49,49,49,39,21,37,37,37,19,19,35,56,42,42,0],"gold":139,"neow_bonus":"REMOVE_TWO","is_prod":false,"is_daily":false,"chose_seed":false,"campfire_upgraded":3,"win_rate":0,"timestamp":1566367827,"path_taken":["M","?","?","M","?","R","E","?","T","M","$","M","?","M","R","BOSS","M","M","$","?","M","E","R","?","T","M","$","R","?","?","R","BOSS"],"build_version":"2019-07-17","purchased_purges":0,"victory":false,"max_hp_per_floor":[80,80,74,74,74,74,74,74,74,74,81,81,81,81,81,81,81,81,81,81,56,56,56,56,56,56,56,56,56,56,56,56,56],"card_choices":[{"not_picked":["Sword Boomerang","Pommel Strike"],"picked":"Bloodletting","floor":1},{"not_picked":["Whirlwind","Thunderclap"],"picked":"Inflame","floor":4},{"not_picked":["Thunderclap","Sword Boomerang"],"picked":"Burning Pact","floor":7},{"not_picked":["Whirlwind","Pommel Strike"],"picked":"Anger","floor":8},{"not_picked":["Twin Strike","Pommel Strike"],"picked":"Seeing Red","floor":10},{"not_picked":["Burning Pact","Flex"],"picked":"Infernal Blade","floor":12},{"not_picked":["Sword Boomerang","Warcry"],"picked":"Shrug It Off","floor":14},{"not_picked":["Barricade","Reaper"],"picked":"Limit Break","floor":16},{"not_picked":["Pummel","Shrug It Off"],"picked":"Power Through+1","floor":18},{"not_picked":["Ghostly Armor+1","Flame Barrier"],"picked":"Spot Weakness+1","floor":19},{"not_picked":["Battle Trance","Perfected Strike"],"picked":"Feel No Pain","floor":22},{"not_picked":["Dropkick","Clothesline+1"],"picked":"Dual Wield","floor":23},{"not_picked":["Headbutt","Iron Wave"],"picked":"Armaments+1","floor":27}],"player_experience":17744,"relics_obtained":[{"floor":7,"key":"Vajra"},{"floor":9,"key":"Bottled Flame"},{"floor":23,"key":"Juzu Bracelet"},{"floor":26,"key":"Mercury Hourglass"},{"floor":31,"key":"Ice Cream"},{"floor":31,"key":"Gremlin Horn"}],"event_choices":[{"cards_removed":["Defend_R"],"damage_healed":0,"gold_gain":0,"player_choice":"Card Removal","damage_taken":7,"max_hp_gain":0,"max_hp_loss":0,"event_name":"Golden Wing","floor":2,"gold_loss":0},{"damage_healed":0,"gold_gain":0,"player_choice":"Lose Max HP","damage_taken":0,"relics_obtained":["Golden Idol"],"max_hp_gain":0,"max_hp_loss":6,"event_name":"Golden Idol","floor":3,"gold_loss":0},{"damage_healed":18,"gold_gain":0,"player_choice":"Healed","damage_taken":0,"max_hp_gain":0,"max_hp_loss":0,"event_name":"The Cleric","floor":5,"gold_loss":35},{"damage_healed":0,"gold_gain":175,"player_choice":"AGREE","damage_taken":0,"max_hp_gain":0,"max_hp_loss":0,"event_name":"Liars Game","floor":13,"gold_loss":0,"cards_obtained":["Doubt"]},{"damage_healed":0,"gold_gain":0,"player_choice":"Became a vampire","damage_taken":0,"max_hp_gain":0,"max_hp_loss":25,"event_name":"Vampires","floor":21,"gold_loss":0,"cards_obtained":["Bite","Bite","Bite","Bite","Bite"]},{"cards_removed":["Doubt"],"damage_healed":0,"gold_gain":0,"player_choice":"Elegance","damage_taken":0,"max_hp_gain":0,"max_hp_loss":0,"event_name":"Back to Basics","floor":25,"gold_loss":0},{"damage_healed":21,"gold_gain":0,"player_choice":"Full Heal","damage_taken":0,"max_hp_gain":0,"max_hp_loss":0,"event_name":"Wheel of Change","floor":30,"gold_loss":0},{"damage_healed":0,"gold_gain":0,"player_choice":"Fight","damage_taken":0,"max_hp_gain":0,"max_hp_loss":0,"event_name":"Colosseum","floor":31,"gold_loss":0},{"damage_healed":0,"gold_gain":0,"player_choice":"Fought Nobs","damage_taken":0,"max_hp_gain":0,"max_hp_loss":0,"event_name":"Colosseum","floor":31,"gold_loss":0}],"is_beta":false,"boss_relics":[{"not_picked":["White Beast Statue","Calling Bell"],"picked":"Mark of Pain"}],"items_purged_floors":[],"is_endless":false,"potions_floor_spawned":[1,7,14,16,19,22,27],"killed_by":"Collector","ascension_level":0}