{"gold_per_floor":[117,292,292,292,306,306,317,317,317,317,335,335,335,350,350,450,450,465,16,16,16,16,34,49,25,51,51,1,16,16,16,16,16],"floor_reached":33,"playtime":2004,"items_purged":[],"score":233,"play_id":"e9baf763-48fb-4961-b88b-ec44d2022605","local_time":"20190829210258","is_ascension_mode":false,"campfire_choices":[{"data":"Strike_R","floor":6,"key":"SMITH"},{"data":"Heavy Blade","floor":8,"key":"SMITH"},{"data":"Clothesline","floor":10,"key":"SMITH"},{"data":"Flex","floor":12,"key":"SMITH"},{"data":"Anger","floor":15,"key":"SMITH"},{"floor":27,"key":"REST"},{"data":"Bludgeon","floor":30,"key":"SMITH"},{"data":"Rage","floor":32,"key":"SMITH"}],"neow_cost":"NONE","seed_source_timestamp":2500346649115871,"circlet_count":0,"master_deck":["Strike_R","Strike_R+1","Strike_R","Strike_R+1","Strike_R+1","Defend_R","Defend_R","Defend_R","Defend_R","Bash","Clothesline+1","Anger+1","Heavy Blade+1","Flex+1","Spot Weakness","Bludgeon+1","Headbutt","Cleave","The Bomb","Sword Boomerang","Feel No Pain","Warcry","Rage+1","Perfected Strike","Shrug It Off","Carnage"],"relics":["Burning Blood","Whetstone","Letter Opener","Bag of Marbles","Eternal Feather","Question Card","MutagenicStrength","Potion Belt"],"potions_floor_usage":[18,33,33,33],"damage_taken":[{"damage":1,"enemies":"Jaw Worm","floor":1,"turns":3},{"damage":0,"enemies":"2 Louse","floor":5,"turns":2},{"damage":1,"enemies":"Cultist","floor":7,"turns":4},{"damage":2,"enemies":"Looter","floor":11,"turns":4},{"damage":7,"enemies":"3 Louse","floor":14,"turns":2},{"damage":13,"enemies":"Slime Boss","floor":16,"turns":6},{"damage":15,"enemies":"2 Thieves","floor":18,"turns":4},{"damage":5,"enemies":"Chosen","floor":23,"turns":4},{"damage":29,"enemies":"Snake Plant","floor":24,"turns":5},{"damage":11,"enemies":"3 Cultists","floor":29,"turns":4},{"damage":111,"enemies":"Champ","floor":33,"turns":10}],"seed_played":"-933037747308705961","potions_obtained":[{"floor":14,"key":"Poison Potion"},{"floor":16,"key":"SkillPotion"},{"floor":18,"key":"SkillPotion"},{"floor":24,"key":"Fire Potion"}],"is_trial":false,"path_per_floor":["M","?","?","?","M","R","M","R","T","R","M","R","?","M","R","B",null,"M","$","?","T","?","M","M","$","T","R","?","M","R","$","R","B"],"character_chosen":"IRONCLAD","items_purchased":["Cleave","The Bomb","Ancient Potion","Sword Boomerang","Feel No Pain","Warcry","Shrug It Off"],"campfire_rested":1,"item_purchase_floors":[19,19,19,19,19,19,25],"current_hp_per_floor":[80,80,85,85,85,85,85,85,85,85,85,85,85,84,84,77,85,76,76,76,76,76,77,54,54,54,85,85,80,85,85,85,0],"gold":16,"neow_bonus":"RANDOM_COMMON_RELIC","is_prod":false,"is_daily":false,"chose_seed":false,"campfire_upgraded":7,"win_rate":0.0,"timestamp":1567130578,"path_taken":["M","?","?","?","?","R","M","R","T","R","M","R","?","M","R","BOSS","M","$","?","?","?","M","M","?","T","R","?","?","R","$","R","BOSS"],"build_version":"2019-07-17","purchased_purges":0,"victory":false,"max_hp_per_floor":[80,80,85,85,85,85,85,85,85,85,85,85,85,85,85,85,85,85,85,85,85,85,85,85,85,85,85,85,85,85,85,85,85],"card_choices":[{"not_picked":["Armaments","Body Slam"],"picked":"Clothesline","floor":1},{"not_picked":["Thunderclap","Entrench"],"picked":"Anger","floor":5},{"not_picked":["Iron Wave","Thunderclap"],"picked":"Heavy Blade","floor":7},{"not_picked":["Searing Blow","Entrench"],"picked":"Flex","floor":11},{"not_picked":["Twin Strike","Disarm"],"picked":"Spot Weakness","floor":14},{"not_picked":["Fiend Fire","Brutality"],"picked":"Bludgeon","floor":16},{"not_picked":["Sword Boomerang+1","Clash"],"picked":"Headbutt","floor":18},{"not_picked":["Flex","Iron Wave+1","Uppercut"],"picked":"Rage","floor":23},{"not_picked":["Intimidate","Flex","True Grit"],"picked":"Perfected Strike","floor":24},{"not_picked":["Flex","Twin Strike","Warcry+1"],"picked":"Carnage","floor":29}],"player_experience":11743,"relics_obtained":[{"floor":9,"key":"Letter Opener"},{"floor":21,"key":"Question Card"},{"floor":26,"key":"Potion Belt"}],"event_choices":[{"damage_healed":0,"gold_gain":175,"player_choice":"AGREE","damage_taken":0,"max_hp_gain":0,"max_hp_loss":0,"event_name":"Liars Game","floor":2,"gold_loss":0,"cards_obtained":["Doubt"]},{"damage_healed":0,"gold_gain":0,"player_choice":"Donut","damage_taken":0,"max_hp_gain":5,"max_hp_loss":0,"event_name":"Big Fish","floor":3,"gold_loss":0},{"cards_removed":["Doubt"],"damage_healed":0,"gold_gain":0,"player_choice":"Removed Curses","damage_taken":0,"max_hp_gain":0,"max_hp_loss":0,"event_name":"Fountain of Cleansing","floor":4,"gold_loss":0},{"damage_healed":0,"gold_gain":0,"player_choice":"Searched \u00271\u0027 times","damage_taken":0,"relics_obtained":["Bag of Marbles"],"max_hp_gain":0,"max_hp_loss":0,"event_name":"Dead Adventurer","floor":13,"gold_loss":0},{"damage_healed":0,"gold_gain":0,"player_choice":"Ignored","damage_taken":0,"max_hp_gain":0,"max_hp_loss":0,"event_name":"Ghosts","floor":20,"gold_loss":0},{"damage_healed":0,"gold_gain":0,"player_choice":"Inject Mutagens","damage_taken":0,"relics_obtained":["MutagenicStrength"],"max_hp_gain":0,"max_hp_loss":0,"event_name":"Drug Dealer","floor":22,"gold_loss":0},{"damage_healed":0,"gold_gain":0,"player_choice":"Bet on Murderer","damage_taken":0,"max_hp_gain":0,"max_hp_loss":0,"event_name":"The Joust","floor":28,"gold_loss":50}],"is_beta":false,"boss_relics":[{"not_picked":["Velvet Choker","Calling Bell"],"picked":"Eternal Feather"}],"items_purged_floors":[],"is_endless":false,"potions_floor_spawned":[14,16,18,24],"killed_by":"Champ","ascension_level":0}