{"gold_per_floor":[12,28,47,47,61,61,88,88,88,88,99,118,193,224,224,319,369,379,300,300,300,300,300,250,266,313,224,237,237,251,267,267,365,365,379,175,175,275,285,349,349,359,359,130,130,146,173,0,0,0],"floor_reached":51,"playtime":5381,"items_purged":[],"score":923,"play_id":"40384f35-b60b-4c52-aecf-52c7fff74f0f","local_time":"20190824163124","is_ascension_mode":true,"campfire_choices":[{"data":"Bash","floor":6.0,"key":"SMITH"},{"floor":10.0,"key":"REST"},{"floor":15.0,"key":"REST"},{"data":"Feel No Pain","floor":23.0,"key":"SMITH"},{"floor":29.0,"key":"REST"},{"data":"Armaments","floor":32.0,"key":"SMITH"},{"data":"Berserk","floor":41.0,"key":"SMITH"},{"floor":49,"key":"REST"}],"neow_cost":"NO_GOLD","seed_source_timestamp":407964967727400,"circlet_count":0,"master_deck":["Strike_R+1","Strike_R+1","Strike_R+1","Strike_R+1","Strike_R+1","Defend_R+1","Defend_R+1","Bash+1","Armaments+1","Rampage","Perfected Strike+1","Power Through+1","Pommel Strike","Cleave","Pommel Strike","Battle Trance","Cleave","Second Wind","Dark Embrace","Infernal Blade","Warcry","Feel No Pain+1","Exhume","Havoc","Seeing Red+1","Bandage Up","Anger","Wild Strike","Second Wind","Dark Embrace","Battle Trance+1","Madness","Madness","Warcry","Berserk+1","Burning Pact+1","Seeing Red","Panache","Seeing Red"],"special_seed":0,"relics":["Burning Blood","Juzu Bracelet","Paper Frog","Red Skull","Dead Branch","Tiny House","Nilry\u0027s Codex","Lizard Tail","Toolbox","Tiny Chest","Letter Opener","Regal Pillow","Red Mask"],"potions_floor_usage":[47,50],"damage_taken":[{"damage":9.0,"enemies":"Jaw Worm","floor":1.0,"turns":4.0},{"damage":9.0,"enemies":"2 Louse","floor":2.0,"turns":2.0},{"damage":0.0,"enemies":"Cultist","floor":3.0,"turns":4.0},{"damage":0.0,"enemies":"2 Fungi Beasts","floor":5.0,"turns":2.0},{"damage":25.0,"enemies":"Lagavulin","floor":7.0,"turns":4.0},{"damage":3.0,"enemies":"3 Louse","floor":11.0,"turns":2.0},{"damage":6.0,"enemies":"Looter","floor":12.0,"turns":2.0},{"damage":10.0,"enemies":"3 Sentries","floor":14.0,"turns":5.0},{"damage":44.0,"enemies":"Hexaghost","floor":16.0,"turns":9.0},{"damage":10.0,"enemies":"Chosen","floor":18.0,"turns":4.0},{"damage":33.0,"enemies":"2 Thieves","floor":25.0,"turns":3.0},{"damage":24.0,"enemies":"Snake Plant","floor":28.0,"turns":3.0},{"damage":10.0,"enemies":"Snecko","floor":30.0,"turns":3.0},{"damage":3.0,"enemies":"Sentry and Sphere","floor":31.0,"turns":5.0},{"damage":17.0,"enemies":"Champ","floor":33.0,"turns":8.0},{"damage":41.0,"enemies":"3 Darklings","floor":35.0,"turns":6.0},{"damage":14.0,"enemies":"Orb Walker","floor":39.0,"turns":4.0},{"damage":34.0,"enemies":"Giant Head","floor":40.0,"turns":9.0},{"damage":17.0,"enemies":"Jaw Worm Horde","floor":42.0,"turns":2.0},{"damage":0.0,"enemies":"Spire Growth","floor":46.0,"turns":4.0},{"damage":72,"enemies":"Nemesis","floor":47,"turns":7},{"damage":83,"enemies":"Awakened One","floor":50,"turns":10}],"seed_played":"-6156444190874964165","potions_obtained":[{"floor":7.0,"key":"Swift Potion"},{"floor":12.0,"key":"SteroidPotion"},{"floor":14.0,"key":"PowerPotion"},{"floor":17.0,"key":"Fruit Juice"},{"floor":28.0,"key":"EntropicBrew"},{"floor":30.0,"key":"SkillPotion"},{"floor":31.0,"key":"Poison Potion"},{"floor":35.0,"key":"Poison Potion"},{"floor":39.0,"key":"LiquidBronze"},{"floor":47,"key":"PowerPotion"}],"is_trial":false,"path_per_floor":["M","M","M","?","M","R","E","?","T","R","M","M","?","E","R","B",null,"M","$","?","?","?","R","$","M","T","$","M","R","M","M","R","B",null,"M","$","?","?","M","E","R","M","T","$","?","M","E","?","R","B",null],"character_chosen":"IRONCLAD","items_purchased":["Feel No Pain","Havoc","Bandage Up","Toolbox","Seeing Red","Panache"],"campfire_rested":4,"item_purchase_floors":[19,24,27,36,44,44],"current_hp_per_floor":[69,66,72,56,62,62,43,43,43,67,70,70,59,55,79,41,75,76,76,76,60,60,60,60,33,33,33,19,46,46,53,53,46,79,48,48,37,37,55,31,31,42,42,42,42,52,49,49,90,21],"gold":0,"neow_bonus":"TRANSFORM_TWO_CARDS","is_prod":false,"is_daily":false,"chose_seed":false,"campfire_upgraded":4,"win_rate":0,"timestamp":1566689484,"path_taken":["M","M","M","?","M","R","E","?","T","R","M","M","?","E","R","BOSS","M","$","?","?","?","R","$","M","T","?","M","R","M","M","R","BOSS","M","$","?","?","M","E","R","M","T","$","?","M","E","?","R","BOSS"],"build_version":"2019-07-17","purchased_purges":0,"victory":true,"max_hp_per_floor":[80,80,80,80,80,80,80,80,80,80,80,80,80,80,80,80,85,90,90,90,90,90,90,90,90,90,90,90,90,90,90,90,90,90,90,90,90,90,90,90,90,90,90,90,90,90,90,90,90,90],"card_choices":[{"not_picked":["Pommel Strike","Shockwave"],"picked":"Perfected Strike","floor":1.0},{"not_picked":["Seeing Red","Disarm"],"picked":"Power Through","floor":2.0},{"not_picked":["Bloodletting","Fire Breathing"],"picked":"Pommel Strike","floor":3.0},{"not_picked":["Second Wind","Warcry"],"picked":"Cleave","floor":5.0},{"not_picked":["Reckless Charge","Flame Barrier"],"picked":"Pommel Strike","floor":7.0},{"not_picked":["Headbutt","Armaments"],"picked":"Battle Trance","floor":11.0},{"not_picked":["Second Wind","Twin Strike"],"picked":"Cleave","floor":12.0},{"not_picked":["Sword Boomerang","Thunderclap"],"picked":"Second Wind","floor":14.0},{"not_picked":["Berserk","Exhume"],"picked":"Dark Embrace","floor":16.0},{"not_picked":["Sword Boomerang","True Grit"],"picked":"Infernal Blade","floor":17.0},{"not_picked":["Anger+1","Pommel Strike"],"picked":"Warcry","floor":18.0},{"not_picked":["Havoc","Clothesline"],"picked":"Seeing Red+1","floor":25.0},{"not_picked":["Pommel Strike+1","Sword Boomerang"],"picked":"Anger","floor":28.0},{"not_picked":["Clothesline","Headbutt+1"],"picked":"Wild Strike","floor":30.0},{"not_picked":["Metallicize+1","Dropkick"],"picked":"Second Wind","floor":31.0},{"not_picked":["Immolate","Double Tap"],"picked":"Dark Embrace","floor":33.0},{"not_picked":["Clothesline+1","Thunderclap"],"picked":"Battle Trance+1","floor":35.0},{"not_picked":["Rage","Inflame"],"picked":"Warcry","floor":39.0},{"not_picked":["Pommel Strike","Flex+1"],"picked":"Berserk","floor":40.0},{"not_picked":["Sword Boomerang","Rage"],"picked":"Burning Pact+1","floor":42.0},{"not_picked":["Anger+1","Clothesline","Flex+1"],"picked":"SKIP","floor":46.0},{"not_picked":["Rage","Ghostly Armor"],"picked":"Seeing Red","floor":47}],"player_experience":138495,"relics_obtained":[{"floor":7.0,"key":"Juzu Bracelet"},{"floor":9.0,"key":"Red Skull"},{"floor":14.0,"key":"Dead Branch"},{"floor":21.0,"key":"Nilry\u0027s Codex"},{"floor":40.0,"key":"Tiny Chest"},{"floor":43.0,"key":"Letter Opener"},{"floor":47,"key":"Regal Pillow"}],"event_choices":[{"damage_healed":0.0,"max_hp_gain":0.0,"max_hp_loss":0.0,"gold_gain":0.0,"event_name":"Shining Light","player_choice":"Entered Light","floor":4.0,"gold_loss":0.0,"damage_taken":16.0,"cards_upgraded":["Perfected Strike","Strike_R"]},{"damage_healed":0.0,"max_hp_gain":0.0,"max_hp_loss":0.0,"gold_gain":0.0,"event_name":"WeMeetAgain","player_choice":"Gave Potion","floor":8.0,"gold_loss":0.0,"damage_taken":0.0,"relics_obtained":["Paper Frog"]},{"damage_healed":0.0,"max_hp_gain":0.0,"max_hp_loss":0.0,"gold_gain":75.0,"event_name":"World of Goop","player_choice":"Gather Gold","floor":13.0,"gold_loss":0.0,"damage_taken":11.0},{"damage_healed":0.0,"max_hp_gain":0.0,"max_hp_loss":0.0,"gold_gain":0.0,"event_name":"Back to Basics","player_choice":"Simplicity","floor":20.0,"gold_loss":0.0,"damage_taken":0.0,"cards_upgraded":["Strike_R","Strike_R","Strike_R","Strike_R","Defend_R","Defend_R"]},{"damage_healed":0.0,"max_hp_gain":0.0,"max_hp_loss":0.0,"gold_gain":0.0,"event_name":"Cursed Tome","player_choice":"Obtained Book","floor":21.0,"gold_loss":0.0,"damage_taken":16.0},{"damage_healed":0.0,"max_hp_gain":0.0,"max_hp_loss":0.0,"gold_gain":0.0,"event_name":"The Library","player_choice":"Read","floor":22.0,"gold_loss":0.0,"damage_taken":0.0,"cards_obtained":["Exhume"]},{"damage_healed":0.0,"max_hp_gain":0.0,"max_hp_loss":0.0,"gold_gain":0.0,"event_name":"Winding Halls","player_choice":"Embrace Madness","floor":37.0,"gold_loss":0.0,"damage_taken":11.0,"cards_obtained":["Madness","Madness"]},{"damage_healed":0.0,"max_hp_gain":0.0,"max_hp_loss":0.0,"gold_gain":100.0,"event_name":"Golden Shrine","player_choice":"Pray","floor":38.0,"gold_loss":0.0,"damage_taken":0.0},{"damage_healed":0.0,"max_hp_gain":0.0,"max_hp_loss":0.0,"gold_gain":0.0,"event_name":"The Moai Head","player_choice":"Ignored","floor":45.0,"gold_loss":0.0,"damage_taken":0.0},{"damage_healed":0,"gold_gain":0,"player_choice":"Paid","damage_taken":0,"relics_obtained":["Red Mask"],"max_hp_gain":0,"max_hp_loss":0,"event_name":"Tomb of Lord Red Mask","floor":48,"gold_loss":173}],"is_beta":false,"boss_relics":[{"not_picked":["Philosopher\u0027s Stone","Runic Pyramid"],"picked":"Tiny House"},{"not_picked":["Eternal Feather","Calling Bell"],"picked":"Lizard Tail"}],"items_purged_floors":[],"is_endless":false,"potions_floor_spawned":[7,12,14,28,30,31,35,39,47],"ascension_level":7}