{"gold_per_floor":[119,137,149,34,34,34,64,64,142,153,213,213,213,245,245,319,319,336,365,365,365,285],"floor_reached":22,"playtime":1389,"items_purged":[],"score":488,"play_id":"eea1188e-a92a-4396-b8df-ac178459a167","local_time":"20190801203946","is_ascension_mode":true,"campfire_choices":[{"data":"Consume","floor":6,"key":"SMITH"},{"floor":8,"key":"REST"},{"floor":12,"key":"REST"},{"data":"Loop","floor":15,"key":"SMITH"}],"neow_cost":"TEN_PERCENT_HP_LOSS","seed_source_timestamp":160520757387116,"circlet_count":0,"master_deck":["AscendersBane","Defend_B","Defend_B","Defend_B","Zap","Dualcast","Consume+1","Turbo+1","Darkness+1","Loop+1","Hologram+1","Core Surge","Leap","Electrodynamics","Conserve Battery","Multi-Cast","Loop+1","Multi-Cast+1","Steam+1","Ball Lightning","Ghostly","Ghostly","Ghostly"],"relics":["Cracked Core","War Paint","Sundial","Tiny Chest","Strawberry","Astrolabe","Red Mask"],"potions_floor_usage":[7,14,16,22],"damage_taken":[{"damage":1,"enemies":"Small Slimes","floor":1,"turns":3},{"damage":18,"enemies":"2 Louse","floor":2,"turns":3},{"damage":6,"enemies":"Cultist","floor":3,"turns":3},{"damage":30,"enemies":"3 Sentries","floor":7,"turns":6},{"damage":7,"enemies":"Large Slime","floor":10,"turns":4},{"damage":20,"enemies":"Lagavulin","floor":11,"turns":5},{"damage":7,"enemies":"3 Sentries","floor":14,"turns":3},{"damage":0,"enemies":"Slime Boss","floor":16,"turns":5},{"damage":14,"enemies":"Spheric Guardian","floor":18,"turns":4},{"damage":38,"enemies":"Masked Bandits","floor":19,"turns":4},{"damage":10,"enemies":"2 Thieves","floor":22,"turns":2}],"seed_played":"-858443595999517192","potions_obtained":[{"floor":2,"key":"PowerPotion"},{"floor":3,"key":"Explosive Potion"},{"floor":10,"key":"PowerPotion"},{"floor":16,"key":"Dexterity Potion"},{"floor":19,"key":"SteroidPotion"}],"is_trial":false,"path_per_floor":["M","M","M","$","?","R","E","R","T","M","E","R","?","E","R","B",null,"M","?","?","?","M"],"character_chosen":"DEFECT","items_purchased":["Loop","Hologram"],"campfire_rested":2,"item_purchase_floors":[4,4],"current_hp_per_floor":[63,45,39,39,44,44,14,34,34,27,7,27,16,16,16,16,61,47,9,9,9,0],"gold":285,"neow_bonus":"REMOVE_TWO","is_prod":false,"is_daily":false,"chose_seed":false,"campfire_upgraded":2,"win_rate":0,"timestamp":1564706386,"path_taken":["M","M","M","$","?","R","E","R","T","M","E","R","?","E","R","BOSS","M","?","?","?","?"],"build_version":"2019-07-17","purchased_purges":0,"victory":false,"max_hp_per_floor":[64,64,64,64,69,69,69,69,69,69,69,69,69,76,76,76,76,76,76,38,38,38],"card_choices":[{"not_picked":["Coolheaded","Hologram"],"picked":"Consume","floor":1},{"not_picked":["Stack","Heatsinks"],"picked":"Turbo","floor":2},{"not_picked":["Hologram","Melter"],"picked":"Darkness","floor":3},{"not_picked":["Chill","Hyperbeam"],"picked":"Core Surge","floor":7},{"not_picked":["Beam Cell","Steam Power"],"picked":"Leap","floor":10},{"not_picked":["Leap","Coolheaded"],"picked":"Electrodynamics","floor":11},{"not_picked":["Rebound","Hyperbeam"],"picked":"Conserve Battery","floor":14},{"not_picked":["Rainbow","Buffer"],"picked":"Multi-Cast","floor":16},{"not_picked":["Blizzard","Beam Cell","Streamline"],"picked":"SKIP","floor":18},{"not_picked":["Scrape","Beam Cell"],"picked":"Ball Lightning","floor":19}],"player_experience":323166,"relics_obtained":[{"floor":7,"key":"War Paint"},{"floor":9,"key":"Sundial"},{"floor":11,"key":"Tiny Chest"},{"floor":14,"key":"Strawberry"},{"floor":19,"key":"Red Mask"}],"event_choices":[{"damage_healed":0,"gold_gain":0,"player_choice":"Donut","damage_taken":0,"max_hp_gain":5,"max_hp_loss":0,"event_name":"Big Fish","floor":5,"gold_loss":0},{"damage_healed":0,"gold_gain":0,"player_choice":"Fled","damage_taken":11,"max_hp_gain":0,"max_hp_loss":0,"event_name":"Scrap Ooze","floor":13,"gold_loss":0},{"damage_healed":0,"gold_gain":0,"player_choice":"Fought Bandits","damage_taken":0,"max_hp_gain":0,"max_hp_loss":0,"event_name":"Masked Bandits","floor":19,"gold_loss":0},{"damage_healed":0,"gold_gain":0,"player_choice":"Became a Ghost","damage_taken":0,"max_hp_gain":0,"max_hp_loss":38,"event_name":"Ghosts","floor":20,"gold_loss":0,"cards_obtained":["Ghostly","Ghostly","Ghostly"]},{"damage_healed":0,"gold_gain":0,"player_choice":"Upgraded","damage_taken":0,"max_hp_gain":0,"max_hp_loss":0,"event_name":"Upgrade Shrine","floor":21,"gold_loss":0,"cards_upgraded":["Darkness"]}],"is_beta":false,"boss_relics":[{"not_picked":["Calling Bell","Orrery"],"picked":"Astrolabe"}],"items_purged_floors":[],"is_endless":false,"potions_floor_spawned":[2,3,10,16,19],"killed_by":"2 Thieves","ascension_level":19}