{"gold_per_floor":[109,109,128,14,14,14,52,67,67,83,103,103,122,142,142,273,336,360,8,8,21,21],"floor_reached":22,"playtime":1657,"items_purged":["Regret"],"score":213,"play_id":"c5fe53fb-2991-43a3-a49a-f687354c0681","local_time":"20190825064000","is_ascension_mode":false,"campfire_choices":[{"floor":6,"key":"REST"},{"floor":15,"key":"REST"}],"neow_cost":"NONE","seed_source_timestamp":57910445875016,"circlet_count":0,"master_deck":["Strike_R","Strike_R","Strike_R","Strike_R","Strike_R","Defend_R","Defend_R","Defend_R","Defend_R","Bash","Cleave+1","Anger","Hemokinesis","Whirlwind","Body Slam","Sentinel","Rage","Havoc","Pommel Strike","Feed","Wild Strike","Shrug It Off","Rupture","Clothesline","Ghostly Armor"],"relics":["Burning Blood","NeowsBlessing","Girya","Golden Idol","Letter Opener","Question Card","Tiny House","Meat on the Bone"],"potions_floor_usage":[13,16,16,16,18,18,22],"damage_taken":[{"damage":0,"enemies":"Small Slimes","floor":1,"turns":1},{"damage":0,"enemies":"2 Louse","floor":3,"turns":1},{"damage":0,"enemies":"Gremlin Nob","floor":7,"turns":1},{"damage":3,"enemies":"Cultist","floor":8,"turns":3},{"damage":22,"enemies":"Blue Slaver","floor":10,"turns":3},{"damage":13,"enemies":"Looter","floor":11,"turns":3},{"damage":3,"enemies":"2 Fungi Beasts","floor":13,"turns":2},{"damage":17,"enemies":"Blue Slaver","floor":14,"turns":3},{"damage":57,"enemies":"Slime Boss","floor":16,"turns":12},{"damage":33,"enemies":"Shell Parasite","floor":18,"turns":5},{"damage":43,"enemies":"2 Thieves","floor":21,"turns":4},{"damage":34,"enemies":"Snecko","floor":22,"turns":6}],"seed_played":"8159980725524045087","potions_obtained":[{"floor":7,"key":"Strength Potion"},{"floor":8,"key":"Ancient Potion"},{"floor":10,"key":"Block Potion"},{"floor":13,"key":"SneckoOil"},{"floor":14,"key":"Explosive Potion"},{"floor":16,"key":"Explosive Potion"},{"floor":17,"key":"LiquidBronze"},{"floor":21,"key":"Weak Potion"}],"is_trial":false,"path_per_floor":["M","?","M","$","?","R","E","M","T","M","M","?","M","M","R","B",null,"M","$","?","M","M"],"character_chosen":"IRONCLAD","items_purchased":["Hemokinesis","Meat on the Bone","Rupture","Clothesline"],"campfire_rested":2,"item_purchase_floors":[4,19,19,19],"current_hp_per_floor":[80,80,80,80,60,80,80,80,80,64,57,57,60,49,73,22,85,58,58,58,33,0],"gold":21,"neow_bonus":"THREE_ENEMY_KILL","is_prod":false,"is_daily":false,"chose_seed":false,"campfire_upgraded":0,"win_rate":0.0,"timestamp":1566686400,"path_taken":["M","?","M","$","?","R","E","M","T","M","M","?","M","M","R","BOSS","M","$","?","M","M"],"build_version":"2019-07-17","purchased_purges":1,"victory":false,"max_hp_per_floor":[80,80,80,80,80,80,80,80,80,80,80,80,80,80,80,80,85,85,85,85,85,85],"card_choices":[{"not_picked":["Perfected Strike","Uppercut"],"picked":"Cleave","floor":1},{"not_picked":["Thunderclap","Pummel"],"picked":"Anger","floor":3},{"not_picked":["Clothesline","Exhume"],"picked":"Whirlwind","floor":7},{"not_picked":["Perfected Strike","Warcry"],"picked":"Body Slam","floor":8},{"not_picked":["Headbutt","Warcry","Hemokinesis"],"picked":"Sentinel","floor":10},{"not_picked":["Twin Strike","Whirlwind","Fire Breathing"],"picked":"Rage","floor":11},{"not_picked":["Uppercut","Pommel Strike","Cleave"],"picked":"Havoc","floor":13},{"not_picked":["Heavy Blade","Intimidate","Perfected Strike"],"picked":"Pommel Strike","floor":14},{"not_picked":["Offering","Berserk","Dark Embrace"],"picked":"Feed","floor":16},{"not_picked":["Havoc","Warcry","Sentinel"],"picked":"Wild Strike","floor":17},{"not_picked":["Bludgeon","Uppercut+1","Flex"],"picked":"Shrug It Off","floor":18},{"not_picked":["Fire Breathing","Headbutt","Thunderclap"],"picked":"Ghostly Armor","floor":21}],"player_experience":75318,"relics_obtained":[{"floor":7,"key":"Letter Opener"},{"floor":9,"key":"Question Card"}],"event_choices":[{"damage_healed":0,"gold_gain":0,"player_choice":"Box","damage_taken":0,"relics_obtained":["Girya"],"max_hp_gain":0,"max_hp_loss":0,"event_name":"Big Fish","floor":2,"gold_loss":0,"cards_obtained":["Regret"]},{"damage_healed":0,"gold_gain":0,"player_choice":"Take Damage","damage_taken":20,"relics_obtained":["Golden Idol"],"max_hp_gain":0,"max_hp_loss":0,"event_name":"Golden Idol","floor":5,"gold_loss":0},{"damage_healed":0,"gold_gain":0,"player_choice":"Ignored","damage_taken":0,"max_hp_gain":0,"max_hp_loss":0,"event_name":"Liars Game","floor":12,"gold_loss":0},{"damage_healed":0,"gold_gain":0,"player_choice":"Ignored","damage_taken":0,"max_hp_gain":0,"max_hp_loss":0,"event_name":"Ghosts","floor":20,"gold_loss":0}],"is_beta":false,"boss_relics":[{"not_picked":["Eternal Feather","Calling Bell"],"picked":"Tiny House"}],"items_purged_floors":[4],"is_endless":false,"potions_floor_spawned":[7,8,10,13,14,16,21],"killed_by":"Snecko","ascension_level":0}