{"gold_per_floor":[118,118,118,141,61,61,86,86,86,86,121,156,156],"floor_reached":13,"playtime":614,"items_purged":[],"score":158,"play_id":"506ed3d7-a0ff-463b-998f-1793f94adfd2","local_time":"20190801215653","is_ascension_mode":true,"campfire_choices":[{"floor":6,"key":"REST"},{"data":"Glacier","floor":8,"key":"SMITH"},{"floor":10,"key":"REST"}],"neow_cost":"NONE","seed_source_timestamp":165924746444064,"circlet_count":0,"master_deck":["AscendersBane","Strike_B+1","Strike_B","Strike_B","Strike_B","Defend_B","Defend_B+1","Defend_B","Defend_B","Zap","Dualcast","Ball Lightning","Leap","Cold Snap","Leap","Glacier+1","Undo","Blizzard"],"relics":["Velvet Choker","Golden Idol","Frozen Egg 2","Regal Pillow","Odd Mushroom"],"potions_floor_usage":[11,12,13],"damage_taken":[{"damage":1,"enemies":"Cultist","floor":1,"turns":4},{"damage":10,"enemies":"Small Slimes","floor":4,"turns":3},{"damage":0,"enemies":"2 Louse","floor":7,"turns":2},{"damage":30,"enemies":"Gremlin Nob","floor":11,"turns":6},{"damage":2,"enemies":"The Mushroom Lair","floor":12,"turns":5},{"damage":24,"enemies":"Gremlin Gang","floor":13,"turns":3}],"seed_played":"7244137650203405632","potions_obtained":[{"floor":4,"key":"Weak Potion"},{"floor":11,"key":"Poison Potion"},{"floor":12,"key":"AttackPotion"}],"is_trial":false,"path_per_floor":["M","?","?","M","$","R","M","R","T","R","E","?","M"],"character_chosen":"DEFECT","items_purchased":["Cold Snap","Leap"],"campfire_rested":2,"item_purchase_floors":[5,5],"current_hp_per_floor":[63,39,18,8,8,29,29,29,29,50,20,18,0],"gold":156,"neow_bonus":"BOSS_RELIC","is_prod":false,"is_daily":false,"chose_seed":false,"campfire_upgraded":1,"win_rate":0,"timestamp":1564711013,"path_taken":["M","?","?","M","$","R","M","R","T","R","E","?","M"],"build_version":"2019-07-17","purchased_purges":0,"victory":false,"max_hp_per_floor":[71,71,71,71,71,71,71,71,71,71,71,71,71],"card_choices":[{"not_picked":["Turbo","Barrage"],"picked":"Ball Lightning","floor":1},{"not_picked":["Coolheaded","Blizzard"],"picked":"Leap","floor":4},{"not_picked":["Thunder Strike","Force Field"],"picked":"Glacier","floor":7},{"not_picked":["Coolheaded","Reprogram"],"picked":"Undo","floor":11},{"not_picked":["Doom and Gloom","Coolheaded"],"picked":"Blizzard","floor":12}],"player_experience":328487,"relics_obtained":[{"floor":9,"key":"Frozen Egg 2"},{"floor":11,"key":"Regal Pillow"},{"floor":12,"key":"Odd Mushroom"}],"event_choices":[{"damage_healed":0,"gold_gain":0,"player_choice":"Take Damage","damage_taken":24,"relics_obtained":["Golden Idol"],"max_hp_gain":0,"max_hp_loss":0,"event_name":"Golden Idol","floor":2,"gold_loss":0},{"damage_healed":0,"gold_gain":0,"player_choice":"Entered Light","damage_taken":21,"max_hp_gain":0,"max_hp_loss":0,"event_name":"Shining Light","floor":3,"gold_loss":0,"cards_upgraded":["Strike_B","Defend_B"]},{"damage_healed":0,"gold_gain":0,"player_choice":"Fought Mushrooms","damage_taken":0,"max_hp_gain":0,"max_hp_loss":0,"event_name":"Mushrooms","floor":12,"gold_loss":0}],"is_beta":false,"boss_relics":[],"items_purged_floors":[],"is_endless":false,"potions_floor_spawned":[4,11,12],"killed_by":"Gremlin Gang","ascension_level":19}