{"gold_per_floor":[110,35,35,46,59,59,59,59,127,156,156,31,31,41,41,137,137,155,171,184,99,111,111,111,0,0,15,27,27,47,47,47,152,152,170,170,45,56,73,73,91,108,135,135],"floor_reached":44,"playtime":2191,"items_purged":["Strike_R","Strike_R","Strike_R"],"score":612,"play_id":"7cf18b36-776d-4cf2-ae99-a293e7934385","local_time":"20190824151355","is_ascension_mode":true,"campfire_choices":[{"data":"Searing Blow","floor":6,"key":"SMITH"},{"data":"Searing Blow+2","floor":8,"key":"SMITH"},{"data":"Searing Blow+3","floor":11,"key":"SMITH"},{"data":"Searing Blow+4","floor":15,"key":"SMITH"},{"floor":23,"key":"REST"},{"data":"Searing Blow+5","floor":24,"key":"SMITH"},{"floor":32,"key":"REST"},{"floor":40,"key":"REST"}],"neow_cost":"NONE","seed_source_timestamp":795215369461000,"circlet_count":0,"master_deck":["Strike_R","Defend_R+1","Defend_R","Bash","Searing Blow+7","Thunderclap","Rampage","Shrug It Off","Dual Wield","Armaments","Warcry+1","True Grit","Impervious","Shrug It Off+1","Burning Pact","Double Tap","Pommel Strike+1"],"relics":["Burning Blood","NeowsBlessing","Pantograph","Omamori","Velvet Choker","WingedGreaves","Gremlin Horn","Question Card","Empty Cage","War Paint"],"potions_floor_usage":[10,16,30,33,35,41,41,42,42],"damage_taken":[{"damage":0,"enemies":"Small Slimes","floor":1,"turns":1},{"damage":0,"enemies":"Cultist","floor":4,"turns":1},{"damage":0,"enemies":"2 Louse","floor":5,"turns":1},{"damage":40,"enemies":"Lagavulin","floor":10,"turns":4},{"damage":4,"enemies":"Exordium Thugs","floor":14,"turns":3},{"damage":44,"enemies":"Hexaghost","floor":16,"turns":5},{"damage":17,"enemies":"Shell Parasite","floor":18,"turns":3},{"damage":22,"enemies":"Spheric Guardian","floor":19,"turns":4},{"damage":8,"enemies":"Centurion and Healer","floor":20,"turns":5},{"damage":19,"enemies":"Snake Plant","floor":22,"turns":2},{"damage":24,"enemies":"Shelled Parasite and Fungi","floor":27,"turns":5},{"damage":10,"enemies":"Centurion and Healer","floor":28,"turns":5},{"damage":4,"enemies":"Cultist and Chosen","floor":30,"turns":3},{"damage":40,"enemies":"Champ","floor":33,"turns":8},{"damage":43,"enemies":"3 Darklings","floor":35,"turns":7},{"damage":13,"enemies":"3 Shapes","floor":38,"turns":5},{"damage":17,"enemies":"Sphere and 2 Shapes","floor":39,"turns":5},{"damage":3,"enemies":"Writhing Mass","floor":41,"turns":6},{"damage":11,"enemies":"3 Darklings","floor":42,"turns":4},{"damage":73,"enemies":"Transient","floor":44,"turns":5}],"seed_played":"-4733245650131432336","potions_obtained":[{"floor":1,"key":"Swift Potion"},{"floor":4,"key":"Dexterity Potion"},{"floor":10,"key":"SkillPotion"},{"floor":13,"key":"Swift Potion"},{"floor":13,"key":"Swift Potion"},{"floor":27,"key":"Poison Potion"},{"floor":28,"key":"Energy Potion"},{"floor":33,"key":"Fire Potion"},{"floor":38,"key":"FearPotion"},{"floor":39,"key":"GamblersBrew"},{"floor":41,"key":"PowerPotion"}],"is_trial":false,"path_per_floor":["M","$","?","M","M","R","?","R","T","E","R","$","?","M","R","B",null,"M","M","M","?","M","R","R","?","T","M","M","T","M","?","R","B",null,"M","?","$","M","M","R","M","M","T","M"],"character_chosen":"IRONCLAD","items_purchased":["Shrug It Off"],"campfire_rested":3,"item_purchase_floors":[12],"current_hp_per_floor":[78,78,78,80,80,80,80,80,80,46,46,46,46,48,48,35,69,58,42,40,40,27,51,51,51,51,33,29,29,31,31,55,46,72,35,35,35,28,17,41,44,39,39,0],"gold":135,"neow_bonus":"THREE_ENEMY_KILL","is_prod":false,"is_daily":false,"chose_seed":false,"campfire_upgraded":5,"win_rate":0,"timestamp":1566627235,"path_taken":["M","$","?","?","M","R","?","R","T","E","R","?","?","M","R","BOSS","M","M","?","?","M","R","R","?","T","M","M","?","?","?","R","BOSS","M","?","$","M","M","R","M","M","T","?"],"build_version":"2019-07-17","purchased_purges":3,"victory":false,"max_hp_per_floor":[80,80,80,80,80,80,80,80,80,80,80,80,80,80,80,80,80,80,80,80,80,80,80,80,80,80,80,80,80,80,80,80,80,80,80,80,80,80,80,80,80,80,80,80],"card_choices":[{"not_picked":["Entrench","Combust"],"picked":"Searing Blow","floor":1},{"not_picked":["Entrench","Blood for Blood"],"picked":"Thunderclap","floor":4},{"not_picked":["Rage","Thunderclap"],"picked":"Rampage","floor":5},{"not_picked":["Uppercut","Spot Weakness","Perfected Strike"],"picked":"SKIP","floor":10},{"not_picked":["Sword Boomerang","Feel No Pain"],"picked":"Dual Wield","floor":14},{"not_picked":["Corruption","Evolve","Carnage"],"picked":"SKIP","floor":18},{"not_picked":["Havoc","Seeing Red"],"picked":"Armaments","floor":19},{"not_picked":["Headbutt","Flex+1"],"picked":"Warcry","floor":20},{"not_picked":["Sword Boomerang","Iron Wave"],"picked":"True Grit","floor":22},{"not_picked":["Wild Strike","True Grit","Body Slam"],"picked":"SKIP","floor":27},{"not_picked":["Clash","Clothesline","Immolate"],"picked":"SKIP","floor":28},{"not_picked":["Hemokinesis","Flex","Twin Strike+1","Havoc"],"picked":"SKIP","floor":30},{"not_picked":["Brutality","Offering","Reaper"],"picked":"Impervious","floor":33},{"not_picked":["Heavy Blade+1","Seeing Red","Searing Blow"],"picked":"Shrug It Off+1","floor":35},{"not_picked":["Heavy Blade+1","Twin Strike","Entrench"],"picked":"Burning Pact","floor":38},{"not_picked":["Thunderclap","Flex+1","Fire Breathing","Flame Barrier"],"picked":"SKIP","floor":39},{"not_picked":["Evolve+1","Shrug It Off+1","Cleave"],"picked":"Double Tap","floor":41},{"not_picked":["Searing Blow+1","Fire Breathing","Heavy Blade+1"],"picked":"Pommel Strike+1","floor":42}],"player_experience":194421,"relics_obtained":[{"floor":9,"key":"Pantograph"},{"floor":10,"key":"Omamori"},{"floor":26,"key":"Gremlin Horn"},{"floor":29,"key":"Question Card"},{"floor":43,"key":"War Paint"}],"event_choices":[{"cards_removed":["Defend_R"],"damage_healed":0,"gold_gain":0,"player_choice":"Purged","damage_taken":0,"max_hp_gain":0,"max_hp_loss":0,"event_name":"Purifier","floor":3,"gold_loss":0},{"damage_healed":0,"gold_gain":0,"player_choice":"Grow","damage_taken":0,"max_hp_gain":0,"max_hp_loss":0,"event_name":"Living Wall","floor":7,"gold_loss":0,"cards_upgraded":["Searing Blow"]},{"damage_healed":0,"gold_gain":0,"player_choice":"Got Potions","damage_taken":0,"max_hp_gain":0,"max_hp_loss":0,"event_name":"Lab","floor":13,"gold_loss":0},{"damage_healed":0,"gold_gain":0,"player_choice":"Obtained Relic","damage_taken":0,"relics_obtained":["WingedGreaves"],"max_hp_gain":0,"max_hp_loss":0,"event_name":"Addict","floor":21,"gold_loss":85},{"damage_healed":0,"gold_gain":0,"player_choice":"Paid Fearfully","damage_taken":0,"max_hp_gain":0,"max_hp_loss":0,"event_name":"Masked Bandits","floor":25,"gold_loss":111},{"damage_healed":0,"gold_gain":0,"player_choice":"Ignored","damage_taken":0,"max_hp_gain":0,"max_hp_loss":0,"event_name":"The Mausoleum","floor":31,"gold_loss":0},{"damage_healed":0,"gold_gain":0,"player_choice":"Upgraded","damage_taken":0,"max_hp_gain":0,"max_hp_loss":0,"event_name":"Upgrade Shrine","floor":36,"gold_loss":0,"cards_upgraded":["Searing Blow"]}],"is_beta":false,"boss_relics":[{"not_picked":["Calling Bell","White Beast Statue"],"picked":"Velvet Choker"},{"not_picked":["Black Blood","Runic Dome"],"picked":"Empty Cage"}],"items_purged_floors":[2,12,37],"is_endless":false,"potions_floor_spawned":[1,4,10,14,27,28,33,38,39,41],"killed_by":"Transient","ascension_level":8}