{"gold_per_floor":[109,109,30,30,41,71,71,29,52,52,62,62,62,86,86,184,184,205,228,228,178,189,189,201,251,251,251,28,28,53,68,68,68],"floor_reached":33,"playtime":1641,"items_purged":[],"score":562,"play_id":"a1ea54da-b8c0-4b06-8956-6dc4af070e13","local_time":"20190830172620","is_ascension_mode":true,"campfire_choices":[{"data":"Bash","floor":7.0,"key":"SMITH"},{"data":"Juggernaut","floor":10.0,"key":"SMITH"},{"data":"True Grit","floor":12.0,"key":"SMITH"},{"data":"Combust","floor":15.0,"key":"SMITH"},{"data":"Feel No Pain","floor":23.0,"key":"SMITH"},{"data":"Disarm","floor":27.0,"key":"SMITH"},{"floor":32.0,"key":"REST"}],"neow_cost":"NONE","seed_source_timestamp":933900658751200,"circlet_count":0,"master_deck":["AscendersBane","Strike_R","Strike_R","Strike_R+1","Strike_R","Defend_R","Defend_R","Defend_R","Bash+1","Combust+1","Corruption+1","Feel No Pain+1","Metallicize+1","Juggernaut+1","Infernal Blade","True Grit+1","Ghostly Armor","Exhume","Disarm+1","Disarm+1","Body Slam","Feel No Pain+1"],"special_seed":0,"relics":["Burning Blood","NeowsBlessing","Letter Opener","Art of War","Bloody Idol","Philosopher\u0027s Stone","Magic Flower","Toolbox","Unceasing Top"],"potions_floor_usage":[33],"damage_taken":[{"damage":0.0,"enemies":"Small Slimes","floor":1.0,"turns":1.0},{"damage":0.0,"enemies":"Jaw Worm","floor":5.0,"turns":1.0},{"damage":0.0,"enemies":"Lagavulin","floor":6.0,"turns":1.0},{"damage":0.0,"enemies":"2 Louse","floor":11.0,"turns":2.0},{"damage":12.0,"enemies":"Exordium Wildlife","floor":14.0,"turns":4.0},{"damage":21.0,"enemies":"Hexaghost","floor":16.0,"turns":9.0},{"damage":15.0,"enemies":"3 Byrds","floor":18.0,"turns":3.0},{"damage":4.0,"enemies":"Chosen","floor":19.0,"turns":4.0},{"damage":16.0,"enemies":"Snake Plant","floor":22.0,"turns":5.0},{"damage":22.0,"enemies":"Centurion and Healer","floor":24.0,"turns":6.0},{"damage":22.0,"enemies":"Book of Stabbing","floor":30.0,"turns":5.0},{"damage":9.0,"enemies":"Shelled Parasite and Fungi","floor":31.0,"turns":6.0},{"damage":81,"enemies":"Automaton","floor":33,"turns":8}],"seed_played":"8345229184812820610","potions_obtained":[{"floor":5.0,"key":"Dexterity Potion"},{"floor":6.0,"key":"Energy Potion"},{"floor":16.0,"key":"Ancient Potion"},{"floor":30.0,"key":"SneckoOil"}],"is_trial":false,"path_per_floor":["M","?","$","?","M","E","R","$","T","R","M","R","?","M","R","B",null,"M","M","?","?","M","R","M","?","T","R","$","?","E","M","R","B"],"character_chosen":"IRONCLAD","items_purchased":["Feel No Pain","Infernal Blade","Toolbox"],"campfire_rested":1,"item_purchase_floors":[3,8,28],"current_hp_per_floor":[74,74,74,67,73,75,75,75,75,75,75,75,49,43,43,28,63,54,56,56,56,51,51,40,45,45,45,45,45,37,42,64,0],"gold":68,"neow_bonus":"THREE_ENEMY_KILL","is_prod":false,"is_daily":false,"chose_seed":false,"campfire_upgraded":6,"win_rate":0,"timestamp":1567211180,"path_taken":["M","?","$","?","M","E","R","$","T","R","M","R","?","M","R","BOSS","M","M","?","?","?","R","M","?","T","R","$","?","E","?","R","BOSS"],"build_version":"2019-07-17","purchased_purges":0,"victory":false,"max_hp_per_floor":[75,75,75,75,75,75,75,75,75,75,75,75,75,75,75,75,75,75,75,75,75,75,75,75,75,75,75,75,75,75,75,75,75],"card_choices":[{"not_picked":["Pommel Strike","Clash"],"picked":"Combust","floor":1.0},{"not_picked":["Perfected Strike","Headbutt"],"picked":"Metallicize","floor":5.0},{"not_picked":["Havoc","Rupture"],"picked":"Juggernaut","floor":6.0},{"not_picked":["Wild Strike","Headbutt"],"picked":"True Grit","floor":11.0},{"not_picked":["Searing Blow","Anger"],"picked":"Ghostly Armor","floor":14.0},{"not_picked":["Immolate","Berserk"],"picked":"Exhume","floor":16.0},{"not_picked":["True Grit","Headbutt"],"picked":"Disarm+1","floor":18.0},{"not_picked":["Sword Boomerang","True Grit"],"picked":"Disarm","floor":19.0},{"not_picked":["Havoc","Anger","Dropkick"],"picked":"SKIP","floor":22.0},{"not_picked":["Reaper","Dropkick"],"picked":"Body Slam","floor":24.0},{"not_picked":["Wild Strike+1","Thunderclap","Pommel Strike"],"picked":"SKIP","floor":30.0},{"not_picked":["Intimidate","Sword Boomerang"],"picked":"Feel No Pain+1","floor":31.0}],"player_experience":332620,"relics_obtained":[{"floor":6.0,"key":"Letter Opener"},{"floor":9.0,"key":"Art of War"},{"floor":26.0,"key":"Magic Flower"},{"floor":30.0,"key":"Unceasing Top"}],"event_choices":[{"damage_healed":0.0,"max_hp_gain":0.0,"max_hp_loss":0.0,"gold_gain":0.0,"cards_transformed":["Strike_R"],"event_name":"Living Wall","player_choice":"Change","floor":2.0,"gold_loss":0.0,"damage_taken":0.0,"cards_obtained":["Corruption"]},{"cards_removed":["Defend_R"],"damage_healed":0.0,"max_hp_gain":0.0,"max_hp_loss":0.0,"gold_gain":0.0,"event_name":"Golden Wing","player_choice":"Card Removal","floor":4.0,"gold_loss":0.0,"damage_taken":7.0},{"damage_healed":0.0,"max_hp_gain":0.0,"max_hp_loss":0.0,"gold_gain":0.0,"event_name":"Golden Idol","player_choice":"Take Damage","floor":13.0,"gold_loss":0.0,"damage_taken":26.0,"relics_obtained":["Golden Idol"]},{"damage_healed":0.0,"max_hp_gain":0.0,"max_hp_loss":0.0,"gold_gain":0.0,"event_name":"Forgotten Altar","player_choice":"Gave Idol","floor":20.0,"relics_lost":["Golden Idol"],"gold_loss":0.0,"damage_taken":0.0,"relics_obtained":["Bloody Idol"]},{"damage_healed":0.0,"max_hp_gain":0.0,"max_hp_loss":0.0,"gold_gain":0.0,"event_name":"Designer","player_choice":"Upgraded Two","floor":21.0,"gold_loss":50.0,"damage_taken":0.0,"cards_upgraded":["Strike_R","Corruption"]},{"damage_healed":0.0,"max_hp_gain":0.0,"max_hp_loss":0.0,"gold_gain":50.0,"event_name":"Nest","player_choice":"Stole From Cult","floor":25.0,"gold_loss":0.0,"damage_taken":0.0},{"damage_healed":0.0,"max_hp_gain":0.0,"max_hp_loss":0.0,"gold_gain":0.0,"event_name":"Upgrade Shrine","player_choice":"Upgraded","floor":29.0,"gold_loss":0.0,"damage_taken":0.0,"cards_upgraded":["Metallicize"]}],"is_beta":false,"boss_relics":[{"not_picked":["Fusion Hammer","Runic Pyramid"],"picked":"Philosopher\u0027s Stone"}],"items_purged_floors":[],"is_endless":false,"potions_floor_spawned":[5,6,14,16,18,22,30],"killed_by":"Automaton","ascension_level":19}