{"gold_per_floor":[117,117,117,44,57,57,74,74,74,74,74,101,101,113,113,217,217,227,247,15,15,26,51,69,69,94,44,63,77,95,95,95,95],"floor_reached":33,"playtime":1313,"items_purged":["Strike_R","Strike_R"],"score":345,"play_id":"ca9008a9-2b98-44ed-8ff0-34be7e7575f1","local_time":"20190101222813","is_ascension_mode":true,"campfire_choices":[{"floor":6,"key":"REST"},{"data":"Whirlwind","floor":8,"key":"SMITH"},{"data":"Clothesline","floor":10,"key":"SMITH"},{"data":"Bash","floor":15,"key":"SMITH"},{"floor":32,"key":"REST"}],"neow_cost":"NONE","seed_source_timestamp":284441302335376,"circlet_count":0,"master_deck":["Strike_R","Strike_R+1","Strike_R+1","Defend_R","Defend_R","Defend_R","Defend_R","Bash+1","Clothesline+1","Whirlwind+1","Limit Break","Thunderclap+1","True Grit","Spot Weakness+1","Shrug It Off","Flex","Heavy Blade","Limit Break","Mind Blast"],"relics":["Burning Blood","PreservedInsect","Mango","Letter Opener","Torii","Velvet Choker","Pen Nib","Nunchaku","Smiling Mask"],"potions_floor_usage":[16,18,23,33],"damage_taken":[{"damage":11,"enemies":"Jaw Worm","floor":1,"turns":4},{"damage":0,"enemies":"Cultist","floor":5,"turns":3},{"damage":5,"enemies":"Small Slimes","floor":7,"turns":3},{"damage":16,"enemies":"Gremlin Nob","floor":12,"turns":3},{"damage":15,"enemies":"Gremlin Gang","floor":14,"turns":3},{"damage":52,"enemies":"The Guardian","floor":16,"turns":10},{"damage":13,"enemies":"Chosen","floor":18,"turns":4},{"damage":5,"enemies":"Shell Parasite","floor":19,"turns":4},{"damage":17,"enemies":"Centurion and Healer","floor":22,"turns":3},{"damage":22,"enemies":"Slavers","floor":23,"turns":2},{"damage":12,"enemies":"Cultist and Chosen","floor":24,"turns":3},{"damage":17,"enemies":"Shelled Parasite and Fungi","floor":28,"turns":5},{"damage":23,"enemies":"Sentry and Sphere","floor":29,"turns":5},{"damage":3,"enemies":"Centurion and Healer","floor":30,"turns":6},{"damage":71,"enemies":"Automaton","floor":33,"turns":6}],"seed_played":"-1899100225171100580","potions_obtained":[{"floor":7,"key":"Explosive Potion"},{"floor":14,"key":"SteroidPotion"},{"floor":18,"key":"Swift Potion"},{"floor":22,"key":"LiquidBronze"},{"floor":28,"key":"GamblersBrew"},{"floor":29,"key":"SteroidPotion"}],"is_trial":false,"path_per_floor":["M","?","?","$","M","R","M","R","T","R","$","E","T","M","R","B",null,"M","M","$","?","M","E","M","$","T","$","M","M","M","?","R","B"],"character_chosen":"IRONCLAD","items_purchased":["Whirlwind","Pen Nib"],"campfire_rested":2,"item_purchase_floors":[4,20],"current_hp_per_floor":[83,65,62,62,68,88,88,88,102,102,102,92,92,83,83,37,102,95,96,96,96,85,69,63,63,63,63,52,35,38,38,68,0],"gold":95,"neow_bonus":"TEN_PERCENT_HP_BONUS","is_prod":false,"is_daily":false,"chose_seed":false,"campfire_upgraded":3,"win_rate":0,"timestamp":1546349293,"path_taken":["M","?","?","$","M","R","M","R","T","R","?","E","?","M","R","BOSS","M","M","$","?","M","E","?","$","T","?","?","?","M","?","R","BOSS"],"build_version":"2018-12-20","purchased_purges":2,"victory":false,"max_hp_per_floor":[88,88,88,88,88,88,88,88,102,102,102,102,102,102,102,102,102,102,102,102,102,102,102,102,102,102,102,102,102,102,102,102,102],"card_choices":[{"not_picked":["Dual Wield","Shrug It Off"],"picked":"Clothesline","floor":1},{"not_picked":["Wild Strike","Warcry","Perfected Strike"],"picked":"SKIP","floor":5},{"not_picked":["Second Wind","Seeing Red","Bloodletting"],"picked":"SKIP","floor":7},{"not_picked":["Metallicize","Armaments","Twin Strike"],"picked":"SKIP","floor":12},{"not_picked":["Ghostly Armor","Shockwave","Carnage"],"picked":"SKIP","floor":14},{"not_picked":["Impervious","Bludgeon"],"picked":"Limit Break","floor":16},{"not_picked":["Cleave","Anger"],"picked":"Thunderclap+1","floor":18},{"not_picked":["Warcry","Clash"],"picked":"True Grit","floor":19},{"not_picked":["Warcry","Body Slam","Feel No Pain"],"picked":"SKIP","floor":22},{"not_picked":["Ghostly Armor","Sword Boomerang"],"picked":"Spot Weakness+1","floor":23},{"not_picked":["Disarm","Pommel Strike"],"picked":"Shrug It Off","floor":24},{"not_picked":["Infernal Blade","Immolate"],"picked":"Flex","floor":28},{"not_picked":["Body Slam+1","Perfected Strike"],"picked":"Heavy Blade","floor":29},{"not_picked":["Pommel Strike+1","Wild Strike+1","Burning Pact+1"],"picked":"SKIP","floor":30}],"player_experience":110020,"relics_obtained":[{"floor":9,"key":"Mango"},{"floor":12,"key":"Letter Opener"},{"floor":13,"key":"Torii"},{"floor":23,"key":"Nunchaku"},{"floor":26,"key":"Smiling Mask"}],"event_choices":[{"damage_healed":0,"gold_gain":0,"player_choice":"Entered Light","damage_taken":18,"max_hp_gain":0,"max_hp_loss":0,"event_name":"Shining Light","floor":2,"gold_loss":0,"cards_upgraded":["Strike_R","Strike_R"]},{"damage_healed":0,"gold_gain":0,"player_choice":"Success","damage_taken":3,"relics_obtained":["PreservedInsect"],"max_hp_gain":0,"max_hp_loss":0,"event_name":"Scrap Ooze","floor":3,"gold_loss":0},{"damage_healed":0,"gold_gain":0,"player_choice":"Leave","damage_taken":0,"max_hp_gain":0,"max_hp_loss":0,"event_name":"FaceTrader","floor":21,"gold_loss":0},{"damage_healed":0,"gold_gain":0,"player_choice":"2 cards matched","damage_taken":0,"max_hp_gain":0,"max_hp_loss":0,"event_name":"Match and Keep!","floor":31,"gold_loss":0,"cards_obtained":["Limit Break","Mind Blast"]}],"is_beta":false,"boss_relics":[{"not_picked":["Cursed Key","Lizard Tail"],"picked":"Velvet Choker"}],"items_purged_floors":[20,27],"is_endless":false,"potions_floor_spawned":[7,14,18,22,28,29],"killed_by":"Automaton","ascension_level":4}