{"gold_per_floor":[112,129,140,160,174,174,174,190,190,208,226,226,256,28,28,28],"floor_reached":16,"playtime":933,"items_purged":["Strike_R"],"score":159,"play_id":"4bd3c2c2-d68c-48b6-ae35-4280284be499","local_time":"20190825192803","is_ascension_mode":true,"campfire_choices":[{"data":"Flex","floor":6,"key":"SMITH"},{"floor":12,"key":"REST"},{"data":"Heavy Blade","floor":15,"key":"SMITH"}],"neow_cost":"NONE","seed_source_timestamp":898112127949500,"circlet_count":0,"master_deck":["AscendersBane","Strike_R","Strike_R","Strike_R","Strike_R","Defend_R","Defend_R","Defend_R+1","Defend_R","Bash","Heavy Blade+1","Uppercut","Combust","Warcry+1","Shrug It Off","Flex+1","Shrug It Off","Thunderclap","Impervious","Inflame"],"relics":["Burning Blood","Gremlin Horn","Meat on the Bone","War Paint"],"potions_floor_usage":[],"damage_taken":[{"damage":1,"enemies":"Cultist","floor":1,"turns":3},{"damage":15,"enemies":"Small Slimes","floor":2,"turns":3},{"damage":3,"enemies":"Jaw Worm","floor":3,"turns":4},{"damage":13,"enemies":"Blue Slaver","floor":4,"turns":3},{"damage":16,"enemies":"Looter","floor":5,"turns":3},{"damage":25,"enemies":"Large Slime","floor":8,"turns":5},{"damage":0,"enemies":"3 Louse","floor":10,"turns":2},{"damage":12,"enemies":"Blue Slaver","floor":11,"turns":4},{"damage":34,"enemies":"3 Sentries","floor":13,"turns":6},{"damage":73,"enemies":"Hexaghost","floor":16,"turns":14}],"seed_played":"-5476292483442264025","potions_obtained":[{"floor":2,"key":"Energy Potion"},{"floor":3,"key":"FairyPotion"},{"floor":4,"key":"Ancient Potion"},{"floor":10,"key":"Ancient Potion"}],"is_trial":false,"path_per_floor":["M","M","M","M","M","R","?","M","T","M","M","R","E","$","R","B"],"character_chosen":"IRONCLAD","items_purchased":["Impervious","Inflame"],"campfire_rested":1,"item_purchase_floors":[14,14],"current_hp_per_floor":[77,68,71,64,54,54,54,35,35,53,47,71,55,55,55,0],"gold":28,"neow_bonus":"THREE_CARDS","is_prod":false,"is_daily":false,"chose_seed":false,"campfire_upgraded":2,"win_rate":0,"timestamp":1566728883,"path_taken":["M","M","?","M","M","R","?","?","T","M","M","R","E","$","R","BOSS"],"build_version":"2019-07-17","purchased_purges":1,"victory":false,"max_hp_per_floor":[80,80,80,80,80,80,80,80,80,80,80,80,80,80,80,80],"card_choices":[{"not_picked":["Iron Wave","Armaments"],"picked":"Heavy Blade","floor":0},{"not_picked":["Iron Wave","Entrench"],"picked":"Uppercut","floor":1},{"not_picked":["Heavy Blade","Armaments"],"picked":"Combust","floor":2},{"not_picked":["Dropkick","Sever Soul"],"picked":"Warcry","floor":3},{"not_picked":["Dropkick","Heavy Blade"],"picked":"Shrug It Off","floor":4},{"not_picked":["Anger","Havoc"],"picked":"Flex","floor":5},{"not_picked":["Corruption","Cleave"],"picked":"Shrug It Off","floor":8},{"not_picked":["Body Slam","Heavy Blade"],"picked":"Thunderclap","floor":10},{"not_picked":["Fire Breathing","Thunderclap","Bloodletting"],"picked":"SKIP","floor":11},{"not_picked":["True Grit","Thunderclap","Sword Boomerang"],"picked":"SKIP","floor":13}],"player_experience":208138,"relics_obtained":[{"floor":9,"key":"Meat on the Bone"},{"floor":13,"key":"War Paint"}],"event_choices":[{"damage_healed":0,"gold_gain":0,"player_choice":"Gave Potion","damage_taken":0,"relics_obtained":["Gremlin Horn"],"max_hp_gain":0,"max_hp_loss":0,"event_name":"WeMeetAgain","floor":7,"gold_loss":0}],"is_beta":false,"boss_relics":[],"items_purged_floors":[14],"is_endless":false,"potions_floor_spawned":[2,3,4,10],"killed_by":"Hexaghost","ascension_level":10}