{"gold_per_floor":[114,127,145,158,158,158,158,158,181,181,196,31,31,50,50,152,152,169,169,181,193,3,102,102,122,149,149,149,168,168,168,168,271,271,291,303,303,303,323,423,423],"floor_reached":41,"playtime":2676,"items_purged":[],"score":458,"play_id":"12ec77ff-f259-4078-81ca-5aedf47c676e","local_time":"20190823225650","is_ascension_mode":false,"campfire_choices":[{"data":"Wild Strike","floor":6,"key":"SMITH"},{"data":"Cleave","floor":8,"key":"SMITH"},{"data":"Bash","floor":10,"key":"SMITH"},{"floor":15,"key":"REST"},{"data":"Armaments","floor":24,"key":"SMITH"},{"floor":28,"key":"REST"},{"floor":30,"key":"REST"},{"data":"Intimidate","floor":32,"key":"SMITH"}],"neow_cost":"NONE","seed_source_timestamp":451482259596396,"circlet_count":0,"master_deck":["Strike_R","Strike_R","Strike_R","Strike_R","Strike_R","Defend_R","Defend_R","Defend_R","Bash+1","Wild Strike+1","Combust+1","Cleave+1","Rampage+1","Twin Strike","Panache+1","Intimidate+1","Double Tap+1","Evolve+1","Inflame+1","Armaments+1","Sword Boomerang+1","Fire Breathing+1","Feed+1","Bloodletting+1","Headbutt+1","Feed","Feel No Pain+1","Parasite"],"relics":["Burning Blood","Boot","Sozu","Medical Kit","Pen Nib","Mark of Pain","Ice Cream"],"potions_floor_usage":[14,16,16,29],"damage_taken":[{"damage":10,"enemies":"Cultist","floor":1,"turns":4},{"damage":0,"enemies":"2 Louse","floor":2,"turns":3},{"damage":9,"enemies":"Jaw Worm","floor":3,"turns":3},{"damage":0,"enemies":"2 Fungi Beasts","floor":4,"turns":2},{"damage":11,"enemies":"Lots of Slimes","floor":11,"turns":2},{"damage":14,"enemies":"Red Slaver","floor":14,"turns":2},{"damage":4,"enemies":"Slime Boss","floor":16,"turns":6},{"damage":17,"enemies":"2 Thieves","floor":18,"turns":3},{"damage":11,"enemies":"3 Byrds","floor":20,"turns":4},{"damage":13,"enemies":"Cultist and Chosen","floor":21,"turns":3},{"damage":26,"enemies":"Centurion and Healer","floor":25,"turns":4},{"damage":8,"enemies":"Sentry and Sphere","floor":29,"turns":4},{"damage":79,"enemies":"Automaton","floor":33,"turns":7},{"damage":23,"enemies":"3 Shapes","floor":35,"turns":3},{"damage":5,"enemies":"Orb Walker","floor":36,"turns":3},{"damage":21,"enemies":"Jaw Worm Horde","floor":39,"turns":3},{"damage":40,"enemies":"Mind Bloom Boss Battle","floor":40,"turns":5},{"damage":29,"enemies":"Writhing Mass","floor":41,"turns":5}],"seed_played":"7265599673039826095","potions_obtained":[{"floor":2,"key":"PowerPotion"},{"floor":4,"key":"EssenceOfSteel"},{"floor":11,"key":"Explosive Potion"},{"floor":16,"key":"SteroidPotion"}],"is_trial":false,"path_per_floor":["M","M","M","M","?","R","?","R","T","R","M","$","?","M","R","B",null,"M","?","M","M","$","?","R","M","T","?","R","M","R","?","R","B",null,"M","M","?","?","M","?","M"],"character_chosen":"IRONCLAD","items_purchased":["Panache","Medical Kit"],"campfire_rested":3,"item_purchase_floors":[12,22],"current_hp_per_floor":[84,88,85,88,88,88,88,88,88,88,83,83,65,57,83,85,88,77,77,72,65,65,65,65,45,45,45,71,69,88,88,88,15,88,74,78,78,78,63,29,0],"gold":423,"neow_bonus":"TEN_PERCENT_HP_BONUS","is_prod":false,"is_daily":false,"chose_seed":false,"campfire_upgraded":5,"win_rate":0.0,"timestamp":1566572210,"path_taken":["M","M","M","?","?","R","?","R","T","R","?","$","?","M","R","BOSS","M","?","M","?","$","?","R","M","T","?","R","?","R","?","R","BOSS","M","M","?","?","?","?","M"],"build_version":"2019-07-17","purchased_purges":0,"victory":false,"max_hp_per_floor":[88,88,88,88,88,88,88,88,88,88,88,88,88,88,88,88,88,88,88,88,88,88,88,88,88,88,88,88,88,88,88,88,88,88,91,94,94,94,94,94,94],"card_choices":[{"not_picked":["Perfected Strike","Sever Soul"],"picked":"Wild Strike","floor":1},{"not_picked":["Warcry","Uppercut"],"picked":"Combust","floor":2},{"not_picked":["Sword Boomerang","Clothesline"],"picked":"Cleave","floor":3},{"not_picked":["Iron Wave","Headbutt"],"picked":"Rampage","floor":4},{"not_picked":["Entrench","Iron Wave"],"picked":"Twin Strike","floor":11},{"not_picked":["Pommel Strike","Sword Boomerang"],"picked":"Intimidate","floor":14},{"not_picked":["Exhume","Impervious"],"picked":"Double Tap","floor":16},{"not_picked":["Anger","Sword Boomerang"],"picked":"Evolve+1","floor":18},{"not_picked":["Second Wind","Havoc"],"picked":"Inflame","floor":20},{"not_picked":["Body Slam","Second Wind+1"],"picked":"Armaments","floor":21},{"not_picked":["Heavy Blade","Clothesline"],"picked":"Sword Boomerang+1","floor":25},{"not_picked":["Clothesline+1","Searing Blow+1"],"picked":"Fire Breathing+1","floor":29},{"not_picked":["Immolate","Fiend Fire"],"picked":"Feed","floor":33},{"not_picked":["Shrug It Off","Armaments"],"picked":"Bloodletting+1","floor":35},{"not_picked":["Clash","Armaments"],"picked":"Headbutt+1","floor":36},{"not_picked":["Flex","Havoc"],"picked":"Feed","floor":39},{"not_picked":["True Grit","Corruption+1"],"picked":"Feel No Pain+1","floor":40}],"player_experience":58170,"relics_obtained":[{"floor":9,"key":"Boot"},{"floor":26,"key":"Pen Nib"},{"floor":40,"key":"Ice Cream"}],"event_choices":[{"damage_healed":0,"gold_gain":0,"player_choice":"Grow","damage_taken":0,"max_hp_gain":0,"max_hp_loss":0,"event_name":"Living Wall","floor":5,"gold_loss":0,"cards_upgraded":["Combust"]},{"damage_healed":0,"gold_gain":0,"player_choice":"Upgraded","damage_taken":0,"max_hp_gain":0,"max_hp_loss":0,"event_name":"Upgrade Shrine","floor":7,"gold_loss":0,"cards_upgraded":["Rampage"]},{"damage_healed":0,"gold_gain":0,"player_choice":"Entered Light","damage_taken":18,"max_hp_gain":0,"max_hp_loss":0,"event_name":"Shining Light","floor":13,"gold_loss":0,"cards_upgraded":["Panache","Defend_R"]},{"damage_healed":0,"gold_gain":0,"player_choice":"Upgraded","damage_taken":0,"max_hp_gain":0,"max_hp_loss":0,"event_name":"Upgrade Shrine","floor":19,"gold_loss":0,"cards_upgraded":["Double Tap"]},{"damage_healed":0,"gold_gain":99,"player_choice":"Stole From Cult","damage_taken":0,"max_hp_gain":0,"max_hp_loss":0,"event_name":"Nest","floor":23,"gold_loss":0},{"damage_healed":0,"gold_gain":0,"player_choice":"Forge","damage_taken":0,"max_hp_gain":0,"max_hp_loss":0,"event_name":"Accursed Blacksmith","floor":27,"gold_loss":0,"cards_upgraded":["Inflame"]},{"damage_healed":0,"gold_gain":0,"player_choice":"Ignored","damage_taken":0,"max_hp_gain":0,"max_hp_loss":0,"event_name":"The Mausoleum","floor":31,"gold_loss":0},{"cards_removed":["Defend_R"],"damage_healed":0,"gold_gain":0,"player_choice":"Removed Skill","damage_taken":0,"max_hp_gain":0,"max_hp_loss":0,"event_name":"Falling","floor":37,"gold_loss":0},{"damage_healed":0,"gold_gain":0,"player_choice":"Upgraded","damage_taken":0,"max_hp_gain":0,"max_hp_loss":0,"event_name":"Upgrade Shrine","floor":38,"gold_loss":0,"cards_upgraded":["Feed"]},{"damage_healed":0,"gold_gain":0,"player_choice":"Fight","damage_taken":0,"max_hp_gain":0,"max_hp_loss":0,"event_name":"MindBloom","floor":40,"gold_loss":0}],"is_beta":false,"boss_relics":[{"not_picked":["Lizard Tail","Empty Cage"],"picked":"Sozu"},{"not_picked":["Runic Dome","Busted Crown"],"picked":"Mark of Pain"}],"items_purged_floors":[],"is_endless":false,"potions_floor_spawned":[2,4,11,16,21,25,29,39],"killed_by":"Writhing Mass","ascension_level":0}