{"gold_per_floor":[119,129,204,204,274,274,299,299,346,361,361,377,403,467,467,564,564,577,637,647,258,308,308,16,16,16,16,66,66,96,110,110,209,209,221,271,321,390,407,407,457,457,511,511,13,13,77,91,91,91],"floor_reached":50,"playtime":2772,"items_purged":["Strike_R","Defend_R","Strike_R"],"score":768,"play_id":"c51a32c8-91e6-4475-b800-d2e03320aa58","local_time":"20190826220114","is_ascension_mode":true,"campfire_choices":[{"data":"Clothesline","floor":6,"key":"SMITH"},{"floor":8,"key":"REST"},{"data":"Twin Strike","floor":11,"key":"SMITH"},{"floor":15,"key":"REST"},{"floor":23,"key":"REST"},{"data":"Seeing Red","floor":25,"key":"SMITH"},{"data":"Shockwave","floor":27,"key":"SMITH"},{"data":"Heavy Blade","floor":29,"key":"SMITH"},{"floor":32,"key":"REST"},{"floor":40,"key":"REST"},{"floor":42,"key":"REST"},{"data":"Shockwave","floor":44,"key":"SMITH"},{"data":"Corruption","floor":46,"key":"SMITH"},{"floor":49,"key":"REST"}],"neow_cost":"NONE","seed_source_timestamp":991863447773000,"circlet_count":0,"master_deck":["AscendersBane","Strike_R","Defend_R","Defend_R","Defend_R","Bash","Clash","Twin Strike+1","Clothesline+1","Thunderclap","Shockwave+1","Shrug It Off","Demon Form","Disarm","Feed","Heavy Blade+1","Uppercut+1","Seeing Red+1","Shockwave+1","Intimidate","J.A.X.","Power Through+1","True Grit+1","Limit Break+1","Shrug It Off+1","Madness+1","Madness+1","Feel No Pain+1","Reckless Charge","Impervious+1","Corruption+1"],"relics":["Burning Blood","SsserpentHead","Pen Nib","Vajra","Turnip","White Beast Statue","PreservedInsect","Medical Kit","Darkstone Periapt","Toxic Egg 2","Mark of Pain","Lantern","Anchor"],"potions_floor_usage":[7,16,16,19,19,20,20,20,20,30,30,31,33,33,38,39,39,50,50,50],"damage_taken":[{"damage":10,"enemies":"2 Louse","floor":1,"turns":3},{"damage":0,"enemies":"Cultist","floor":2,"turns":2},{"damage":0,"enemies":"Jaw Worm","floor":5,"turns":3},{"damage":25,"enemies":"Lagavulin","floor":7,"turns":5},{"damage":17,"enemies":"Exordium Thugs","floor":10,"turns":3},{"damage":10,"enemies":"2 Fungi Beasts","floor":12,"turns":2},{"damage":20,"enemies":"3 Sentries","floor":13,"turns":7},{"damage":0,"enemies":"Looter","floor":14,"turns":2},{"damage":42,"enemies":"Hexaghost","floor":16,"turns":7},{"damage":16,"enemies":"2 Thieves","floor":18,"turns":4},{"damage":30,"enemies":"3 Byrds","floor":19,"turns":6},{"damage":18,"enemies":"Snake Plant","floor":20,"turns":2},{"damage":16,"enemies":"Slavers","floor":30,"turns":3},{"damage":13,"enemies":"Centurion and Healer","floor":31,"turns":4},{"damage":65,"enemies":"Automaton","floor":33,"turns":9},{"damage":11,"enemies":"Orb Walker","floor":35,"turns":3},{"damage":0,"enemies":"3 Shapes","floor":38,"turns":4},{"damage":29,"enemies":"3 Darklings","floor":39,"turns":8},{"damage":10,"enemies":"Spire Growth","floor":47,"turns":4},{"damage":32,"enemies":"4 Shapes","floor":48,"turns":10},{"damage":85,"enemies":"Time Eater","floor":50,"turns":9}],"seed_played":"-5616636233845654825","potions_obtained":[{"floor":1,"key":"Poison Potion"},{"floor":5,"key":"LiquidBronze"},{"floor":7,"key":"EssenceOfSteel"},{"floor":16,"key":"Strength Potion"},{"floor":18,"key":"Block Potion"},{"floor":19,"key":"EntropicBrew"},{"floor":20,"key":"FearPotion"},{"floor":30,"key":"Dexterity Potion"},{"floor":31,"key":"Weak Potion"},{"floor":33,"key":"PowerPotion"},{"floor":35,"key":"Explosive Potion"},{"floor":38,"key":"AttackPotion"},{"floor":39,"key":"LiquidBronze"}],"is_trial":false,"path_per_floor":["M","M","?","?","M","R","E","R","T","M","R","M","E","M","R","B",null,"M","M","M","$","?","R","$","R","T","R","?","R","E","M","R","B",null,"M","?","?","M","M","R","?","R","T","R","$","R","M","M","R","B"],"character_chosen":"IRONCLAD","items_purchased":["Seeing Red","AttackPotion","PreservedInsect","Block Potion","Medical Kit","Intimidate","Impervious+1","Corruption","Anchor","Dexterity Potion","LiquidBronze"],"campfire_rested":7,"item_purchase_floors":[21,21,21,21,24,24,45,45,45,45,45],"current_hp_per_floor":[68,74,63,63,69,69,50,74,74,63,63,59,45,51,75,39,70,60,39,50,50,50,75,75,75,75,75,75,75,65,58,83,24,71,66,55,47,56,33,59,59,85,85,85,85,85,84,58,85,0],"gold":91,"neow_bonus":"TRANSFORM_CARD","is_prod":false,"is_daily":false,"chose_seed":false,"campfire_upgraded":7,"win_rate":0,"timestamp":1566824474,"path_taken":["M","M","?","?","?","R","E","R","T","M","R","M","E","?","R","BOSS","M","?","M","$","?","R","?","R","T","R","?","R","E","M","R","BOSS","M","?","?","?","M","R","?","R","T","R","?","R","?","M","R","BOSS"],"build_version":"2019-07-17","purchased_purges":3,"victory":false,"max_hp_per_floor":[80,80,80,80,80,80,80,80,80,80,80,80,80,80,80,80,80,80,83,86,86,86,86,86,86,86,86,86,86,86,86,86,86,86,86,86,86,89,89,89,89,89,89,89,89,89,92,92,92,92],"card_choices":[{"not_picked":["Dropkick","Iron Wave"],"picked":"Twin Strike","floor":1},{"not_picked":["Armaments","True Grit"],"picked":"Clothesline","floor":2},{"not_picked":["Headbutt","Dual Wield"],"picked":"Thunderclap","floor":5},{"not_picked":["Fire Breathing","Iron Wave"],"picked":"Shockwave","floor":7},{"not_picked":["Heavy Blade","Cleave"],"picked":"Shrug It Off","floor":10},{"not_picked":["Dropkick","Juggernaut","Perfected Strike"],"picked":"SKIP","floor":12},{"not_picked":["Clash","Shrug It Off"],"picked":"Demon Form","floor":13},{"not_picked":["Sever Soul","Warcry"],"picked":"Disarm","floor":14},{"not_picked":["Juggernaut","Double Tap"],"picked":"Feed","floor":16},{"not_picked":["Searing Blow","Blood for Blood"],"picked":"Heavy Blade","floor":18},{"not_picked":["Anger","Cleave","Body Slam"],"picked":"SKIP","floor":19},{"not_picked":["Armaments+1","Wild Strike"],"picked":"Uppercut+1","floor":20},{"not_picked":["Heavy Blade+1","True Grit+1"],"picked":"Power Through","floor":30},{"not_picked":["Searing Blow","Wild Strike+1"],"picked":"True Grit+1","floor":31},{"not_picked":["Berserk","Exhume+1"],"picked":"Limit Break+1","floor":33},{"not_picked":["Headbutt+1","Dual Wield+1"],"picked":"Shrug It Off+1","floor":35},{"not_picked":["Thunderclap","Clothesline+1"],"picked":"Feel No Pain+1","floor":38},{"not_picked":["Carnage","Inflame","Clothesline"],"picked":"SKIP","floor":39},{"not_picked":["Hemokinesis","Rupture+1","Entrench+1"],"picked":"SKIP","floor":47},{"not_picked":["Twin Strike","Thunderclap","Combust"],"picked":"SKIP","floor":48}],"player_experience":221220,"relics_obtained":[{"floor":7,"key":"Pen Nib"},{"floor":9,"key":"Vajra"},{"floor":13,"key":"Turnip"},{"floor":26,"key":"Darkstone Periapt"},{"floor":30,"key":"Toxic Egg 2"},{"floor":43,"key":"Lantern"}],"event_choices":[{"damage_healed":0,"gold_gain":75,"player_choice":"Gather Gold","damage_taken":11,"max_hp_gain":0,"max_hp_loss":0,"event_name":"World of Goop","floor":3,"gold_loss":0},{"damage_healed":0,"gold_gain":0,"player_choice":"Trade","damage_taken":0,"relics_obtained":["SsserpentHead"],"max_hp_gain":0,"max_hp_loss":0,"event_name":"FaceTrader","floor":4,"gold_loss":0},{"damage_healed":0,"gold_gain":0,"player_choice":"Copied","damage_taken":0,"max_hp_gain":0,"max_hp_loss":0,"event_name":"Duplicator","floor":22,"gold_loss":0,"cards_obtained":["Shockwave"]},{"damage_healed":0,"gold_gain":0,"player_choice":"Obtain J.A.X.","damage_taken":0,"max_hp_gain":0,"max_hp_loss":0,"event_name":"Drug Dealer","floor":28,"gold_loss":0,"cards_obtained":["J.A.X."]},{"damage_healed":0,"gold_gain":0,"player_choice":"Embrace Madness","damage_taken":11,"max_hp_gain":0,"max_hp_loss":0,"event_name":"Winding Halls","floor":36,"gold_loss":0,"cards_obtained":["Madness","Madness"]},{"damage_healed":0,"gold_gain":0,"player_choice":"Damaged","damage_taken":8,"max_hp_gain":0,"max_hp_loss":0,"event_name":"Wheel of Change","floor":37,"gold_loss":0},{"damage_healed":0,"gold_gain":0,"cards_transformed":["Strike_R"],"player_choice":"Transformed","damage_taken":0,"max_hp_gain":0,"max_hp_loss":0,"event_name":"Transmorgrifier","floor":41,"gold_loss":0,"cards_obtained":["Reckless Charge"]}],"is_beta":false,"boss_relics":[{"not_picked":["Calling Bell","Empty Cage"],"picked":"White Beast Statue"},{"not_picked":["Snecko Eye","Runic Cube"],"picked":"Mark of Pain"}],"items_purged_floors":[21,24,45],"is_endless":false,"potions_floor_spawned":[1,5,7,16,18,19,20,30,31,33,35,38,39,47,48],"killed_by":"Time Eater","ascension_level":10}