{"gold_per_floor":[113,4,20,32,47,73,73,89,89,120,38,38,57,121,121,223,223,241,241,255,274,274],"floor_reached":22,"playtime":1781,"items_purged":["Regret"],"score":198,"play_id":"46448a29-ebb4-49f7-97ef-bc9f51ee19fc","local_time":"20190821155714","is_ascension_mode":false,"campfire_choices":[{"floor":7,"key":"REST"},{"floor":12,"key":"REST"},{"floor":15,"key":"REST"}],"neow_cost":"CURSE","seed_source_timestamp":254394379332830,"circlet_count":0,"master_deck":["Strike_R","Strike_R+1","Strike_R+1","Strike_R","Strike_R","Defend_R","Defend_R","Bash","Sword Boomerang","Combust","Inflame","Metallicize","Headbutt","Pommel Strike","Reckless Charge","Heavy Blade","Reckless Charge","Hemokinesis","Dropkick","Sword Boomerang","Combust","Demon Form","Double Tap","Rage","Wild Strike","Warcry"],"relics":["Burning Blood","Bottled Flame","Whetstone","Centennial Puzzle","Bottled Tornado","Eternal Feather","SsserpentHead"],"potions_floor_usage":[6,10,10,14,16,21],"damage_taken":[{"damage":23,"enemies":"Jaw Worm","floor":1,"turns":3},{"damage":13,"enemies":"Small Slimes","floor":3,"turns":3},{"damage":3,"enemies":"Cultist","floor":4,"turns":3},{"damage":18,"enemies":"Large Slime","floor":5,"turns":4},{"damage":11,"enemies":"Gremlin Nob","floor":6,"turns":3},{"damage":17,"enemies":"Lots of Slimes","floor":8,"turns":2},{"damage":28,"enemies":"3 Sentries","floor":10,"turns":5},{"damage":12,"enemies":"Blue Slaver","floor":13,"turns":2},{"damage":38,"enemies":"3 Sentries","floor":14,"turns":5},{"damage":17,"enemies":"Slime Boss","floor":16,"turns":5},{"damage":26,"enemies":"Spheric Guardian","floor":18,"turns":4},{"damage":36,"enemies":"Shell Parasite","floor":20,"turns":5},{"damage":9,"enemies":"Sentry and Sphere","floor":21,"turns":4},{"damage":31,"enemies":"Centurion and Healer","floor":22,"turns":3}],"seed_played":"-2092531482453786618","potions_obtained":[{"floor":1,"key":"Strength Potion"},{"floor":3,"key":"SkillPotion"},{"floor":4,"key":"GamblersBrew"},{"floor":6,"key":"BloodPotion"},{"floor":10,"key":"FearPotion"},{"floor":20,"key":"Strength Potion"}],"is_trial":false,"path_per_floor":["M","$","M","M","M","E","R","M","T","E","$","R","M","?","R","B",null,"M","?","M","M","M"],"character_chosen":"IRONCLAD","items_purchased":["Metallicize","Dropkick","Sword Boomerang"],"campfire_rested":3,"item_purchase_floors":[2,11,11],"current_hp_per_floor":[63,63,56,59,47,42,66,55,55,53,53,77,71,39,63,52,80,60,60,30,27,0],"gold":274,"neow_bonus":"TRANSFORM_TWO_CARDS","is_prod":false,"is_daily":false,"chose_seed":false,"campfire_upgraded":0,"win_rate":0.0,"timestamp":1566374234,"path_taken":["M","$","M","M","M","E","R","M","T","E","$","R","M","?","R","BOSS","M","?","M","M","M"],"build_version":"2019-07-17","purchased_purges":1,"victory":false,"max_hp_per_floor":[80,80,80,80,80,80,80,80,80,80,80,80,80,80,80,80,80,80,80,80,80,80],"card_choices":[{"not_picked":["Ghostly Armor","Twin Strike"],"picked":"Inflame","floor":1},{"not_picked":["Feel No Pain","Shockwave"],"picked":"Headbutt","floor":3},{"not_picked":["Perfected Strike","Warcry"],"picked":"Pommel Strike","floor":4},{"not_picked":["Clash","True Grit"],"picked":"Reckless Charge","floor":5},{"not_picked":["Offering","Rage"],"picked":"Heavy Blade","floor":6},{"not_picked":["Clash","Iron Wave"],"picked":"Reckless Charge","floor":8},{"not_picked":["Ghostly Armor","Shrug It Off"],"picked":"Hemokinesis","floor":10},{"not_picked":["Iron Wave","Dual Wield"],"picked":"Combust","floor":13},{"not_picked":["Pummel","Thunderclap"],"picked":"Demon Form","floor":14},{"not_picked":["Fiend Fire","Juggernaut"],"picked":"Double Tap","floor":16},{"not_picked":["Iron Wave+1","Disarm"],"picked":"Rage","floor":18},{"not_picked":["Sever Soul+1","Rage+1"],"picked":"Wild Strike","floor":20},{"not_picked":["Perfected Strike","Body Slam+1"],"picked":"Warcry","floor":21}],"player_experience":47824,"relics_obtained":[{"floor":6,"key":"Bottled Flame"},{"floor":9,"key":"Whetstone"},{"floor":10,"key":"Centennial Puzzle"},{"floor":14,"key":"Bottled Tornado"}],"event_choices":[{"damage_healed":0,"gold_gain":0,"player_choice":"Searched \u00272\u0027 times","damage_taken":0,"max_hp_gain":0,"max_hp_loss":0,"event_name":"Dead Adventurer","floor":14,"gold_loss":0},{"damage_healed":0,"gold_gain":0,"player_choice":"Trade","damage_taken":0,"relics_obtained":["SsserpentHead"],"max_hp_gain":0,"max_hp_loss":0,"event_name":"FaceTrader","floor":19,"gold_loss":0}],"is_beta":false,"boss_relics":[{"not_picked":["Velvet Choker","Empty Cage"],"picked":"Eternal Feather"}],"items_purged_floors":[2],"is_endless":false,"potions_floor_spawned":[1,3,4,6,10,20],"killed_by":"Centurion and Healer","ascension_level":0}