{"gold_per_floor":[110,110,122,122,135,176,176,201,201,217,217,217,217,230,230,356,356,370,388,388],"floor_reached":20,"playtime":1059,"items_purged":[],"score":176,"play_id":"7de28956-38d3-43f5-b6de-33280ac6507d","local_time":"20190828224137","is_ascension_mode":false,"campfire_choices":[{"floor":7,"key":"REST"},{"floor":13,"key":"REST"},{"data":"Carnage","floor":15,"key":"SMITH"}],"neow_cost":"NONE","seed_source_timestamp":2420820546637717,"circlet_count":0,"master_deck":["Strike_R","Strike_R","Strike_R","Strike_R","Strike_R","Defend_R","Defend_R","Defend_R","Defend_R","Bash","Thunderclap+1","Armaments","Injury","Twin Strike","Carnage+1","Pommel Strike","Anger","Iron Wave","Feed","Perfected Strike","Feel No Pain"],"relics":["Runic Dome","Golden Idol","Kunai","Mummified Hand","Pantograph","Runic Pyramid"],"potions_floor_usage":[16,16],"damage_taken":[{"damage":5,"enemies":"Small Slimes","floor":1,"turns":4},{"damage":6,"enemies":"Jaw Worm","floor":3,"turns":3},{"damage":3,"enemies":"2 Louse","floor":5,"turns":2},{"damage":42,"enemies":"Gremlin Nob","floor":6,"turns":5},{"damage":7,"enemies":"Blue Slaver","floor":8,"turns":2},{"damage":3,"enemies":"Lots of Slimes","floor":10,"turns":3},{"damage":5,"enemies":"Looter","floor":14,"turns":2},{"damage":65,"enemies":"Hexaghost","floor":16,"turns":10},{"damage":15,"enemies":"Chosen","floor":18,"turns":4},{"damage":25,"enemies":"2 Thieves","floor":19,"turns":3},{"damage":48,"enemies":"Shelled Parasite and Fungi","floor":20,"turns":5}],"seed_played":"-6108977692904118054","potions_obtained":[{"floor":3,"key":"GamblersBrew"},{"floor":5,"key":"Ancient Potion"},{"floor":10,"key":"Ancient Potion"},{"floor":14,"key":"FearPotion"},{"floor":18,"key":"AttackPotion"},{"floor":19,"key":"SpeedPotion"}],"is_trial":false,"path_per_floor":["M","?","M","?","M","E","R","M","T","M","?","T","R","M","R","B",null,"M","M","M"],"character_chosen":"IRONCLAD","items_purchased":[],"campfire_rested":2,"item_purchase_floors":[],"current_hp_per_floor":[75,75,69,69,66,24,48,41,41,38,38,38,62,57,57,15,80,65,43,0],"gold":388,"neow_bonus":"BOSS_RELIC","is_prod":false,"is_daily":false,"chose_seed":false,"campfire_upgraded":1,"win_rate":0.0,"timestamp":1567050097,"path_taken":["M","?","M","?","M","E","R","M","T","M","?","?","R","?","R","BOSS","M","M","M"],"build_version":"2019-07-17","purchased_purges":0,"victory":false,"max_hp_per_floor":[80,80,80,80,80,80,80,80,80,80,80,80,80,80,80,80,80,80,83,83],"card_choices":[{"not_picked":["Sword Boomerang","True Grit"],"picked":"Thunderclap","floor":1},{"not_picked":["Whirlwind","Warcry"],"picked":"Armaments","floor":3},{"not_picked":["Warcry","Bloodletting"],"picked":"Twin Strike","floor":5},{"not_picked":["Feed","Impervious"],"picked":"Carnage","floor":6},{"not_picked":["Twin Strike","Perfected Strike"],"picked":"Pommel Strike","floor":8},{"not_picked":["Twin Strike","Sword Boomerang"],"picked":"Anger","floor":10},{"not_picked":["Thunderclap","Inflame"],"picked":"Iron Wave","floor":14},{"not_picked":["Double Tap","Fiend Fire"],"picked":"Feed","floor":16},{"not_picked":["Metallicize","Twin Strike"],"picked":"Perfected Strike","floor":18},{"not_picked":["Dropkick","Body Slam"],"picked":"Feel No Pain","floor":19}],"player_experience":10684,"relics_obtained":[{"floor":6,"key":"Kunai"},{"floor":9,"key":"Mummified Hand"},{"floor":12,"key":"Pantograph"}],"event_choices":[{"damage_healed":0,"gold_gain":0,"player_choice":"Grow","damage_taken":0,"max_hp_gain":0,"max_hp_loss":0,"event_name":"Living Wall","floor":2,"gold_loss":0,"cards_upgraded":["Thunderclap"]},{"damage_healed":0,"gold_gain":0,"player_choice":"Take Wound","damage_taken":0,"relics_obtained":["Golden Idol"],"max_hp_gain":0,"max_hp_loss":0,"event_name":"Golden Idol","floor":4,"gold_loss":0,"cards_obtained":["Injury"]},{"damage_healed":0,"gold_gain":0,"player_choice":"Ignored","damage_taken":0,"max_hp_gain":0,"max_hp_loss":0,"event_name":"Shining Light","floor":11,"gold_loss":0}],"is_beta":false,"boss_relics":[{"not_picked":["Snecko Eye","Black Star"],"picked":"Runic Pyramid"}],"items_purged_floors":[],"is_endless":false,"potions_floor_spawned":[3,5,10,14,18,19],"killed_by":"Shelled Parasite and Fungi","ascension_level":0}