{"gold_per_floor":[113,113,113,138,156,156,177,190,190,233,233,257,257,300,300,426,426,451,465,481,481,481,516,184,184,261,277,277,277,277,277,277,373,373,385,438,67,0,0,29,46,61,61,78,78,97,22,38,38,38],"floor_reached":50,"playtime":2817,"items_purged":["Shame"],"score":844,"play_id":"6726312f-41eb-4ccf-af69-790fd4e76d86","local_time":"20190825152303","is_ascension_mode":true,"campfire_choices":[{"data":"Spot Weakness","floor":6,"key":"SMITH"},{"floor":11,"key":"REST"},{"floor":15,"key":"REST"},{"data":"1","floor":28,"key":"LIFT"},{"data":"2","floor":30,"key":"LIFT"},{"data":"3","floor":32,"key":"LIFT"},{"data":"Inflame","floor":45,"key":"SMITH"},{"data":"Demon Form","floor":49,"key":"SMITH"}],"neow_cost":"CURSE","seed_source_timestamp":493478346055200,"circlet_count":0,"master_deck":["AscendersBane","Defend_R","Defend_R","Defend_R","Defend_R","Bash","Master of Strategy","Swift Strike","Iron Wave","Inflame","Spot Weakness+1","Cleave","Shrug It Off","Pummel","Armaments","Blood for Blood","Demon Form+1","Battle Trance+1","Twin Strike","Offering","Bite","Bite","Bite","Bite","Bite","Seeing Red","Carnage","Spot Weakness+1","Double Tap+1","Clothesline","Rage+1","Inflame+1","Flash of Steel","Warcry+1","Madness+1","Madness+1","Limit Break+1","Battle Trance+1","Heavy Blade","Armaments+1"],"relics":["Burning Blood","Bloody Idol","Question Card","Ornamental Fan","Bottled Flame","Busted Crown","Happy Flower","Girya","Toxic Egg 2","Ginger","Cursed Key","Champion Belt","Red Skull","Red Mask","Blood Vial","Sundial"],"potions_floor_usage":[13,14,14,16,33,36,46,50,50,50],"damage_taken":[{"damage":1,"enemies":"Cultist","floor":1,"turns":4},{"damage":7,"enemies":"Small Slimes","floor":4,"turns":3},{"damage":7,"enemies":"2 Louse","floor":5,"turns":2},{"damage":7,"enemies":"Looter","floor":7,"turns":3},{"damage":7,"enemies":"Exordium Wildlife","floor":8,"turns":3},{"damage":38,"enemies":"Gremlin Nob","floor":10,"turns":4},{"damage":6,"enemies":"2 Fungi Beasts","floor":12,"turns":2},{"damage":0,"enemies":"3 Louse","floor":13,"turns":1},{"damage":32,"enemies":"Lagavulin","floor":14,"turns":5},{"damage":23,"enemies":"The Guardian","floor":16,"turns":12},{"damage":3,"enemies":"Spheric Guardian","floor":18,"turns":3},{"damage":7,"enemies":"Chosen","floor":19,"turns":4},{"damage":16,"enemies":"Centurion and Healer","floor":20,"turns":5},{"damage":25,"enemies":"Book of Stabbing","floor":23,"turns":3},{"damage":6,"enemies":"Cultist and Chosen","floor":27,"turns":4},{"damage":33,"enemies":"Champ","floor":33,"turns":5},{"damage":1,"enemies":"3 Shapes","floor":35,"turns":2},{"damage":6,"enemies":"2 Orb Walkers","floor":36,"turns":2},{"damage":6,"enemies":"Reptomancer","floor":40,"turns":3},{"damage":0,"enemies":"3 Darklings","floor":41,"turns":1},{"damage":15,"enemies":"Writhing Mass","floor":42,"turns":3},{"damage":24,"enemies":"Spire Growth","floor":44,"turns":4},{"damage":32,"enemies":"Transient","floor":46,"turns":5},{"damage":0,"enemies":"Writhing Mass","floor":48,"turns":2},{"damage":69,"enemies":"Donu and Deca","floor":50,"turns":4}],"seed_played":"7223698545862268582","potions_obtained":[{"floor":1,"key":"SmokeBomb"},{"floor":8,"key":"Regen Potion"},{"floor":10,"key":"Poison Potion"},{"floor":14,"key":"Dexterity Potion"},{"floor":18,"key":"SkillPotion"},{"floor":20,"key":"Explosive Potion"},{"floor":35,"key":"Energy Potion"},{"floor":40,"key":"SkillPotion"},{"floor":48,"key":"Ancient Potion"}],"is_trial":false,"path_per_floor":["M","?","?","M","M","R","M","M","T","E","R","M","M","E","R","B",null,"M","M","M","?","?","E","$","?","T","M","R","?","R","?","R","B",null,"M","?","$","?","?","E","M","M","T","M","R","M","$","M","R","B"],"character_chosen":"IRONCLAD","items_purchased":["Girya","Carnage","Inflame","Red Skull","Flash of Steel","Warcry+1","Strength Potion"],"campfire_rested":2,"item_purchase_floors":[24,24,37,37,37,37,37],"current_hp_per_floor":[77,77,57,56,55,55,54,53,53,21,45,45,51,39,63,46,72,75,74,64,56,56,41,41,41,46,56,56,56,56,56,56,44,53,56,56,56,56,49,56,56,54,54,51,51,42,42,56,56,0],"gold":38,"neow_bonus":"RANDOM_COLORLESS_2","is_prod":false,"is_daily":false,"chose_seed":false,"campfire_upgraded":3,"win_rate":0,"timestamp":1566771783,"path_taken":["M","?","?","M","M","R","M","M","T","E","R","M","M","E","R","BOSS","M","M","M","?","?","E","$","?","T","?","R","?","R","?","R","BOSS","M","?","$","?","?","E","M","M","T","?","R","M","$","M","R","BOSS"],"build_version":"2019-07-17","purchased_purges":1,"victory":false,"max_hp_per_floor":[80,80,80,80,80,80,80,80,80,80,80,80,80,80,80,80,80,80,80,80,56,56,56,56,56,56,56,56,56,56,56,56,56,56,56,56,56,56,56,56,56,56,56,56,56,56,56,56,56,56],"card_choices":[{"not_picked":["Shockwave","Wild Strike"],"picked":"Iron Wave","floor":1},{"not_picked":["Havoc","Perfected Strike"],"picked":"Inflame","floor":4},{"not_picked":["Ghostly Armor","Sword Boomerang"],"picked":"Spot Weakness","floor":5},{"not_picked":["Flex","Perfected Strike"],"picked":"Cleave","floor":7},{"not_picked":["Pommel Strike","Rampage"],"picked":"Shrug It Off","floor":8},{"not_picked":["Entrench","Clothesline","Dark Embrace"],"picked":"Pummel","floor":10},{"not_picked":["Shockwave","Warcry","Iron Wave"],"picked":"Armaments","floor":12},{"not_picked":["Wild Strike","Warcry","Twin Strike"],"picked":"Blood for Blood","floor":14},{"not_picked":["Dark Embrace","Juggernaut","Barricade"],"picked":"Demon Form","floor":16},{"not_picked":["Perfected Strike"],"picked":"Battle Trance+1","floor":18},{"not_picked":["Warcry"],"picked":"Twin Strike","floor":19},{"not_picked":["Shrug It Off"],"picked":"Offering","floor":20},{"not_picked":["Shrug It Off+1"],"picked":"Seeing Red","floor":23},{"not_picked":["Wild Strike"],"picked":"Spot Weakness+1","floor":27},{"not_picked":["Barricade"],"picked":"Double Tap+1","floor":33},{"not_picked":["Wild Strike"],"picked":"Clothesline","floor":35},{"not_picked":["Cleave"],"picked":"Rage+1","floor":36},{"not_picked":["Flame Barrier+1"],"picked":"Limit Break+1","floor":40},{"not_picked":["Blood for Blood+1"],"picked":"Battle Trance+1","floor":41},{"not_picked":["Cleave+1","Power Through+1"],"picked":"SKIP","floor":42},{"not_picked":["True Grit+1","Bloodletting+1"],"picked":"SKIP","floor":44},{"not_picked":["Dropkick"],"picked":"Heavy Blade","floor":46},{"not_picked":["True Grit+1"],"picked":"Armaments+1","floor":48}],"player_experience":172732,"relics_obtained":[{"floor":9,"key":"Question Card"},{"floor":10,"key":"Ornamental Fan"},{"floor":14,"key":"Bottled Flame"},{"floor":23,"key":"Happy Flower"},{"floor":26,"key":"Toxic Egg 2"},{"floor":36,"key":"Champion Belt"},{"floor":40,"key":"Blood Vial"},{"floor":43,"key":"Sundial"}],"event_choices":[{"cards_removed":["Clumsy"],"damage_healed":0,"gold_gain":0,"player_choice":"Forget","damage_taken":0,"max_hp_gain":0,"max_hp_loss":0,"event_name":"Living Wall","floor":2,"gold_loss":0},{"damage_healed":0,"gold_gain":0,"player_choice":"Take Damage","damage_taken":20,"relics_obtained":["Golden Idol"],"max_hp_gain":0,"max_hp_loss":0,"event_name":"Golden Idol","floor":3,"gold_loss":0},{"damage_healed":0,"gold_gain":0,"player_choice":"Became a vampire","damage_taken":0,"max_hp_gain":0,"max_hp_loss":24,"event_name":"Vampires","floor":21,"gold_loss":0,"cards_obtained":["Bite","Bite","Bite","Bite","Bite"]},{"damage_healed":0,"gold_gain":0,"player_choice":"Ignored","damage_taken":0,"max_hp_gain":0,"max_hp_loss":0,"event_name":"Beggar","floor":22,"gold_loss":0},{"damage_healed":0,"gold_gain":0,"player_choice":"Gave Idol","damage_taken":0,"relics_obtained":["Bloody Idol"],"max_hp_gain":0,"max_hp_loss":0,"event_name":"Forgotten Altar","floor":25,"relics_lost":["Golden Idol"],"gold_loss":0},{"damage_healed":0,"gold_gain":0,"player_choice":"Ignored","damage_taken":0,"max_hp_gain":0,"max_hp_loss":0,"event_name":"Ghosts","floor":29,"gold_loss":0},{"damage_healed":0,"gold_gain":0,"player_choice":"Opened","damage_taken":0,"relics_obtained":["Ginger"],"max_hp_gain":0,"max_hp_loss":0,"event_name":"The Mausoleum","floor":31,"gold_loss":0},{"damage_healed":0,"gold_gain":0,"player_choice":"Fight","damage_taken":0,"max_hp_gain":0,"max_hp_loss":0,"event_name":"Mysterious Sphere","floor":36,"gold_loss":0},{"damage_healed":0,"gold_gain":0,"player_choice":"Paid","damage_taken":0,"relics_obtained":["Red Mask"],"max_hp_gain":0,"max_hp_loss":0,"event_name":"Tomb of Lord Red Mask","floor":38,"gold_loss":67},{"damage_healed":0,"gold_gain":0,"player_choice":"Embrace Madness","damage_taken":7,"max_hp_gain":0,"max_hp_loss":0,"event_name":"Winding Halls","floor":39,"gold_loss":0,"cards_obtained":["Madness","Madness"]}],"is_beta":false,"boss_relics":[{"not_picked":["Lizard Tail","Runic Dome"],"picked":"Busted Crown"},{"not_picked":["Orrery","Snecko Eye"],"picked":"Cursed Key"}],"items_purged_floors":[47],"is_endless":false,"potions_floor_spawned":[1,8,10,14,18,20,35,40,42,48],"killed_by":"Donu and Deca","ascension_level":10}