{"gold_per_floor":[112,130,58,58,68,68,68,68,91,103,113,133,133,149,149,254,304,314,327,252,267,114,140,140,157,157,168,168,179,179,179,179,284,284,295,308,324,324,344,344,111,111,138,138,150,162,177,177],"floor_reached":48,"playtime":4681,"items_purged":[],"score":452,"play_id":"deaf83a1-a329-427c-8c20-cc2855fef525","local_time":"20190716034710","is_ascension_mode":false,"campfire_choices":[{"data":"Dualcast","floor":6,"key":"SMITH"},{"data":"Tempest","floor":13,"key":"SMITH"},{"data":"Zap","floor":15,"key":"SMITH"},{"floor":24,"key":"REST"},{"floor":30,"key":"REST"},{"floor":32,"key":"REST"},{"data":"Redo","floor":40,"key":"SMITH"},{"data":"Loop","floor":42,"key":"SMITH"}],"neow_cost":"NONE","seed_source_timestamp":351140084579461,"circlet_count":0,"master_deck":["Defend_B","Defend_B","Defend_B","Zap+1","Dualcast+1","Buffer","Conserve Battery","Loop+1","Conserve Battery","Tempest+1","Seek","Rainbow","Redo+1","Skim+1","Multi-Cast","Electrodynamics","Amplify","Conserve Battery","Echo Form","Loop+1","Skim+1"],"relics":["Cracked Core","Tiny House","Letter Opener","Ancient Tea Set","Empty Cage","Anchor","Juzu Bracelet"],"potions_floor_usage":[10,16,17,23,23,23,28,28,28,46,48],"damage_taken":[{"damage":2,"enemies":"2 Louse","floor":1,"turns":3},{"damage":1,"enemies":"Cultist","floor":2,"turns":3},{"damage":0,"enemies":"Jaw Worm","floor":5,"turns":3},{"damage":0,"enemies":"Gremlin Gang","floor":10,"turns":3},{"damage":0,"enemies":"Blue Slaver","floor":11,"turns":3},{"damage":5,"enemies":"Looter","floor":12,"turns":3},{"damage":6,"enemies":"Red Slaver","floor":14,"turns":3},{"damage":40,"enemies":"Hexaghost","floor":16,"turns":9},{"damage":9,"enemies":"3 Byrds","floor":18,"turns":4},{"damage":0,"enemies":"Spheric Guardian","floor":19,"turns":3},{"damage":18,"enemies":"3 Cultists","floor":21,"turns":5},{"damage":44,"enemies":"Slavers","floor":23,"turns":7},{"damage":15,"enemies":"Shelled Parasite and Fungi","floor":25,"turns":6},{"damage":2,"enemies":"Sentry and Sphere","floor":27,"turns":3},{"damage":0,"enemies":"Centurion and Healer","floor":28,"turns":1},{"damage":18,"enemies":"3 Cultists","floor":29,"turns":5},{"damage":27,"enemies":"Champ","floor":33,"turns":9},{"damage":11,"enemies":"3 Shapes","floor":35,"turns":2},{"damage":11,"enemies":"Orb Walker","floor":36,"turns":3},{"damage":25,"enemies":"Spire Growth","floor":37,"turns":5},{"damage":3,"enemies":"Jaw Worm Horde","floor":39,"turns":2},{"damage":0,"enemies":"Maw","floor":45,"turns":6},{"damage":10,"enemies":"Transient","floor":46,"turns":5},{"damage":10,"enemies":"Sphere and 2 Shapes","floor":47,"turns":5},{"damage":17,"enemies":"Jaw Worm Horde","floor":48,"turns":2}],"seed_played":"-7464387825986775255","potions_obtained":[{"floor":5,"key":"Explosive Potion"},{"floor":10,"key":"Energy Potion"},{"floor":14,"key":"LiquidBronze"},{"floor":16,"key":"Dexterity Potion"},{"floor":17,"key":"Fruit Juice"},{"floor":18,"key":"FocusPotion"},{"floor":19,"key":"Dexterity Potion"},{"floor":23,"key":"EssenceOfSteel"},{"floor":25,"key":"EntropicBrew"},{"floor":33,"key":"SkillPotion"},{"floor":35,"key":"PowerPotion"},{"floor":45,"key":"Strength Potion"},{"floor":47,"key":"Weak Potion"}],"is_trial":false,"path_per_floor":["M","M","$","?","M","R","?","$","T","M","M","M","R","M","R","B",null,"M","M","?","M","$","E","R","M","T","M","M","M","R","?","R","B",null,"M","M","M","?","M","R","$","R","T","?","M","M","M","M"],"character_chosen":"DEFECT","items_purchased":["Loop","Multi-Cast","Anchor","Loop"],"campfire_rested":3,"item_purchase_floors":[3,22,41,41],"current_hp_per_floor":[73,72,72,72,72,72,72,72,72,72,72,67,67,61,61,21,85,76,76,76,58,58,14,39,24,24,22,22,4,29,29,54,27,85,74,63,38,38,35,35,35,35,35,35,35,25,15,0],"gold":177,"neow_bonus":"ONE_RANDOM_RARE_CARD","is_prod":false,"is_daily":false,"chose_seed":false,"campfire_upgraded":5,"win_rate":0,"timestamp":1563216430,"path_taken":["M","M","$","?","M","R","?","$","T","M","M","M","R","M","R","BOSS","M","?","?","M","$","E","R","M","T","M","M","M","R","?","R","BOSS","M","M","?","?","M","R","$","R","T","?","M","M","M","M"],"build_version":"2019-07-05","purchased_purges":0,"victory":false,"max_hp_per_floor":[75,75,75,75,75,75,75,75,75,75,75,75,75,75,75,75,85,85,85,85,85,85,85,85,85,85,85,85,85,85,85,85,85,85,85,85,85,85,85,85,85,85,85,85,85,85,85,85],"card_choices":[{"not_picked":["Barrage","Beam Cell","Streamline"],"picked":"SKIP","floor":1},{"not_picked":["Sunder","Glacier"],"picked":"Conserve Battery","floor":2},{"not_picked":["Sweeping Beam","Steam","Skim"],"picked":"SKIP","floor":5},{"not_picked":["Streamline","Turbo"],"picked":"Conserve Battery","floor":10},{"not_picked":["Coolheaded","Beam Cell","Turbo"],"picked":"SKIP","floor":11},{"not_picked":["Sweeping Beam","Coolheaded"],"picked":"Tempest","floor":12},{"not_picked":["Compile Driver","Hologram"],"picked":"Seek","floor":14},{"not_picked":["Reboot","Meteor Strike"],"picked":"Rainbow","floor":16},{"not_picked":["Genetic Algorithm","Rebound"],"picked":"Redo","floor":17},{"not_picked":["Gash","Rebound","Genetic Algorithm"],"picked":"SKIP","floor":18},{"not_picked":["Hello World","Gash+1","Go for the Eyes"],"picked":"SKIP","floor":19},{"not_picked":["Ball Lightning","Tempest"],"picked":"Skim+1","floor":21},{"not_picked":["Hello World","Buffer","Ball Lightning+1"],"picked":"SKIP","floor":23},{"not_picked":["Lockon","Cold Snap+1","FTL+1"],"picked":"SKIP","floor":25},{"not_picked":["Cold Snap","BootSequence","White Noise"],"picked":"SKIP","floor":27},{"not_picked":["Heatsinks","Gash","Streamline+1"],"picked":"SKIP","floor":29},{"not_picked":["Biased Cognition","Thunder Strike"],"picked":"Electrodynamics","floor":33},{"not_picked":["Aggregate+1","Cold Snap","Stack+1"],"picked":"SKIP","floor":35},{"not_picked":["Hologram+1","Turbo+1"],"picked":"Amplify","floor":36},{"not_picked":["Stack","Turbo+1"],"picked":"Conserve Battery","floor":37},{"not_picked":["Ball Lightning","Compile Driver+1"],"picked":"Echo Form","floor":39},{"not_picked":["Leap","Turbo+1"],"picked":"Skim+1","floor":45},{"not_picked":["Go for the Eyes","Cold Snap+1","Hologram+1"],"picked":"SKIP","floor":46},{"not_picked":["Go for the Eyes+1","Steam+1","Chill+1"],"picked":"SKIP","floor":47}],"player_experience":238714,"relics_obtained":[{"floor":23,"key":"Letter Opener"},{"floor":26,"key":"Ancient Tea Set"},{"floor":43,"key":"Juzu Bracelet"}],"event_choices":[{"cards_removed":["Defend_B"],"damage_healed":0,"gold_gain":0,"player_choice":"Forget","damage_taken":0,"max_hp_gain":0,"max_hp_loss":0,"event_name":"Living Wall","floor":4,"gold_loss":0},{"damage_healed":0,"gold_gain":0,"player_choice":"Forge","damage_taken":0,"max_hp_gain":0,"max_hp_loss":0,"event_name":"Accursed Blacksmith","floor":7,"gold_loss":0,"cards_upgraded":["Loop"]},{"cards_removed":["Strike_B"],"damage_healed":0,"gold_gain":0,"player_choice":"Gave Gold","damage_taken":0,"max_hp_gain":0,"max_hp_loss":0,"event_name":"Beggar","floor":20,"gold_loss":75},{"damage_healed":0,"gold_gain":0,"cards_transformed":["Strike_B"],"player_choice":"Transformed","damage_taken":0,"max_hp_gain":0,"max_hp_loss":0,"event_name":"Transmorgrifier","floor":31,"gold_loss":0,"cards_obtained":["Barrage"]},{"damage_healed":0,"gold_gain":0,"player_choice":"Ignored","damage_taken":0,"max_hp_gain":0,"max_hp_loss":0,"event_name":"Tomb of Lord Red Mask","floor":38,"gold_loss":0},{"cards_removed":["Strike_B"],"damage_healed":0,"gold_gain":0,"player_choice":"Offered Basic","damage_taken":0,"max_hp_gain":0,"max_hp_loss":0,"event_name":"Bonfire Elementals","floor":44,"gold_loss":0}],"is_beta":false,"boss_relics":[{"not_picked":["Cursed Key","Snecko Eye"],"picked":"Tiny House"},{"not_picked":["Calling Bell","Black Star"],"picked":"Empty Cage"}],"items_purged_floors":[],"is_endless":false,"potions_floor_spawned":[5,10,14,16,18,19,23,25,33,35,45,47],"killed_by":"Jaw Worm Horde","ascension_level":0}