{"gold_per_floor":[116,127,127,137,187,187,205,205,229,57,130,130,209,227,227,351,414,429,479,499,549],"floor_reached":21,"playtime":784,"items_purged":[],"score":222,"play_id":"b2dc6f73-a2be-4440-8adb-6c5af71ffd39","local_time":"20180818112844","is_ascension_mode":true,"campfire_choices":[{"floor":6,"key":"REST"},{"floor":8,"key":"REST"},{"floor":12,"key":"REST"},{"floor":15,"key":"REST"}],"neow_cost":"CURSE","seed_source_timestamp":119574415406750,"circlet_count":0,"master_deck":["Defend_B","Defend_B","Defend_B","Defend_B","Zap","Dualcast","Pain","Gash","Capacitor","Storm","Ball Lightning+1","Storm","Static Discharge","Loop","Redo","Echo Form","Leap","Bite","Bite","Bite","Bite","Bite","Capacitor"],"relics":["Cracked Core","Torii","SsserpentHead","Golden Idol","Vajra","Omamori","Odd Mushroom","Tiny House"],"potions_floor_usage":[14,16,18,18],"damage_taken":[{"damage":4,"enemies":"Jaw Worm","floor":1,"turns":3},{"damage":6,"enemies":"Cultist","floor":2,"turns":3},{"damage":4,"enemies":"Small Slimes","floor":4,"turns":3},{"damage":19,"enemies":"Blue Slaver","floor":7,"turns":4},{"damage":16,"enemies":"Exordium Wildlife","floor":11,"turns":4},{"damage":22,"floor":13,"turns":3},{"damage":4,"enemies":"3 Louse","floor":14,"turns":2},{"damage":17,"enemies":"Slime Boss","floor":16,"turns":8},{"damage":9,"enemies":"3 Byrds","floor":18,"turns":2},{"damage":50,"enemies":"Shell Parasite","floor":20,"turns":3},{"damage":16,"enemies":"Snake Plant","floor":21,"turns":1}],"seed_played":"8521222533983986027","potions_obtained":[{"floor":7,"key":"Dexterity Potion"},{"floor":13,"key":"Block Potion"},{"floor":14,"key":"SpeedPotion"},{"floor":16,"key":"PowerPotion"},{"floor":17,"key":"PowerPotion"},{"floor":18,"key":"Ancient Potion"}],"is_trial":false,"path_per_floor":["M","M","?","M","?","R","M","R","T","$","M","R","?","M","R","B",null,"M","?","M"],"character_chosen":"DEFECT","items_purchased":["Omamori","Storm"],"campfire_rested":4,"item_purchase_floors":[10,10],"current_hp_per_floor":[71,65,65,61,43,65,46,68,68,68,52,74,52,48,70,53,80,71,56,10,0],"gold":549,"neow_bonus":"ONE_RARE_RELIC","is_prod":false,"is_daily":false,"chose_seed":false,"campfire_upgraded":0,"win_rate":0,"timestamp":1534584524,"path_taken":["M","M","?","M","?","R","M","R","T","?","?","R","?","M","R","BOSS","M","?","M","?"],"build_version":"2018-08-16","purchased_purges":0,"victory":false,"max_hp_per_floor":[75,75,75,75,75,75,75,75,75,75,75,75,75,75,75,75,80,80,56,56,56],"card_choices":[{"not_picked":["Force Field","Go for the Eyes"],"picked":"Gash","floor":1},{"not_picked":["Beam Cell","Doom and Gloom"],"picked":"Capacitor","floor":2},{"not_picked":["Stack","FTL"],"picked":"Storm","floor":4},{"not_picked":["Go for the Eyes","Stack"],"picked":"Ball Lightning","floor":7},{"not_picked":["Beam Cell","Redo"],"picked":"Static Discharge","floor":11},{"not_picked":["Conserve Battery","Compile Driver"],"picked":"Loop","floor":13},{"not_picked":["Double Energy","Ball Lightning"],"picked":"Redo","floor":14},{"not_picked":["Buffer","Core Surge"],"picked":"Echo Form","floor":16},{"not_picked":["Beam Cell","Compile Driver"],"picked":"Leap","floor":17},{"not_picked":["Compile Driver","Rebound","Glacier"],"picked":"SKIP","floor":18},{"not_picked":["Beam Cell","Heatsinks+1"],"picked":"Capacitor","floor":20}],"player_experience":215069,"relics_obtained":[{"floor":9,"key":"Vajra"},{"floor":13,"key":"Odd Mushroom"}],"event_choices":[{"event_name":"FaceTrader","player_choice":"Trade","floor":3,"damage_taken":0},{"event_name":"Golden Idol","player_choice":"Take Damage","floor":5,"damage_taken":0},{"event_name":"Mushrooms","player_choice":"Fought Mushrooms","floor":13,"damage_taken":0},{"event_name":"Vampires","player_choice":"Became a vampire","floor":19,"damage_taken":0}],"is_beta":false,"boss_relics":[{"not_picked":["Orrery","Snecko Eye"],"picked":"Tiny House"}],"items_purged_floors":[],"is_endless":false,"potions_floor_spawned":[7,13,14,16,18],"killed_by":"Snake Plant","ascension_level":3}