{"gold_per_floor":[114,126,126,126,143,155,155,170,194,208,50,60,60,74,74,177,177,142,142,154,154,154],"floor_reached":22,"playtime":2140,"items_purged":[],"score":180,"play_id":"fa6fe9f7-d26a-4180-a325-2d1384862947","local_time":"20190828195133","is_ascension_mode":false,"campfire_choices":[{"floor":7,"key":"REST"},{"floor":13,"key":"REST"},{"floor":15,"key":"REST"}],"neow_cost":"NONE","seed_source_timestamp":2409528520459542,"circlet_count":0,"master_deck":["Strike_G","Strike_G","Strike_G","Strike_G","Strike_G","Defend_G","Defend_G","Defend_G","Defend_G","Defend_G","Survivor","Neutralize","Dodge and Roll","Sucker Punch","Sucker Punch","Poisoned Stab","Blade Dance","Endless Agony","Backflip","Caltrops","Distraction","Dagger Spray","PiercingWail","A Thousand Cuts","Finisher+1","Decay","Dagger Throw+1"],"relics":["Ring of the Snake","NeowsBlessing","Bag of Marbles","Ancient Tea Set","Nloth\u0027s Gift"],"potions_floor_usage":[16,16,22,22],"damage_taken":[{"damage":0,"enemies":"Small Slimes","floor":1,"turns":1},{"damage":0,"enemies":"Jaw Worm","floor":2,"turns":1},{"damage":0,"enemies":"Cultist","floor":5,"turns":1},{"damage":27,"enemies":"Gremlin Gang","floor":6,"turns":7},{"damage":4,"enemies":"2 Fungi Beasts","floor":8,"turns":4},{"damage":4,"enemies":"Large Slime","floor":10,"turns":6},{"damage":26,"enemies":"Exordium Thugs","floor":12,"turns":5},{"damage":2,"enemies":"Looter","floor":14,"turns":3},{"damage":26,"enemies":"Hexaghost","floor":16,"turns":11},{"damage":19,"enemies":"2 Thieves","floor":18,"turns":5},{"damage":19,"enemies":"Chosen","floor":20,"turns":5},{"damage":37,"enemies":"Sentry and Sphere","floor":22,"turns":7}],"seed_played":"5980459978729458626","potions_obtained":[{"floor":2,"key":"SneckoOil"},{"floor":6,"key":"Weak Potion"},{"floor":10,"key":"LiquidBronze"},{"floor":18,"key":"SpeedPotion"},{"floor":20,"key":"SkillPotion"}],"is_trial":false,"path_per_floor":["M","M","?","?","M","M","R","M","T","M","$","M","R","M","R","B",null,"M","?","M","?","M"],"character_chosen":"THE_SILENT","items_purchased":["Backflip","Caltrops","Distraction"],"campfire_rested":3,"item_purchase_floors":[11,11,11],"current_hp_per_floor":[70,70,75,68,68,41,63,59,59,55,55,29,51,49,71,45,75,56,56,37,37,0],"gold":154,"neow_bonus":"THREE_ENEMY_KILL","is_prod":false,"is_daily":false,"chose_seed":false,"campfire_upgraded":0,"win_rate":0.0,"timestamp":1567039893,"path_taken":["M","M","?","?","?","M","R","?","T","M","$","?","R","M","R","BOSS","M","?","M","?","?"],"build_version":"2019-07-17","purchased_purges":0,"victory":false,"max_hp_per_floor":[70,70,75,75,75,75,75,75,75,75,75,75,75,75,75,75,75,75,75,75,75,75],"card_choices":[{"not_picked":["Backflip","Poisoned Stab"],"picked":"Dodge and Roll","floor":1},{"not_picked":["Heel Hook","Quick Slash"],"picked":"Sucker Punch","floor":2},{"not_picked":["Tactician","Acrobatics"],"picked":"Sucker Punch","floor":5},{"not_picked":["Deadly Poison","After Image"],"picked":"Poisoned Stab","floor":6},{"not_picked":["Dodge and Roll","Deadly Poison"],"picked":"Blade Dance","floor":8},{"not_picked":["Tactician","Acrobatics"],"picked":"Endless Agony","floor":10},{"not_picked":["Outmaneuver","Deflect"],"picked":"Dagger Spray","floor":12},{"not_picked":["Noxious Fumes","All Out Attack"],"picked":"PiercingWail","floor":14},{"not_picked":["Tools of the Trade","After Image"],"picked":"A Thousand Cuts","floor":16},{"not_picked":["Leg Sweep","Quick Slash+1"],"picked":"Finisher+1","floor":18},{"not_picked":["Prepared","Calculated Gamble+1"],"picked":"Dagger Throw+1","floor":20}],"player_experience":3804,"relics_obtained":[{"floor":9,"key":"Ancient Tea Set"}],"event_choices":[{"damage_healed":0,"gold_gain":0,"player_choice":"Donut","damage_taken":0,"max_hp_gain":5,"max_hp_loss":0,"event_name":"Big Fish","floor":3,"gold_loss":0},{"damage_healed":0,"gold_gain":0,"player_choice":"Success","damage_taken":7,"relics_obtained":["Bag of Marbles"],"max_hp_gain":0,"max_hp_loss":0,"event_name":"Scrap Ooze","floor":4,"gold_loss":0},{"damage_healed":0,"gold_gain":0,"player_choice":"Smashed Altar","damage_taken":0,"max_hp_gain":0,"max_hp_loss":0,"event_name":"Forgotten Altar","floor":19,"gold_loss":0,"cards_obtained":["Decay"]},{"damage_healed":0,"gold_gain":0,"player_choice":"Traded Relic","damage_taken":0,"relics_obtained":["Nloth\u0027s Gift"],"max_hp_gain":0,"max_hp_loss":0,"event_name":"N\u0027loth","floor":21,"relics_lost":["White Beast Statue"],"gold_loss":0}],"is_beta":false,"boss_relics":[{"not_picked":["Lizard Tail","Empty Cage"],"picked":"White Beast Statue"}],"items_purged_floors":[],"is_endless":false,"potions_floor_spawned":[2,6,10,18,20],"killed_by":"Sentry and Sphere","ascension_level":0}