{"gold_per_floor":[114,131,206,206,217,247,247,258,305,305,270,290,324,94,94,166,166,180,197,197,213,19,19,69,97,97,97,124,124],"floor_reached":29,"playtime":3022,"items_purged":[],"score":542,"play_id":"34dede94-cdbe-4d2f-91b5-e5cb0b1a27b5","local_time":"20190816204156","is_ascension_mode":true,"campfire_choices":[{"floor":7.0,"key":"REST"},{"floor":10.0,"key":"REST"},{"data":"Reinforced Body","floor":15.0,"key":"SMITH"},{"floor":23.0,"key":"REST"},{"floor":27.0,"key":"REST"}],"neow_cost":"NONE","seed_source_timestamp":182677990948173,"circlet_count":0,"master_deck":["AscendersBane","Strike_B","Strike_B","Strike_B","Strike_B","Defend_B","Defend_B","Defend_B","Defend_B","Zap","Dualcast","Self Repair","Tempest+1","Reprogram","Conserve Battery","Rebound","Sunder","Doom and Gloom","Rip and Tear","Reboot","Ball Lightning","Reinforced Body+1","FTL","All For One","Reinforced Body+1","Scrape+1","Undo","Redo","Impatience","Gash","Chill","Steam Power+1","Go for the Eyes+1"],"special_seed":0,"relics":["Orrery","Darkstone Periapt","Vajra","Bag of Preparation","Sling","Nuclear Battery","Art of War","Anchor","Bottled Lightning"],"potions_floor_usage":[],"damage_taken":[{"damage":16.0,"enemies":"2 Louse","floor":1.0,"turns":4.0},{"damage":0.0,"enemies":"Cultist","floor":2.0,"turns":3.0},{"damage":7.0,"enemies":"Small Slimes","floor":5.0,"turns":3.0},{"damage":45.0,"enemies":"3 Sentries","floor":6.0,"turns":9.0},{"damage":11.0,"enemies":"Exordium Thugs","floor":8.0,"turns":3.0},{"damage":10.0,"enemies":"Gremlin Gang","floor":12.0,"turns":2.0},{"damage":25.0,"enemies":"Lagavulin","floor":13.0,"turns":7.0},{"damage":32.0,"enemies":"The Guardian","floor":16.0,"turns":10.0},{"damage":0.0,"enemies":"Spheric Guardian","floor":18.0,"turns":3.0},{"damage":42.0,"enemies":"3 Byrds","floor":19.0,"turns":6.0},{"damage":18.0,"enemies":"Centurion and Healer","floor":21.0,"turns":6.0},{"damage":18.0,"enemies":"Gremlin Leader","floor":25.0,"turns":4.0},{"damage":30.0,"enemies":"Book of Stabbing","floor":28.0,"turns":5.0},{"damage":27,"enemies":"Snecko","floor":29,"turns":3}],"seed_played":"6313494367079083996","potions_obtained":[{"floor":1.0,"key":"Strength Potion"},{"floor":6.0,"key":"Dexterity Potion"},{"floor":12.0,"key":"Strength Potion"},{"floor":21.0,"key":"EssenceOfSteel"},{"floor":28.0,"key":"EssenceOfSteel"}],"is_trial":false,"path_per_floor":["M","M","?","?","M","E","R","M","T","R","?","M","E","$","R","B",null,"M","M","?","M","$","R","?","E","T","R","E","M"],"character_chosen":"DEFECT","items_purchased":["Sling","Impatience","Gash","Chill"],"campfire_rested":4,"item_purchase_floors":[14,22,22,22],"current_hp_per_floor":[55,62,51,51,51,13,34,30,30,51,68,58,40,40,40,15,57,64,29,29,11,11,32,32,14,14,35,5,0],"gold":124,"neow_bonus":"BOSS_RELIC","is_prod":false,"is_daily":false,"chose_seed":false,"campfire_upgraded":1,"win_rate":0,"timestamp":1566002516,"path_taken":["M","M","?","?","?","E","R","M","T","R","?","M","E","$","R","BOSS","M","M","?","M","$","R","?","E","T","R","E","M"],"build_version":"2019-07-17","purchased_purges":0,"victory":false,"max_hp_per_floor":[71,71,71,71,71,71,71,71,71,71,71,71,71,71,71,71,71,71,71,71,71,71,71,71,71,71,71,71,71],"card_choices":[{"not_picked":["Turbo","Hello World"],"picked":"Self Repair","floor":0.0},{"not_picked":["Coolheaded","Leap"],"picked":"Tempest","floor":0.0},{"not_picked":["Compile Driver","Coolheaded"],"picked":"Reprogram","floor":0.0},{"not_picked":["Beam Cell","Redo"],"picked":"Conserve Battery","floor":0.0},{"not_picked":["Hologram","Leap"],"picked":"Rebound","floor":0.0},{"not_picked":["Defragment","Conserve Battery"],"picked":"Sunder","floor":1.0},{"not_picked":["Leap","Go for the Eyes"],"picked":"Doom and Gloom","floor":2.0},{"not_picked":["Capacitor","Streamline"],"picked":"Rip and Tear","floor":5.0},{"not_picked":["Thunder Strike","Streamline"],"picked":"Reboot","floor":6.0},{"not_picked":["Gash","Force Field"],"picked":"Ball Lightning","floor":8.0},{"not_picked":["Loop","Turbo"],"picked":"Reinforced Body","floor":12.0},{"not_picked":["Barrage","Lockon"],"picked":"FTL","floor":13.0},{"not_picked":["Echo Form","Seek"],"picked":"All For One","floor":16.0},{"not_picked":["Coolheaded","Lockon+1"],"picked":"Reinforced Body+1","floor":18.0},{"not_picked":["Turbo","Rip and Tear"],"picked":"Scrape+1","floor":19.0},{"not_picked":["Coolheaded","Doom and Gloom"],"picked":"Redo","floor":21.0},{"not_picked":["Go for the Eyes","Electrodynamics"],"picked":"Steam Power+1","floor":25.0},{"not_picked":["Defragment","Reinforced Body"],"picked":"Go for the Eyes+1","floor":28.0}],"player_experience":407034,"relics_obtained":[{"floor":6.0,"key":"Darkstone Periapt"},{"floor":9.0,"key":"Vajra"},{"floor":13.0,"key":"Bag of Preparation"},{"floor":25.0,"key":"Art of War"},{"floor":26.0,"key":"Anchor"},{"floor":28.0,"key":"Bottled Lightning"}],"event_choices":[{"damage_healed":0.0,"max_hp_gain":0.0,"max_hp_loss":0.0,"gold_gain":75.0,"event_name":"World of Goop","player_choice":"Gather Gold","floor":3.0,"gold_loss":0.0,"damage_taken":11.0},{"damage_healed":0.0,"max_hp_gain":0.0,"max_hp_loss":0.0,"gold_gain":0.0,"event_name":"Upgrade Shrine","player_choice":"Upgraded","floor":4.0,"gold_loss":0.0,"damage_taken":0.0,"cards_upgraded":["Tempest"]},{"damage_healed":17.0,"max_hp_gain":0.0,"max_hp_loss":0.0,"gold_gain":0.0,"event_name":"The Cleric","player_choice":"Healed","floor":11.0,"gold_loss":35.0,"damage_taken":0.0},{"damage_healed":0.0,"max_hp_gain":0.0,"max_hp_loss":0.0,"gold_gain":0.0,"event_name":"The Library","player_choice":"Read","floor":20.0,"gold_loss":0.0,"damage_taken":0.0,"cards_obtained":["Undo"]},{"damage_healed":0.0,"max_hp_gain":0.0,"max_hp_loss":0.0,"gold_gain":50.0,"event_name":"Nest","player_choice":"Stole From Cult","floor":24.0,"gold_loss":0.0,"damage_taken":0.0}],"is_beta":false,"boss_relics":[{"not_picked":["Cursed Key","Lizard Tail"],"picked":"Nuclear Battery"}],"items_purged_floors":[],"is_endless":false,"potions_floor_spawned":[1,6,12,21,28],"killed_by":"Snecko","ascension_level":20}