{"gold_per_floor":[109,109,34,34,49,49,49,27,27,27,127,155,8,23,23,119,119,135,66,81,81,101,128,128,141,195,212,212,222,232,246,246,349,349,366,366,73,85,99,99,112,132,132,132,132,132,150,165,165,165],"floor_reached":51,"playtime":3697,"items_purged":["Strike_R","Strike_R","Writhe"],"score":652,"play_id":"b5c1da02-793d-45c3-9c45-ede9f01e63a5","local_time":"20181228120534","is_ascension_mode":true,"campfire_choices":[{"data":"Shrug It Off","floor":6,"key":"SMITH"},{"data":"Body Slam","floor":10,"key":"SMITH"},{"floor":15,"key":"REST"},{"floor":32,"key":"REST"},{"data":"Apotheosis","floor":40,"key":"SMITH"},{"data":"1","floor":49,"key":"LIFT"}],"neow_cost":"NONE","seed_source_timestamp":6064700066355,"circlet_count":0,"master_deck":["Defend_R","Defend_R","Defend_R","Defend_R","Bash","Shrug It Off+1","Thunderclap","Body Slam+1","Dual Wield","Shrug It Off","Cleave","Spot Weakness","Shrug It Off+1","Pommel Strike","Headbutt","Reaper","Apotheosis+1","Parasite"],"relics":["Black Blood","FossilizedHelix","Bag of Preparation","Happy Flower","Lantern","Boot","Busted Crown","Girya"],"potions_floor_usage":[16,23,23,33,33,33,50,50],"damage_taken":[{"damage":4,"enemies":"2 Louse","floor":1,"turns":3},{"damage":4,"enemies":"Small Slimes","floor":5,"turns":4},{"damage":36,"enemies":"Gremlin Nob","floor":12,"turns":6},{"damage":0,"enemies":"Cultist","floor":14,"turns":2},{"damage":43,"enemies":"The Guardian","floor":16,"turns":13},{"damage":27,"enemies":"3 Byrds","floor":18,"turns":7},{"damage":0,"enemies":"Chosen","floor":20,"turns":3},{"damage":21,"enemies":"Centurion and Healer","floor":22,"turns":10},{"damage":15,"enemies":"Slavers","floor":23,"turns":7},{"damage":24,"enemies":"Snake Plant","floor":25,"turns":7},{"damage":11,"enemies":"Snecko","floor":27,"turns":6},{"damage":9,"enemies":"Centurion and Healer","floor":29,"turns":6},{"damage":5,"enemies":"Snake Plant","floor":30,"turns":3},{"damage":0,"enemies":"Snecko","floor":31,"turns":6},{"damage":58,"enemies":"Automaton","floor":33,"turns":8},{"damage":0,"enemies":"Orb Walker","floor":35,"turns":3},{"damage":0,"enemies":"3 Darklings","floor":38,"turns":5},{"damage":0,"enemies":"Jaw Worm Horde","floor":39,"turns":4},{"damage":12,"enemies":"Writhing Mass","floor":41,"turns":6},{"damage":0,"enemies":"Spire Growth","floor":42,"turns":4},{"damage":10,"enemies":"Jaw Worm Horde","floor":47,"turns":5},{"damage":0,"enemies":"Sphere and 2 Shapes","floor":48,"turns":5},{"damage":97,"enemies":"Donu and Deca","floor":50,"turns":11}],"seed_played":"4700461110526318004","potions_obtained":[{"floor":5,"key":"Block Potion"},{"floor":14,"key":"Block Potion"},{"floor":16,"key":"Strength Potion"},{"floor":18,"key":"FearPotion"},{"floor":25,"key":"Explosive Potion"},{"floor":27,"key":"SteroidPotion"},{"floor":31,"key":"Energy Potion"},{"floor":35,"key":"SpeedPotion"},{"floor":39,"key":"Explosive Potion"},{"floor":42,"key":"Energy Potion"},{"floor":45,"key":"FearPotion"}],"is_trial":false,"path_per_floor":["M","?","$","?","M","R","?","$","T","R","?","E","$","M","R","B",null,"M","$","M","?","M","E","$","M","T","M","?","M","M","M","R","B",null,"M","?","$","M","M","R","M","M","T","$","?","$","M","M","R","B",null],"character_chosen":"IRONCLAD","items_purchased":["Body Slam","Shrug It Off","Spot Weakness","Apotheosis"],"campfire_rested":2,"item_purchase_floors":[8,13,19,37],"current_hp_per_floor":[80,80,80,73,75,75,75,75,75,75,75,45,45,51,75,38,80,63,63,73,73,62,57,57,43,43,42,42,43,48,58,80,32,80,80,80,80,80,80,80,78,80,80,80,80,80,80,80,80,18],"gold":165,"neow_bonus":"REMOVE_CARD","is_prod":false,"is_daily":false,"chose_seed":false,"campfire_upgraded":3,"win_rate":0,"timestamp":1545966334,"path_taken":["M","?","$","?","M","R","?","$","T","R","?","E","$","?","R","BOSS","M","$","M","?","?","E","$","M","T","M","?","M","M","M","R","BOSS","M","?","$","M","M","R","M","M","T","?","?","$","M","?","R","BOSS"],"build_version":"2018-12-20","purchased_purges":3,"victory":true,"max_hp_per_floor":[80,80,80,80,80,80,80,80,80,80,80,80,80,80,80,80,80,80,80,80,80,80,80,80,80,80,80,80,80,80,80,80,80,80,80,80,80,80,80,80,80,80,80,80,80,80,80,80,80,80],"card_choices":[{"not_picked":["Twin Strike","Iron Wave"],"picked":"Shrug It Off","floor":1},{"not_picked":["Clothesline","Anger"],"picked":"Thunderclap","floor":5},{"not_picked":["Bloodletting","Perfected Strike"],"picked":"Dual Wield","floor":12},{"not_picked":["Anger","Reckless Charge"],"picked":"Cleave","floor":14},{"not_picked":["Clash","Havoc+1","Flex"],"picked":"SKIP","floor":18},{"not_picked":["Anger","Havoc+1"],"picked":"Shrug It Off+1","floor":20},{"not_picked":["Thunderclap","Berserk","Flex"],"picked":"SKIP","floor":22},{"not_picked":["Searing Blow","Flex+1"],"picked":"Pommel Strike","floor":23},{"not_picked":["Pommel Strike","Power Through+1","Perfected Strike"],"picked":"SKIP","floor":25},{"not_picked":["Seeing Red","Anger"],"picked":"Headbutt","floor":27},{"not_picked":["Clash","Uppercut+1","Clothesline"],"picked":"SKIP","floor":29},{"not_picked":["Cleave+1","Rupture","Warcry+1"],"picked":"SKIP","floor":30},{"not_picked":["Dual Wield","Second Wind","Flame Barrier"],"picked":"SKIP","floor":31},{"not_picked":["Fiend Fire","Offering"],"picked":"Reaper","floor":33},{"not_picked":["Fire Breathing"],"picked":"SKIP","floor":35},{"not_picked":["Headbutt"],"picked":"SKIP","floor":38},{"not_picked":["Perfected Strike+1"],"picked":"SKIP","floor":39},{"not_picked":["Flex"],"picked":"SKIP","floor":41},{"not_picked":["Dropkick+1"],"picked":"SKIP","floor":42},{"not_picked":["Wild Strike+1"],"picked":"SKIP","floor":47},{"not_picked":["Clothesline+1"],"picked":"SKIP","floor":48}],"player_experience":28147,"relics_obtained":[{"floor":9,"key":"FossilizedHelix"},{"floor":12,"key":"Bag of Preparation"},{"floor":23,"key":"Happy Flower"},{"floor":26,"key":"Lantern"},{"floor":43,"key":"Girya"}],"event_choices":[{"damage_healed":0,"gold_gain":0,"player_choice":"Ignored","damage_taken":0,"max_hp_gain":0,"max_hp_loss":0,"event_name":"Liars Game","floor":2,"gold_loss":0},{"cards_removed":["Strike_R"],"damage_healed":0,"gold_gain":0,"player_choice":"Card Removal","damage_taken":7,"max_hp_gain":0,"max_hp_loss":0,"event_name":"Golden Wing","floor":4,"gold_loss":0},{"cards_removed":["Strike_R"],"damage_healed":0,"gold_gain":0,"player_choice":"Forget","damage_taken":0,"max_hp_gain":0,"max_hp_loss":0,"event_name":"Living Wall","floor":7,"gold_loss":0},{"damage_healed":0,"gold_gain":100,"player_choice":"Gold","damage_taken":0,"max_hp_gain":0,"max_hp_loss":0,"event_name":"Wheel of Change","floor":11,"gold_loss":0},{"damage_healed":0,"gold_gain":0,"player_choice":"Ignored","damage_taken":0,"max_hp_gain":0,"max_hp_loss":0,"event_name":"N\u0027loth","floor":21,"gold_loss":0},{"damage_healed":0,"gold_gain":0,"player_choice":"Opened","damage_taken":0,"relics_obtained":["Boot"],"max_hp_gain":0,"max_hp_loss":0,"event_name":"The Mausoleum","floor":28,"gold_loss":0,"cards_obtained":["Writhe"]},{"damage_healed":0,"gold_gain":0,"player_choice":"Ignored","damage_taken":0,"max_hp_gain":0,"max_hp_loss":0,"event_name":"SecretPortal","floor":36,"gold_loss":0},{"damage_healed":0,"gold_gain":0,"player_choice":"Got Potions","damage_taken":0,"max_hp_gain":0,"max_hp_loss":0,"event_name":"Lab","floor":45,"gold_loss":0}],"is_beta":false,"boss_relics":[{"not_picked":["Empty Cage","Astrolabe"],"picked":"Black Blood"},{"not_picked":["Runic Dome","Orrery"],"picked":"Busted Crown"}],"items_purged_floors":[3,13,37],"is_endless":false,"potions_floor_spawned":[5,14,16,18,25,27,31,35,39,42],"ascension_level":1}