{"gold_per_floor":[119,130,145,155,155,155,180,197,197,197,216,250,260,278,278,353,353,370,420,435,453,52,52,63,81,81,81],"floor_reached":27,"playtime":1990,"items_purged":["Strike_R"],"score":404,"play_id":"ed321bd3-e25c-450b-8317-914abb26f591","local_time":"20190828180454","is_ascension_mode":true,"campfire_choices":[{"data":"Flame Barrier","floor":6,"key":"SMITH"},{"data":"Anger","floor":10,"key":"SMITH"},{"data":"Barricade","floor":15,"key":"SMITH"},{"data":"Juggernaut","floor":23,"key":"SMITH"}],"neow_cost":"NONE","seed_source_timestamp":763220852600200,"circlet_count":0,"master_deck":["AscendersBane","Strike_R","Strike_R","Strike_R","Strike_R","Defend_R","Defend_R","Defend_R","Bash","Finesse","Shrug It Off","Limit Break","Cleave","Flame Barrier+1","Warcry","Anger+1","Barricade+1","Power Through","Body Slam","Metallicize","Offering","Havoc+1","True Grit","Juggernaut+1","Fiend Fire","Headbutt","Second Wind"],"relics":["Burning Blood","Red Skull","Oddly Smooth Stone","Ancient Tea Set","Runic Pyramid","Frozen Egg 2"],"potions_floor_usage":[14,16,24,24],"damage_taken":[{"damage":8,"enemies":"Jaw Worm","floor":1,"turns":6},{"damage":0,"enemies":"Cultist","floor":2,"turns":4},{"damage":4,"enemies":"Small Slimes","floor":3,"turns":5},{"damage":22,"enemies":"Red Slaver","floor":4,"turns":5},{"damage":14,"enemies":"3 Sentries","floor":7,"turns":9},{"damage":11,"enemies":"2 Fungi Beasts","floor":8,"turns":5},{"damage":1,"enemies":"Lots of Slimes","floor":11,"turns":4},{"damage":16,"enemies":"Gremlin Nob","floor":12,"turns":4},{"damage":13,"enemies":"3 Louse","floor":13,"turns":4},{"damage":5,"enemies":"Large Slime","floor":14,"turns":4},{"damage":9,"enemies":"Slime Boss","floor":16,"turns":6},{"damage":33,"enemies":"Shell Parasite","floor":18,"turns":8},{"damage":11,"enemies":"Spheric Guardian","floor":20,"turns":5},{"damage":10,"enemies":"Shelled Parasite and Fungi","floor":21,"turns":7},{"damage":33,"enemies":"Snecko","floor":24,"turns":5},{"damage":4,"enemies":"Snake Plant","floor":25,"turns":4},{"damage":29,"enemies":"Gremlin Leader","floor":27,"turns":2}],"seed_played":"-1711744374206717757","potions_obtained":[{"floor":1,"key":"Block Potion"},{"floor":4,"key":"Weak Potion"},{"floor":8,"key":"SkillPotion"},{"floor":12,"key":"Strength Potion"},{"floor":20,"key":"SpeedPotion"},{"floor":21,"key":"BloodPotion"}],"is_trial":false,"path_per_floor":["M","M","M","M","?","R","E","M","T","R","M","E","M","M","R","B",null,"M","?","M","M","$","R","M","M","T","E"],"character_chosen":"IRONCLAD","items_purchased":["Juggernaut","Fiend Fire","Headbutt"],"campfire_rested":0,"item_purchase_floors":[22,22,22],"current_hp_per_floor":[66,72,74,58,58,58,50,45,45,45,50,40,33,34,34,31,64,37,37,32,28,28,28,19,21,21,0],"gold":81,"neow_bonus":"RANDOM_COLORLESS","is_prod":false,"is_daily":false,"chose_seed":false,"campfire_upgraded":4,"win_rate":0,"timestamp":1567040694,"path_taken":["M","M","M","M","?","R","E","M","T","R","?","E","?","M","R","BOSS","M","?","M","M","$","R","M","?","T","E"],"build_version":"2019-07-17","purchased_purges":1,"victory":false,"max_hp_per_floor":[75,75,75,75,75,75,75,75,75,75,75,75,75,75,75,75,75,75,75,75,75,75,75,75,75,75,75],"card_choices":[{"not_picked":["Pommel Strike","Flex"],"picked":"Shrug It Off","floor":1},{"not_picked":["Body Slam","Fire Breathing"],"picked":"Limit Break","floor":2},{"not_picked":["Iron Wave","Clothesline"],"picked":"Cleave","floor":3},{"not_picked":["Seeing Red","Wild Strike"],"picked":"Flame Barrier","floor":4},{"not_picked":["Body Slam","Iron Wave"],"picked":"Warcry","floor":7},{"not_picked":["Clash","Rupture"],"picked":"Anger","floor":8},{"not_picked":["Clothesline","Warcry"],"picked":"Barricade","floor":11},{"not_picked":["Shrug It Off","Warcry"],"picked":"Power Through","floor":12},{"not_picked":["Disarm","Shrug It Off"],"picked":"Body Slam","floor":13},{"not_picked":["Warcry","True Grit"],"picked":"Metallicize","floor":14},{"not_picked":["Exhume","Limit Break"],"picked":"Offering","floor":16},{"not_picked":["Pummel","Dual Wield","Fire Breathing"],"picked":"SKIP","floor":18},{"not_picked":["Clothesline","Warcry"],"picked":"Havoc+1","floor":20},{"not_picked":["Pummel+1","Burning Pact"],"picked":"True Grit","floor":21},{"not_picked":["Wild Strike+1","Shrug It Off"],"picked":"Second Wind","floor":24},{"not_picked":["Spot Weakness","Heavy Blade","Cleave"],"picked":"SKIP","floor":25}],"player_experience":274233,"relics_obtained":[{"floor":7,"key":"Red Skull"},{"floor":9,"key":"Oddly Smooth Stone"},{"floor":12,"key":"Ancient Tea Set"},{"floor":26,"key":"Frozen Egg 2"}],"event_choices":[{"cards_removed":["Defend_R"],"damage_healed":0,"gold_gain":0,"player_choice":"Purged","damage_taken":0,"max_hp_gain":0,"max_hp_loss":0,"event_name":"Purifier","floor":5,"gold_loss":0},{"damage_healed":0,"gold_gain":50,"player_choice":"Pray","damage_taken":0,"max_hp_gain":0,"max_hp_loss":0,"event_name":"Golden Shrine","floor":19,"gold_loss":0}],"is_beta":false,"boss_relics":[{"not_picked":["Eternal Feather","Orrery"],"picked":"Runic Pyramid"}],"items_purged_floors":[22],"is_endless":false,"potions_floor_spawned":[1,4,8,12,20,21],"killed_by":"Gremlin Leader","ascension_level":15}