{"path_per_floor":["M","?","M","?","$","R","M","R","T","R","?","?","M","$","R","B",null,"M","M","?","$","M","M","R","M","T","M"],"character_chosen":"THE_SILENT","items_purchased":["Mind Blast","Footwork","Noxious Fumes","Deadly Poison"],"gold_per_floor":[117,117,130,130,29,29,40,40,40,40,115,115,131,51,51,150,180,194,211,211,84,104,119,119,138,138,156,156],"floor_reached":28,"campfire_rested":2,"playtime":1497,"current_hp_per_floor":[66,71,68,53,53,53,53,53,53,53,42,42,28,28,50,33,75,69,48,48,48,40,11,33,24,24,11,0],"items_purged":[],"gold":156,"score":221,"play_id":"3e08ef0f-1db3-475b-9db3-6e0adaaa84b5","local_time":"20180415173934","is_prod":false,"is_daily":false,"chose_seed":false,"is_ascension_mode":true,"campfire_upgraded":3,"timestamp":1523806774,"path_taken":["M","?","M","?","$","R","?","R","T","R","?","?","M","$","R","BOSS","M","M","?","?","M","M","R","?","T","M","E"],"build_version":"2018-04-12","seed_source_timestamp":2504370106915471,"purchased_purges":0,"victory":false,"master_deck":["Survivor","Neutralize","Well Laid Plans","PiercingWail+1","Eviscerate","Blur","Sucker Punch+1","Calculated Gamble+1","Acrobatics","Poisoned Stab","Cloak And Dagger+1","Bouncing Flask+1","PiercingWail","Flying Knee","Mind Blast+1","Deflect","Dagger Spray","Footwork","Tools of the Trade","Doubt","Injury","Doubt","Backflip+1","Flying Knee","Noxious Fumes","Deadly Poison","Crippling Poison","Prepared","Prepared","Backstab+1","Catalyst"],"max_hp_per_floor":[70,75,75,75,75,75,75,75,75,75,75,75,75,75,75,75,75,75,75,75,75,75,75,75,75,75,75,75],"relics":["Pandora\u0027s Box","Prayer Wheel","Calling Bell","Snake Skull","Matryoshka","Tiny Chest","Vajra","The Courier"],"card_choices":[{"not_picked":["Dodge and Roll","Backflip"],"picked":"PiercingWail","floor":1},{"not_picked":["Slice","Deadly Poison"],"picked":"Flying Knee","floor":3},{"not_picked":["Underhanded Strike","Wraith Form v2"],"picked":"Deflect","floor":7},{"not_picked":["Flying Knee","Eviscerate"],"picked":"Dagger Spray","floor":13},{"not_picked":["Tactician","A Thousand Cuts"],"picked":"Tools of the Trade","floor":16},{"not_picked":["Underhanded Strike","Cloak And Dagger"],"picked":"Backflip","floor":18},{"not_picked":["Underhanded Strike","Choke"],"picked":"Flying Knee","floor":19},{"not_picked":["Slice","Caltrops"],"picked":"Crippling Poison","floor":22},{"not_picked":["Doppelganger","Deadly Poison"],"picked":"Prepared","floor":23},{"not_picked":["Poisoned Stab","Finisher"],"picked":"Prepared","floor":25},{"not_picked":["Backflip","Underhanded Strike"],"picked":"Backstab","floor":26},{"not_picked":["Sucker Punch","Blade Dance"],"picked":"Catalyst","floor":27}],"player_experience":116513,"potions_floor_usage":[19,22,23,27,28],"damage_taken":[{"damage":4,"enemies":"Small Slimes","floor":1,"turns":3},{"damage":3,"enemies":"Jaw Worm","floor":3,"turns":4},{"damage":0,"enemies":"2 Louse","floor":7,"turns":2},{"damage":14,"enemies":"Exordium Wildlife","floor":13,"turns":5},{"damage":17,"enemies":"The Guardian","floor":16,"turns":8},{"damage":6,"enemies":"Spheric Guardian","floor":18,"turns":5},{"damage":21,"enemies":"2 Thieves","floor":19,"turns":4},{"damage":8,"enemies":"Cultist and Chosen","floor":22,"turns":5},{"damage":29,"enemies":"Centurion and Healer","floor":23,"turns":5},{"damage":9,"enemies":"Snake Plant","floor":25,"turns":4},{"damage":13,"enemies":"Chosen and Byrds","floor":27,"turns":5},{"damage":12,"enemies":"Gremlin Leader","floor":28,"turns":1}],"event_choices":[{"event_name":"Big Fish","player_choice":"Donut","floor":2,"damage_taken":0},{"event_name":"Shining Light","player_choice":"Entered Light","floor":4,"damage_taken":0},{"event_name":"World of Goop","player_choice":"Gather Gold","floor":11,"damage_taken":0},{"event_name":"Upgrade Shrine","player_choice":"Upgraded","floor":12,"damage_taken":0},{"event_name":"Vampires","player_choice":"Ignored","floor":20,"damage_taken":0}],"boss_relics":[{"not_picked":["Philosopher\u0027s Stone","Runic Pyramid"],"picked":"Calling Bell"}],"potions_floor_spawned":[1,7,22,23,25],"seed_played":"373767774212623926","killed_by":"Gremlin Leader","ascension_level":1,"is_trial":false}