{"gold_per_floor":[111,121,121,46,57,57,67,67,144,144,163,163,175,175,175,272,272,283,283,283,303,37,37,37,53,106,106,106,130,130,130,130,130],"floor_reached":33,"playtime":808,"items_purged":["Strike_R","Strike_R"],"score":350,"play_id":"ec1c31f4-7e27-40c0-aa83-3dc6624b1e2d","local_time":"20190825211926","is_ascension_mode":true,"campfire_choices":[{"floor":6,"key":"REST"},{"data":"Whirlwind","floor":10,"key":"SMITH"},{"data":"Flex","floor":12,"key":"SMITH"},{"data":"Heavy Blade","floor":15,"key":"SMITH"},{"data":"Secret Technique","floor":23,"key":"SMITH"},{"data":"Demon Form","floor":27,"key":"SMITH"},{"data":"Bash","floor":30,"key":"SMITH"},{"floor":32,"key":"REST"}],"neow_cost":"NONE","seed_source_timestamp":904919334469100,"circlet_count":0,"master_deck":["AscendersBane","Strike_R","Defend_R","Defend_R","Defend_R","Bash+1","Demon Form+1","Heavy Blade+1","Flex+1","Evolve","Whirlwind+1","Double Tap","Secret Technique+1"],"relics":["Burning Blood","Lantern","Kunai","Busted Crown","Pen Nib","Art of War"],"potions_floor_usage":[13,16,33],"damage_taken":[{"damage":28,"enemies":"Jaw Worm","floor":1,"turns":4},{"damage":6,"enemies":"Cultist","floor":2,"turns":4},{"damage":2,"enemies":"2 Louse","floor":5,"turns":3},{"damage":5,"enemies":"2 Fungi Beasts","floor":7,"turns":5},{"damage":11,"enemies":"Looter","floor":11,"turns":2},{"damage":11,"enemies":"Large Slime","floor":13,"turns":5},{"damage":52,"enemies":"Hexaghost","floor":16,"turns":7},{"damage":12,"enemies":"Chosen","floor":18,"turns":3},{"damage":4,"enemies":"3 Byrds","floor":21,"turns":4},{"damage":23,"enemies":"Snecko","floor":25,"turns":4},{"damage":83,"enemies":"Collector","floor":33,"turns":5}],"seed_played":"-5665106727814836770","potions_obtained":[{"floor":1,"key":"SkillPotion"},{"floor":5,"key":"SpeedPotion"},{"floor":13,"key":"Swift Potion"},{"floor":25,"key":"Explosive Potion"}],"is_trial":false,"path_per_floor":["M","M","?","$","M","R","M","?","T","R","M","R","M","?","R","B",null,"M","?","?","M","$","R","?","M","T","R","$","T","R","?","R","B"],"character_chosen":"IRONCLAD","items_purchased":["Secret Technique"],"campfire_rested":2,"item_purchase_floors":[22],"current_hp_per_floor":[50,50,50,50,54,78,79,72,72,72,67,67,62,62,62,16,64,58,58,80,80,80,80,80,63,63,63,63,63,63,63,80,0],"gold":130,"neow_bonus":"TRANSFORM_CARD","is_prod":false,"is_daily":false,"chose_seed":false,"campfire_upgraded":6,"win_rate":0,"timestamp":1566735566,"path_taken":["M","M","?","$","?","R","M","?","T","R","M","R","M","?","R","BOSS","M","?","?","M","$","R","?","?","T","R","$","?","R","?","R","BOSS"],"build_version":"2019-07-17","purchased_purges":2,"victory":false,"max_hp_per_floor":[80,80,80,80,80,80,80,80,80,80,80,80,80,80,80,80,80,80,80,80,80,80,80,80,80,80,80,80,80,80,80,80,80],"card_choices":[{"not_picked":["Seeing Red","Armaments"],"picked":"Heavy Blade","floor":1},{"not_picked":["Power Through","Disarm"],"picked":"Flex","floor":2},{"not_picked":["Anger","Entrench"],"picked":"Evolve","floor":5},{"not_picked":["Carnage","Sentinel"],"picked":"Whirlwind","floor":7},{"not_picked":["Uppercut","Sword Boomerang","Intimidate"],"picked":"SKIP","floor":11},{"not_picked":["Blood for Blood","Warcry","Combust"],"picked":"SKIP","floor":13},{"not_picked":["Impervious","Dark Embrace"],"picked":"Double Tap","floor":16},{"not_picked":["Dropkick"],"picked":"SKIP","floor":18},{"not_picked":["Rage"],"picked":"SKIP","floor":21},{"not_picked":["Rage"],"picked":"SKIP","floor":25}],"player_experience":214868,"relics_obtained":[{"floor":9,"key":"Kunai"},{"floor":26,"key":"Pen Nib"},{"floor":29,"key":"Art of War"}],"event_choices":[{"cards_removed":["Strike_R"],"damage_healed":0,"gold_gain":0,"player_choice":"Offered Basic","damage_taken":0,"max_hp_gain":0,"max_hp_loss":0,"event_name":"Bonfire Elementals","floor":3,"gold_loss":0},{"damage_healed":0,"gold_gain":0,"player_choice":"Success","damage_taken":7,"relics_obtained":["Lantern"],"max_hp_gain":0,"max_hp_loss":0,"event_name":"Scrap Ooze","floor":8,"gold_loss":0},{"cards_removed":["Strike_R"],"damage_healed":0,"gold_gain":0,"player_choice":"Forget","damage_taken":0,"max_hp_gain":0,"max_hp_loss":0,"event_name":"Living Wall","floor":14,"gold_loss":0},{"damage_healed":0,"gold_gain":0,"player_choice":"Ignored","damage_taken":0,"max_hp_gain":0,"max_hp_loss":0,"event_name":"The Mausoleum","floor":19,"gold_loss":0},{"damage_healed":26,"gold_gain":0,"player_choice":"Heal","damage_taken":0,"max_hp_gain":0,"max_hp_loss":0,"event_name":"The Library","floor":20,"gold_loss":0},{"damage_healed":0,"gold_gain":0,"player_choice":"Leave","damage_taken":0,"max_hp_gain":0,"max_hp_loss":0,"event_name":"FaceTrader","floor":24,"gold_loss":0},{"damage_healed":0,"gold_gain":0,"player_choice":"0 cards matched","damage_taken":0,"max_hp_gain":0,"max_hp_loss":0,"event_name":"Match and Keep!","floor":31,"gold_loss":0,"cards_obtained":[]}],"is_beta":false,"boss_relics":[{"not_picked":["Mark of Pain","Calling Bell"],"picked":"Busted Crown"}],"items_purged_floors":[4,22],"is_endless":false,"potions_floor_spawned":[1,5,13,25],"killed_by":"Collector","ascension_level":10}