{"gold_per_floor":[114,134,209,57,75,75,102,102,132,132,152,166,177,187,187,286,286,296,311,328,340,340,340,373,273,273,7,17,17,17,35,35,138,138,148,148,162,37,55,55,66,66,66,66,66,78,94,94,94,94],"floor_reached":51,"playtime":3489,"items_purged":["Strike_G","Strike_G","Strike_G"],"score":673,"play_id":"4cd8a337-2363-40f6-868d-f4cc62879a15","local_time":"20181229105257","is_ascension_mode":false,"campfire_choices":[{"data":"Footwork","floor":6,"key":"SMITH"},{"data":"Infinite Blades","floor":8,"key":"SMITH"},{"floor":15,"key":"REST"},{"floor":23,"key":"REST"},{"floor":30,"key":"REST"},{"floor":32,"key":"REST"},{"data":"Phantasmal Killer","floor":40,"key":"SMITH"},{"floor":42,"key":"REST"},{"floor":49,"key":"REST"}],"neow_cost":"NONE","seed_source_timestamp":0,"circlet_count":0,"master_deck":["Defend_G","Defend_G","Defend_G","Defend_G","Defend_G","Survivor","Neutralize","Predator","Infinite Blades+1","Leg Sweep","Footwork+1","Backflip","Infinite Blades","Well Laid Plans","Endless Agony","Backflip","Quick Slash","Phantasmal Killer+1","PiercingWail+1","Caltrops","Slice","Deadly Poison+1","Choke+1","Envenom+1","Acrobatics","Dagger Spray+1","Footwork+1","Blade Dance","Corpse Explosion","All Out Attack+1","Riddle With Holes+1","Quick Slash+1","Parasite"],"special_seed":0,"relics":["Ring of the Snake","Mummified Hand","Tiny Chest","Sozu","MutagenicStrength","Frozen Egg 2","Pear","Happy Flower","Busted Crown","Mercury Hourglass","Tough Bandages"],"potions_floor_usage":[19,33,50],"damage_taken":[{"damage":0,"enemies":"2 Louse","floor":1,"turns":2},{"damage":1,"enemies":"Jaw Worm","floor":2,"turns":4},{"damage":1,"enemies":"Small Slimes","floor":5,"turns":5},{"damage":5,"enemies":"Lagavulin","floor":7,"turns":11},{"damage":0,"enemies":"Red Slaver","floor":11,"turns":4},{"damage":0,"enemies":"2 Fungi Beasts","floor":12,"turns":4},{"damage":0,"enemies":"Looter","floor":13,"turns":4},{"damage":1,"enemies":"Exordium Thugs","floor":14,"turns":6},{"damage":22,"enemies":"Slime Boss","floor":16,"turns":8},{"damage":7,"enemies":"3 Byrds","floor":18,"turns":5},{"damage":4,"enemies":"Spheric Guardian","floor":19,"turns":4},{"damage":8,"enemies":"Snake Plant","floor":20,"turns":5},{"damage":16,"enemies":"Snecko","floor":21,"turns":6},{"damage":20,"enemies":"Book of Stabbing","floor":24,"turns":6},{"damage":12,"enemies":"Shelled Parasite and Fungi","floor":28,"turns":4},{"damage":13,"enemies":"Chosen and Byrds","floor":31,"turns":7},{"damage":24,"enemies":"Automaton","floor":33,"turns":9},{"damage":14,"enemies":"Orb Walker","floor":35,"turns":3},{"damage":0,"enemies":"3 Shapes","floor":37,"turns":2},{"damage":4,"enemies":"Sphere and 2 Shapes","floor":39,"turns":5},{"damage":53,"enemies":"Writhing Mass","floor":41,"turns":6},{"damage":0,"enemies":"Transient","floor":46,"turns":5},{"damage":0,"enemies":"Sphere and 2 Shapes","floor":47,"turns":2},{"damage":31,"enemies":"Donu and Deca","floor":50,"turns":7}],"seed_played":"9069761003025662821","potions_obtained":[{"floor":1,"key":"SkillPotion"},{"floor":2,"key":"Poison Potion"},{"floor":14,"key":"SpeedPotion"}],"is_trial":false,"path_per_floor":["M","M","?","$","M","R","E","R","T","?","M","M","M","M","R","B",null,"M","M","M","M","?","R","E","$","T","$","M","?","R","M","R","B",null,"M","T","M","$","M","R","M","R","T","?","?","M","M","?","R","B",null],"character_chosen":"THE_SILENT","items_purchased":["Footwork","Envenom+1","Happy Flower","Acrobatics"],"campfire_rested":6,"item_purchase_floors":[4,27,27,27],"current_hp_per_floor":[70,69,58,58,57,57,52,52,52,52,52,52,52,51,70,48,70,63,59,51,35,35,56,36,36,46,46,34,34,58,45,69,45,80,66,66,66,66,62,62,9,33,33,33,33,33,33,33,57,26],"gold":94,"neow_bonus":"TRANSFORM_CARD","is_prod":false,"is_daily":false,"chose_seed":false,"campfire_upgraded":3,"win_rate":0,"timestamp":1546048377,"path_taken":["M","M","?","$","M","R","E","R","T","?","M","?","M","M","R","BOSS","M","M","M","M","?","R","E","$","T","$","M","?","R","M","R","BOSS","M","?","M","$","M","R","M","R","T","?","?","M","?","?","R","BOSS"],"build_version":"2018-12-20","purchased_purges":3,"victory":true,"max_hp_per_floor":[70,70,70,70,70,70,70,70,70,70,70,70,70,70,70,70,70,70,70,70,70,70,70,70,70,80,80,80,80,80,80,80,80,80,80,80,80,80,80,80,80,80,80,80,80,80,80,80,80,80],"card_choices":[{"not_picked":["Blur","Bane"],"picked":"Infinite Blades","floor":1},{"not_picked":["Skewer","Reflex"],"picked":"Leg Sweep","floor":2},{"not_picked":["Escape Plan","Leg Sweep"],"picked":"Backflip","floor":5},{"not_picked":["Sucker Punch","Flechettes"],"picked":"Infinite Blades","floor":7},{"not_picked":["Acrobatics","Prepared"],"picked":"Well Laid Plans","floor":11},{"not_picked":["Flechettes","Sucker Punch"],"picked":"Endless Agony","floor":12},{"not_picked":["Eviscerate","Sucker Punch"],"picked":"Backflip","floor":13},{"not_picked":["Tactician","Endless Agony"],"picked":"Quick Slash","floor":14},{"not_picked":["Bullet Time","Burst"],"picked":"Phantasmal Killer","floor":16},{"not_picked":["Deflect","Dash+1"],"picked":"PiercingWail+1","floor":18},{"not_picked":["Dodge and Roll","Bane"],"picked":"Caltrops","floor":19},{"not_picked":["Dash","PiercingWail"],"picked":"Slice","floor":20},{"not_picked":["PiercingWail","Deflect"],"picked":"Deadly Poison+1","floor":21},{"not_picked":["Poisoned Stab","Heel Hook+1"],"picked":"Choke+1","floor":24},{"not_picked":["Slice+1","Dodge and Roll+1"],"picked":"Dagger Spray+1","floor":28},{"not_picked":["Prepared","Doppelganger"],"picked":"Blade Dance","floor":31},{"not_picked":["Night Terror","Doppelganger"],"picked":"Corpse Explosion","floor":33},{"not_picked":[],"picked":"All Out Attack+1","floor":35},{"not_picked":[],"picked":"Riddle With Holes+1","floor":37},{"not_picked":[],"picked":"Quick Slash+1","floor":39},{"not_picked":["Deadly Poison+1"],"picked":"SKIP","floor":41},{"not_picked":["Poisoned Stab"],"picked":"SKIP","floor":46},{"not_picked":["Flechettes+1"],"picked":"SKIP","floor":47}],"player_experience":42244,"relics_obtained":[{"floor":7,"key":"Mummified Hand"},{"floor":9,"key":"Tiny Chest"},{"floor":24,"key":"Frozen Egg 2"},{"floor":26,"key":"Pear"},{"floor":36,"key":"Mercury Hourglass"},{"floor":43,"key":"Tough Bandages"}],"event_choices":[{"damage_healed":0,"gold_gain":75,"player_choice":"Gather Gold","damage_taken":11,"max_hp_gain":0,"max_hp_loss":0,"event_name":"World of Goop","floor":3,"gold_loss":0},{"damage_healed":0,"gold_gain":0,"player_choice":"Ignored","damage_taken":0,"max_hp_gain":0,"max_hp_loss":0,"event_name":"Liars Game","floor":10,"gold_loss":0},{"damage_healed":0,"gold_gain":0,"player_choice":"Inject Mutagens","damage_taken":0,"relics_obtained":["MutagenicStrength"],"max_hp_gain":0,"max_hp_loss":0,"event_name":"Drug Dealer","floor":22,"gold_loss":0},{"damage_healed":0,"gold_gain":0,"player_choice":"Copied","damage_taken":0,"max_hp_gain":0,"max_hp_loss":0,"event_name":"Duplicator","floor":29,"gold_loss":0,"cards_obtained":["Footwork"]},{"damage_healed":0,"gold_gain":0,"player_choice":"Ignored","damage_taken":0,"max_hp_gain":0,"max_hp_loss":0,"event_name":"Mysterious Sphere","floor":44,"gold_loss":0},{"damage_healed":0,"gold_gain":0,"player_choice":"Ignored","damage_taken":0,"max_hp_gain":0,"max_hp_loss":0,"event_name":"Tomb of Lord Red Mask","floor":45,"gold_loss":0},{"cards_removed":["Strike_G"],"damage_healed":0,"gold_gain":0,"player_choice":"Purged","damage_taken":0,"max_hp_gain":0,"max_hp_loss":0,"event_name":"Purifier","floor":48,"gold_loss":0}],"is_beta":false,"boss_relics":[{"not_picked":["Snecko Eye","Black Star"],"picked":"Sozu"},{"not_picked":["Empty Cage","Runic Dome"],"picked":"Busted Crown"}],"items_purged_floors":[4,25,38],"is_endless":false,"potions_floor_spawned":[1,2,14,19,24,33,41,46],"ascension_level":0}