{"gold_per_floor":[109,127,127,97,112,112,126,126,149,261,283,14,14,30,30,135,135,154,166,241,36,136,136,152,20,66,66,66,81,91,102,102,202,202,214,11,22,40,58,58,58,58,82,114,24,35,35,45,45,45],"floor_reached":50,"playtime":5199,"items_purged":[],"score":516,"play_id":"8fb2aef0-ed4a-4bb7-b9bb-ad3eb145b58c","local_time":"20190826101855","is_ascension_mode":false,"campfire_choices":[{"floor":6,"key":"REST"},{"data":"Thunderclap","floor":8,"key":"SMITH"},{"floor":15,"key":"REST"},{"floor":23,"key":"REST"},{"data":"Corruption","floor":27,"key":"SMITH"},{"floor":32,"key":"REST"},{"floor":40,"key":"REST"},{"data":"Apotheosis","floor":42,"key":"SMITH"},{"floor":49,"key":"REST"}],"neow_cost":"NONE","seed_source_timestamp":153912228462091,"circlet_count":0,"master_deck":["Strike_R","Strike_R","Strike_R","Strike_R","Defend_R","Defend_R","Defend_R","Defend_R","Bash","Second Wind+1","Pommel Strike","Metallicize+1","Thunderclap+1","Inflame","Thunderclap+1","Apotheosis+1","Bandage Up","Battle Trance","Clothesline","Barricade","Heavy Blade","Armaments","Whirlwind","Evolve","Iron Wave","Thunderclap","Corruption+1","Pummel","Metallicize","Burning Pact","Metallicize","Double Tap","Rupture+1","Searing Blow","Shrug It Off+1","Body Slam","Combust+1","Offering","Dropkick+1","Fire Breathing+1","Blood for Blood"],"relics":["Burning Blood","MawBank","Mark of Pain","Dream Catcher","Lantern","Runic Cube","Toy Ornithopter","Omamori","Oddly Smooth Stone"],"potions_floor_usage":[11,16,29,29,30,33,37,38,44,50],"damage_taken":[{"damage":4,"enemies":"Small Slimes","floor":1,"turns":6},{"damage":7,"enemies":"2 Louse","floor":2,"turns":3},{"damage":5,"enemies":"Cultist","floor":5,"turns":4},{"damage":8,"enemies":"3 Louse","floor":7,"turns":4},{"damage":18,"enemies":"Lots of Slimes","floor":11,"turns":4},{"damage":23,"enemies":"Exordium Thugs","floor":14,"turns":4},{"damage":18,"enemies":"Slime Boss","floor":16,"turns":10},{"damage":16,"enemies":"Chosen","floor":18,"turns":5},{"damage":22,"enemies":"Shell Parasite","floor":19,"turns":8},{"damage":33,"enemies":"Cultist and Chosen","floor":24,"turns":7},{"damage":11,"enemies":"Chosen and Byrds","floor":29,"turns":6},{"damage":31,"enemies":"Snake Plant","floor":30,"turns":5},{"damage":26,"enemies":"Centurion and Healer","floor":31,"turns":7},{"damage":21,"enemies":"Champ","floor":33,"turns":13},{"damage":13,"enemies":"Orb Walker","floor":35,"turns":4},{"damage":11,"enemies":"3 Shapes","floor":37,"turns":5},{"damage":34,"enemies":"Writhing Mass","floor":38,"turns":8},{"damage":31,"enemies":"Jaw Worm Horde","floor":39,"turns":5},{"damage":14,"enemies":"Giant Head","floor":44,"turns":7},{"damage":22,"enemies":"Sphere and 2 Shapes","floor":46,"turns":6},{"damage":26,"enemies":"Transient","floor":48,"turns":5},{"damage":85,"enemies":"Awakened One","floor":50,"turns":3}],"seed_played":"6272585253256215207","potions_obtained":[{"floor":2,"key":"GamblersBrew"},{"floor":4,"key":"GamblersBrew"},{"floor":4,"key":"Swift Potion"},{"floor":5,"key":"Regen Potion"},{"floor":7,"key":"Energy Potion"},{"floor":24,"key":"BloodPotion"},{"floor":29,"key":"AttackPotion"},{"floor":33,"key":"EssenceOfSteel"},{"floor":35,"key":"Dexterity Potion"},{"floor":39,"key":"PowerPotion"},{"floor":48,"key":"BloodPotion"}],"is_trial":false,"path_per_floor":["M","M","?","?","M","R","M","R","T","?","M","$","$","M","R","B",null,"M","M","?","$","?","R","M","$","T","R","T","M","M","M","R","B",null,"M","$","M","M","M","R","?","R","T","E","?","M","$","M","R","B"],"character_chosen":"IRONCLAD","items_purchased":["Apotheosis","Bandage Up","Battle Trance","Armaments","Whirlwind","Evolve","Iron Wave","Corruption","Energy Potion","Toy Ornithopter"],"campfire_rested":6,"item_purchase_floors":[12,12,12,21,21,21,21,25,25,36],"current_hp_per_floor":[80,79,63,63,64,80,78,78,78,78,75,75,75,62,80,74,80,70,60,52,52,52,76,53,53,53,53,53,74,53,37,61,52,80,77,77,80,58,39,63,63,63,63,64,64,52,52,32,56,0],"gold":45,"neow_bonus":"THREE_CARDS","is_prod":false,"is_daily":false,"chose_seed":false,"campfire_upgraded":3,"win_rate":0.0,"timestamp":1566785935,"path_taken":["M","M","?","?","?","R","M","R","T","?","?","?","$","M","R","BOSS","M","?","?","?","?","R","?","$","T","R","?","M","M","M","R","BOSS","M","$","M","M","M","R","?","R","T","E","?","M","$","?","R","BOSS"],"build_version":"2019-07-17","purchased_purges":0,"victory":false,"max_hp_per_floor":[80,80,80,80,80,80,80,80,80,80,80,80,80,80,80,80,80,80,80,80,80,80,80,80,80,80,80,80,80,80,80,80,80,80,80,80,80,80,80,80,80,80,80,80,80,80,80,80,80,80],"card_choices":[{"not_picked":["Clothesline","Heavy Blade"],"picked":"Second Wind","floor":0},{"not_picked":["Warcry","Reckless Charge"],"picked":"Pommel Strike","floor":1},{"not_picked":["Heavy Blade","Thunderclap"],"picked":"Metallicize","floor":2},{"not_picked":["Dual Wield","Clothesline"],"picked":"Thunderclap","floor":5},{"not_picked":["Second Wind","Warcry"],"picked":"Inflame","floor":7},{"not_picked":["Sword Boomerang","Clothesline"],"picked":"Thunderclap","floor":11},{"not_picked":["Spot Weakness","Metallicize"],"picked":"Clothesline","floor":14},{"not_picked":["Exhume","Immolate"],"picked":"Barricade","floor":16},{"not_picked":["Sword Boomerang","Heavy Blade"],"picked":"Pommel Strike","floor":18},{"not_picked":["Wild Strike","Thunderclap"],"picked":"Heavy Blade","floor":19},{"not_picked":["Clash+1","Flex"],"picked":"Thunderclap","floor":24},{"not_picked":["Anger+1","Clash"],"picked":"Pummel","floor":29},{"not_picked":["Clash+1","Armaments"],"picked":"Metallicize","floor":30},{"not_picked":["Perfected Strike","Clothesline"],"picked":"Burning Pact","floor":31},{"not_picked":["Wild Strike+1","Intimidate"],"picked":"Metallicize","floor":32},{"not_picked":["Demon Form","Reaper"],"picked":"Double Tap","floor":33},{"not_picked":["Uppercut+1","Perfected Strike"],"picked":"Rupture+1","floor":35},{"not_picked":["Havoc","Disarm+1"],"picked":"Searing Blow","floor":37},{"not_picked":["Body Slam","Thunderclap+1"],"picked":"Shrug It Off+1","floor":38},{"not_picked":["Anger","Armaments+1"],"picked":"Body Slam","floor":39},{"not_picked":["Perfected Strike+1","Pommel Strike+1"],"picked":"Combust+1","floor":40},{"not_picked":["Perfected Strike+1","Searing Blow"],"picked":"Offering","floor":44},{"not_picked":["Spot Weakness","Headbutt+1"],"picked":"Dropkick+1","floor":46},{"not_picked":["Intimidate+1","Flex"],"picked":"Fire Breathing+1","floor":48},{"not_picked":["Flex+1","Wild Strike"],"picked":"Blood for Blood","floor":49}],"player_experience":83726,"relics_obtained":[{"floor":9,"key":"MawBank"},{"floor":26,"key":"Dream Catcher"},{"floor":28,"key":"Lantern"},{"floor":43,"key":"Omamori"},{"floor":44,"key":"Oddly Smooth Stone"}],"event_choices":[{"damage_healed":0,"gold_gain":0,"player_choice":"Entered Light","damage_taken":16,"max_hp_gain":0,"max_hp_loss":0,"event_name":"Shining Light","floor":3,"gold_loss":0,"cards_upgraded":["Second Wind","Metallicize"]},{"damage_healed":0,"gold_gain":0,"player_choice":"Bought 2 Potions","damage_taken":0,"max_hp_gain":0,"max_hp_loss":0,"event_name":"The Woman in Blue","floor":4,"gold_loss":0},{"damage_healed":0,"gold_gain":100,"player_choice":"Gold","damage_taken":0,"max_hp_gain":0,"max_hp_loss":0,"event_name":"Wheel of Change","floor":10,"gold_loss":0},{"damage_healed":0,"gold_gain":75,"player_choice":"Touch","damage_taken":8,"max_hp_gain":0,"max_hp_loss":0,"event_name":"FaceTrader","floor":20,"gold_loss":0},{"damage_healed":0,"gold_gain":100,"player_choice":"Pray","damage_taken":0,"max_hp_gain":0,"max_hp_loss":0,"event_name":"Golden Shrine","floor":22,"gold_loss":0},{"cards_removed":["Pommel Strike"],"damage_healed":0,"gold_gain":0,"player_choice":"Removed Attack","damage_taken":0,"max_hp_gain":0,"max_hp_loss":0,"event_name":"Falling","floor":41,"gold_loss":0},{"cards_removed":["Strike_R"],"damage_healed":0,"gold_gain":0,"player_choice":"Upgrade and Remove","damage_taken":0,"max_hp_gain":0,"max_hp_loss":0,"event_name":"Designer","floor":45,"gold_loss":90,"cards_upgraded":["Thunderclap"]}],"is_beta":false,"boss_relics":[{"not_picked":["Eternal Feather","Lizard Tail"],"picked":"Mark of Pain"},{"not_picked":["Busted Crown","Astrolabe"],"picked":"Runic Cube"}],"items_purged_floors":[],"is_endless":false,"potions_floor_spawned":[2,5,7,24,29,33,35,39,48],"killed_by":"Awakened One","ascension_level":0}