{"gold_per_floor":[109,109,129,99,49,49,61,61,61,72,86,98,98,117,117,215,265,284,304,323,22,34,34,47,47,47,47,66,78,78,26,26,126,126,146,0,55,75,75,75,93,93,116,140,2,17,17,17],"floor_reached":48,"playtime":5221,"items_purged":[],"score":478,"play_id":"c0cc8976-0ead-418e-a849-2d485b83e680","local_time":"20190830212919","is_ascension_mode":false,"campfire_choices":[{"data":"Outmaneuver","floor":6.0,"key":"SMITH"},{"data":"Underhanded Strike","floor":8.0,"key":"SMITH"},{"floor":15.0,"key":"REST"},{"floor":23.0,"key":"REST"},{"floor":32.0,"key":"REST"},{"floor":40,"key":"REST"},{"floor":42,"key":"REST"}],"neow_cost":"NONE","seed_source_timestamp":0,"circlet_count":0,"master_deck":["Strike_G","Defend_G","Defend_G+1","Defend_G","Defend_G","Defend_G","Survivor","Neutralize","Underhanded Strike+1","Dagger Spray+1","Backstab+1","Outmaneuver+1","Expertise","Underhanded Strike+1","Terror","Dash","Skewer","Dagger Spray","Envenom","Blur","Outmaneuver+1","Slice","Blade Dance","Panache","Blur","Slice","Flechettes","Dodge and Roll","Necronomicurse","Writhe","Bullet Time","Flying Knee","A Thousand Cuts","Choke+1","Dagger Spray+1","Quick Slash","Parasite","Calculated Gamble+1","PiercingWail+1","Blade Dance+1"],"special_seed":0,"relics":["Astrolabe","Ice Cream","Bronze Scales","Tiny House","Necronomicon","Shovel","Paper Crane","Philosopher\u0027s Stone","Red Mask","Mango","MawBank","Lantern"],"potions_floor_usage":[37,37,37,37,38,41,44,44],"damage_taken":[{"damage":0.0,"enemies":"Small Slimes","floor":1.0,"turns":2.0},{"damage":0.0,"enemies":"2 Louse","floor":3.0,"turns":1.0},{"damage":1.0,"enemies":"Jaw Worm","floor":7.0,"turns":2.0},{"damage":0.0,"enemies":"Large Slime","floor":10.0,"turns":4.0},{"damage":0.0,"enemies":"Exordium Wildlife","floor":11.0,"turns":3.0},{"damage":7.0,"enemies":"Blue Slaver","floor":12.0,"turns":3.0},{"damage":0.0,"enemies":"2 Fungi Beasts","floor":14.0,"turns":5.0},{"damage":24.0,"enemies":"Slime Boss","floor":16.0,"turns":10.0},{"damage":4.0,"enemies":"Shell Parasite","floor":18.0,"turns":6.0},{"damage":0.0,"enemies":"3 Byrds","floor":19.0,"turns":3.0},{"damage":17.0,"enemies":"3 Cultists","floor":20.0,"turns":5.0},{"damage":15.0,"enemies":"Snecko","floor":22.0,"turns":5.0},{"damage":15.0,"enemies":"Chosen and Byrds","floor":24.0,"turns":5.0},{"damage":28.0,"enemies":"Sentry and Sphere","floor":28.0,"turns":5.0},{"damage":13.0,"enemies":"Cultist and Chosen","floor":29.0,"turns":5.0},{"damage":44.0,"enemies":"Automaton","floor":33.0,"turns":10.0},{"damage":19,"enemies":"3 Shapes","floor":35,"turns":3},{"damage":15,"enemies":"2 Orb Walkers","floor":37,"turns":4},{"damage":40,"enemies":"3 Darklings","floor":38,"turns":4},{"damage":42,"enemies":"Writhing Mass","floor":41,"turns":4},{"damage":12,"enemies":"4 Shapes","floor":44,"turns":4},{"damage":30,"enemies":"Transient","floor":46,"turns":5},{"damage":11,"enemies":"Maw","floor":48,"turns":4}],"seed_played":"-8928439531160143095","potions_obtained":[{"floor":3.0,"key":"Regen Potion"},{"floor":7.0,"key":"Poison Potion"},{"floor":12.0,"key":"FairyPotion"},{"floor":17.0,"key":"Energy Potion"},{"floor":20.0,"key":"SkillPotion"},{"floor":22.0,"key":"SteroidPotion"},{"floor":24.0,"key":"Explosive Potion"},{"floor":29.0,"key":"Energy Potion"},{"floor":33.0,"key":"EntropicBrew"},{"floor":37,"key":"Poison Potion"},{"floor":38,"key":"GamblersBrew"},{"floor":39,"key":"Fruit Juice"},{"floor":39,"key":"FairyPotion"},{"floor":39,"key":"EssenceOfSteel"},{"floor":41,"key":"Poison Potion"}],"is_trial":false,"path_per_floor":["M","?","M","?","?","R","M","R","T","M","M","M","?","M","R","B",null,"M","M","M","$","M","R","M","?","T","?","M","M","?","$","R","B",null,"M","?","?","M","?","R","M","R","T","M","$","M","$","M"],"character_chosen":"THE_SILENT","items_purchased":["Panache","Blur","Slice","PowerPotion","Lantern"],"campfire_rested":5,"item_purchase_floors":[21,21,21,31,45],"current_hp_per_floor":[70,70,70,70,70,70,69,69,69,69,69,62,44,59,70,46,75,71,71,54,54,39,61,46,30,30,30,2,7,32,32,54,10,75,56,56,55,15,15,41,4,32,32,20,20,9,9,0],"gold":17,"neow_bonus":"BOSS_RELIC","is_prod":false,"is_daily":false,"chose_seed":false,"campfire_upgraded":2,"win_rate":0.0,"timestamp":1567171759,"path_taken":["M","?","M","?","?","R","M","R","T","M","?","M","?","M","R","BOSS","M","M","M","$","M","R","M","?","T","?","M","M","?","$","R","BOSS","M","?","?","M","?","R","?","R","T","M","?","M","$","?"],"build_version":"2019-07-17","purchased_purges":0,"victory":false,"max_hp_per_floor":[70,70,70,70,70,70,70,70,70,70,70,70,70,70,70,70,75,75,75,75,75,75,75,75,75,75,75,75,75,75,75,75,75,75,75,75,89,89,89,89,94,94,94,94,94,94,94,94],"card_choices":[{"not_picked":["Bane","Dagger Spray"],"picked":"Outmaneuver","floor":1.0},{"not_picked":["Reflex","Footwork"],"picked":"Expertise","floor":3.0},{"not_picked":["PiercingWail","Dagger Spray"],"picked":"Underhanded Strike","floor":7.0},{"not_picked":["Reflex","Sucker Punch"],"picked":"Terror","floor":10.0},{"not_picked":["Tactician","Endless Agony"],"picked":"Dash","floor":11.0},{"not_picked":["Reflex","Flying Knee"],"picked":"Skewer","floor":12.0},{"not_picked":["Leg Sweep","Footwork"],"picked":"Dagger Spray","floor":14.0},{"not_picked":["Adrenaline","Venomology"],"picked":"Envenom","floor":16.0},{"not_picked":["PiercingWail","Eviscerate"],"picked":"Blur","floor":17.0},{"not_picked":["Dagger Throw","Prepared+1"],"picked":"Outmaneuver+1","floor":18.0},{"not_picked":["Footwork","Deadly Poison"],"picked":"Slice","floor":19.0},{"not_picked":["Dash","Leg Sweep+1"],"picked":"Blade Dance","floor":20.0},{"not_picked":["Deadly Poison","Flying Knee"],"picked":"Flechettes","floor":22.0},{"not_picked":["Deadly Poison","Dagger Spray"],"picked":"Dodge and Roll","floor":24.0},{"not_picked":["Sucker Punch","Caltrops"],"picked":"Bullet Time","floor":28.0},{"not_picked":["Quick Slash","Dagger Spray+1"],"picked":"Flying Knee","floor":29.0},{"not_picked":["Unload","Venomology"],"picked":"A Thousand Cuts","floor":33.0},{"not_picked":["Noxious Fumes+1","Footwork+1"],"picked":"Choke+1","floor":35},{"not_picked":["Finisher","Escape Plan"],"picked":"Dagger Spray+1","floor":37},{"not_picked":["Flechettes+1","Acrobatics"],"picked":"Quick Slash","floor":38},{"not_picked":["Bane","Eviscerate"],"picked":"Calculated Gamble+1","floor":41},{"not_picked":["Deadly Poison","Leg Sweep"],"picked":"PiercingWail+1","floor":44},{"not_picked":["Acrobatics+1","Glass Knife"],"picked":"Blade Dance+1","floor":46}],"player_experience":118051,"relics_obtained":[{"floor":9.0,"key":"Ice Cream"},{"floor":25.0,"key":"Necronomicon"},{"floor":26.0,"key":"Shovel"},{"floor":37,"key":"Mango"},{"floor":43,"key":"MawBank"}],"event_choices":[{"damage_healed":0.0,"max_hp_gain":0.0,"max_hp_loss":0.0,"gold_gain":0.0,"event_name":"Liars Game","player_choice":"Ignored","floor":2.0,"gold_loss":0.0,"damage_taken":0.0},{"damage_healed":0.0,"max_hp_gain":0.0,"max_hp_loss":0.0,"gold_gain":0.0,"event_name":"World of Goop","player_choice":"Left Gold","floor":4.0,"gold_loss":30.0,"damage_taken":0.0},{"cards_removed":["Strike_G"],"damage_healed":0.0,"max_hp_gain":0.0,"max_hp_loss":0.0,"gold_gain":0.0,"event_name":"The Cleric","player_choice":"Card Removal","floor":5.0,"gold_loss":50.0,"damage_taken":0.0},{"damage_healed":0.0,"max_hp_gain":0.0,"max_hp_loss":0.0,"gold_gain":0.0,"event_name":"Scrap Ooze","player_choice":"Success","floor":13.0,"gold_loss":0.0,"damage_taken":18.0,"relics_obtained":["Bronze Scales"]},{"damage_healed":0.0,"max_hp_gain":0.0,"max_hp_loss":0.0,"gold_gain":0.0,"event_name":"Cursed Tome","player_choice":"Obtained Book","floor":25.0,"gold_loss":0.0,"damage_taken":16.0},{"damage_healed":0.0,"max_hp_gain":0.0,"max_hp_loss":0.0,"gold_gain":0.0,"event_name":"The Mausoleum","player_choice":"Opened","floor":27.0,"gold_loss":0.0,"damage_taken":0.0,"relics_obtained":["Paper Crane"],"cards_obtained":["Writhe"]},{"damage_healed":25.0,"max_hp_gain":0.0,"max_hp_loss":0.0,"gold_gain":0.0,"event_name":"The Library","player_choice":"Heal","floor":30.0,"gold_loss":0.0,"damage_taken":0.0},{"damage_healed":0,"gold_gain":0,"player_choice":"Paid","damage_taken":0,"relics_obtained":["Red Mask"],"max_hp_gain":0,"max_hp_loss":0,"event_name":"Tomb of Lord Red Mask","floor":36,"gold_loss":146},{"damage_healed":0,"gold_gain":0,"player_choice":"Fight","damage_taken":0,"max_hp_gain":0,"max_hp_loss":0,"event_name":"Mysterious Sphere","floor":37,"gold_loss":0},{"damage_healed":0,"gold_gain":0,"player_choice":"Got Potions","damage_taken":0,"max_hp_gain":0,"max_hp_loss":0,"event_name":"Lab","floor":39,"gold_loss":0}],"is_beta":false,"boss_relics":[{"not_picked":["HoveringKite","Ectoplasm"],"picked":"Tiny House"},{"not_picked":["WristBlade","Runic Dome"],"picked":"Philosopher\u0027s Stone"}],"items_purged_floors":[],"is_endless":false,"potions_floor_spawned":[3,7,12,20,22,24,29,33,37,38,41],"killed_by":"Maw","ascension_level":0}