{"gold_per_floor":[114,114,289,302,321,321,334,365,365,365,379,412,432,20,20,139,139,160,160,172,172,189,189,189],"floor_reached":24,"playtime":1313,"items_purged":[],"score":260,"play_id":"e6e0e0a8-3b5b-4c62-abbc-0414dca20851","local_time":"20181218161027","is_ascension_mode":true,"campfire_choices":[{"floor":6,"key":"REST"},{"floor":15,"key":"REST"},{"floor":23,"key":"REST"}],"neow_cost":"NONE","seed_source_timestamp":221791069125163,"circlet_count":0,"master_deck":["Strike_R","Strike_R","Strike_R","Strike_R","Strike_R","Defend_R","Defend_R","Defend_R","Defend_R+1","Bash","Madness","Blood for Blood","Doubt","Whirlwind","Flex+1","Juggernaut","Shrug It Off","Shrug It Off","Armaments","Feed","Immolate","Evolve+1","Body Slam","Feed","Metallicize+1"],"relics":["Burning Blood","Bloody Idol","Meat on the Bone","Pear","PreservedInsect","Bottled Tornado","Eternal Feather"],"potions_floor_usage":[8,11,13,13,16],"damage_taken":[{"damage":1,"enemies":"Small Slimes","floor":1,"turns":4},{"damage":12,"enemies":"Jaw Worm","floor":4,"turns":3},{"damage":11,"enemies":"2 Louse","floor":5,"turns":3},{"damage":16,"enemies":"Lots of Slimes","floor":7,"turns":3},{"damage":35,"enemies":"Lagavulin","floor":8,"turns":7},{"damage":11,"enemies":"Blue Slaver","floor":11,"turns":4},{"damage":39,"enemies":"3 Sentries","floor":12,"turns":8},{"damage":16,"enemies":"Large Slime","floor":13,"turns":3},{"damage":34,"enemies":"Slime Boss","floor":16,"turns":12},{"damage":31,"enemies":"Shell Parasite","floor":18,"turns":8},{"damage":15,"enemies":"Chosen","floor":20,"turns":5},{"damage":55,"enemies":"Snake Plant","floor":22,"turns":6},{"damage":83,"enemies":"3 Cultists","floor":24,"turns":6}],"seed_played":"-936508521190384141","potions_obtained":[{"floor":4,"key":"AttackPotion"},{"floor":8,"key":"Regen Potion"},{"floor":11,"key":"Poison Potion"},{"floor":12,"key":"SkillPotion"},{"floor":13,"key":"Fire Potion"},{"floor":22,"key":"SpeedPotion"}],"is_trial":false,"path_per_floor":["M","?","?","M","M","R","M","E","T","?","M","E","M","$","R","B",null,"M","?","M","?","M","R","M"],"character_chosen":"IRONCLAD","items_purchased":["Feed","Bottled Tornado"],"campfire_rested":3,"item_purchase_floors":[14,14],"current_hp_per_floor":[80,60,60,54,49,73,63,34,44,26,45,24,26,26,53,41,81,56,56,64,64,32,75,0],"gold":189,"neow_bonus":"RANDOM_COLORLESS","is_prod":false,"is_daily":false,"chose_seed":false,"campfire_upgraded":0,"win_rate":0,"timestamp":1545145827,"path_taken":["M","?","?","M","M","R","M","E","T","?","M","E","M","$","R","BOSS","M","?","M","?","?","R","M"],"build_version":"2018-12-13","purchased_purges":0,"victory":false,"max_hp_per_floor":[80,80,80,80,80,80,80,80,90,90,90,90,90,90,90,94,94,94,94,94,94,94,94,94],"card_choices":[{"not_picked":["Anger","Cleave"],"picked":"Blood for Blood","floor":1},{"not_picked":["Pummel","Metallicize"],"picked":"Whirlwind","floor":4},{"not_picked":["Anger","Havoc"],"picked":"Flex","floor":5},{"not_picked":["Anger","Heavy Blade","Wild Strike"],"picked":"SKIP","floor":7},{"not_picked":["Twin Strike","Shrug It Off"],"picked":"Juggernaut","floor":8},{"not_picked":["Carnage","Clothesline"],"picked":"Shrug It Off","floor":11},{"not_picked":["Fire Breathing","Headbutt"],"picked":"Shrug It Off","floor":12},{"not_picked":["Hemokinesis","Heavy Blade"],"picked":"Armaments","floor":13},{"not_picked":["Double Tap","Exhume"],"picked":"Immolate","floor":16},{"not_picked":["True Grit+1","Wild Strike"],"picked":"Evolve+1","floor":18},{"not_picked":["Shockwave","Rage"],"picked":"Body Slam","floor":20},{"not_picked":["Burning Pact","Seeing Red"],"picked":"Metallicize+1","floor":22}],"player_experience":332983,"relics_obtained":[{"floor":8,"key":"Meat on the Bone"},{"floor":9,"key":"Pear"},{"floor":12,"key":"PreservedInsect"}],"event_choices":[{"damage_healed":0,"gold_gain":0,"player_choice":"Take Damage","damage_taken":20,"relics_obtained":["Golden Idol"],"max_hp_gain":0,"max_hp_loss":0,"event_name":"Golden Idol","floor":2,"gold_loss":0},{"damage_healed":0,"gold_gain":175,"player_choice":"AGREE","damage_taken":0,"max_hp_gain":0,"max_hp_loss":0,"event_name":"Liars Game","floor":3,"gold_loss":0,"cards_obtained":["Doubt"]},{"damage_healed":0,"gold_gain":0,"player_choice":"Entered Light","damage_taken":18,"max_hp_gain":0,"max_hp_loss":0,"event_name":"Shining Light","floor":10,"gold_loss":0,"cards_upgraded":["Flex","Defend_R"]},{"damage_healed":0,"gold_gain":0,"player_choice":"Gave Idol","damage_taken":0,"relics_obtained":["Bloody Idol"],"max_hp_gain":0,"max_hp_loss":0,"event_name":"Forgotten Altar","floor":19,"relics_lost":["Golden Idol"],"gold_loss":0},{"damage_healed":0,"gold_gain":0,"player_choice":"Copied","damage_taken":0,"max_hp_gain":0,"max_hp_loss":0,"event_name":"Duplicator","floor":21,"gold_loss":0,"cards_obtained":["Feed"]}],"is_beta":false,"boss_relics":[{"not_picked":["Runic Cube","Empty Cage"],"picked":"Eternal Feather"}],"items_purged_floors":[],"is_endless":false,"potions_floor_spawned":[4,8,11,12,13,22],"killed_by":"3 Cultists","ascension_level":5}