{"gold_per_floor":[118,138,138,138,152,187,207,207,207,219,0,20,20,51,51,151,151,164,183,103,103,119,119,145,7,31,67,67,81,39,58,58,161,161,195,205,205,205,50,85,85,103,103,136,8,8,108,118,118,118],"floor_reached":51,"playtime":2997,"items_purged":["Strike_R","Strike_R","Defend_R","Decay"],"score":988,"play_id":"d20de2b6-e82a-4b52-8808-1233e0ab0986","local_time":"20190824133918","is_ascension_mode":true,"campfire_choices":[{"floor":8.0,"key":"REST"},{"data":"1","floor":13.0,"key":"LIFT"},{"data":"2","floor":15.0,"key":"LIFT"},{"floor":23.0,"key":"REST"},{"data":"3","floor":28.0,"key":"LIFT"},{"data":"Heavy Blade","floor":32.0,"key":"SMITH"},{"floor":41.0,"key":"REST"},{"data":"Double Tap","floor":46.0,"key":"SMITH"},{"floor":49.0,"key":"REST"}],"neow_cost":"NONE","seed_source_timestamp":400162938155700,"circlet_count":0,"master_deck":["Strike_R+1","Defend_R+1","Defend_R","Bash","Thunderclap","Double Tap+1","Wild Strike","Cleave","Wild Strike","Battle Trance","Anger","Clothesline","Double Tap","Spot Weakness+1","Rupture+1","Flex+1","Hemokinesis+1","J.A.X.","Dual Wield+1","Pummel","HandOfGreed","Anger","Battle Trance+1","Heavy Blade+1","Flex+1","Feed","Cleave+1","Madness","Madness","Secret Weapon","Jack Of All Trades","Jack Of All Trades","Pummel","Anger","Infernal Blade+1","Pummel","Immolate","Bandage Up","Pummel"],"special_seed":0,"relics":["Burning Blood","Regal Pillow","Girya","The Courier","Odd Mushroom","MealTicket","Red Skull","Astrolabe","Torii","Smiling Mask","Cursed Key","Shuriken","Mango","Juzu Bracelet","Bird Faced Urn"],"potions_floor_usage":[],"damage_taken":[{"damage":5.0,"enemies":"Small Slimes","floor":1.0,"turns":3.0},{"damage":4.0,"enemies":"Jaw Worm","floor":2.0,"turns":4.0},{"damage":6.0,"enemies":"2 Louse","floor":5.0,"turns":2.0},{"damage":20.0,"enemies":"3 Sentries","floor":6.0,"turns":8.0},{"damage":12.0,"enemies":"The Mushroom Lair","floor":7.0,"turns":3.0},{"damage":14.0,"enemies":"Large Slime","floor":10.0,"turns":7.0},{"damage":3.0,"enemies":"Blue Slaver","floor":12.0,"turns":3.0},{"damage":16.0,"enemies":"Gremlin Nob","floor":14.0,"turns":3.0},{"damage":50.0,"enemies":"Slime Boss","floor":16.0,"turns":7.0},{"damage":19.0,"enemies":"2 Thieves","floor":18.0,"turns":3.0},{"damage":11.0,"enemies":"Chosen","floor":19.0,"turns":2.0},{"damage":36.0,"enemies":"Centurion and Healer","floor":22.0,"turns":3.0},{"damage":51.0,"enemies":"Book of Stabbing","floor":24.0,"turns":4.0},{"damage":3.0,"enemies":"Shelled Parasite and Fungi","floor":27.0,"turns":2.0},{"damage":7.0,"enemies":"Chosen and Byrds","floor":29.0,"turns":3.0},{"damage":2.0,"enemies":"Snake Plant","floor":31.0,"turns":2.0},{"damage":31.0,"enemies":"Champ","floor":33.0,"turns":6.0},{"damage":11.0,"enemies":"3 Shapes","floor":35.0,"turns":2.0},{"damage":14.0,"enemies":"Orb Walker","floor":36.0,"turns":2.0},{"damage":50.0,"enemies":"Giant Head","floor":40.0,"turns":6.0},{"damage":23.0,"enemies":"3 Darklings","floor":42.0,"turns":2.0},{"damage":18.0,"enemies":"Reptomancer","floor":44.0,"turns":2.0},{"damage":8.0,"enemies":"Mind Bloom Boss Battle","floor":47.0,"turns":4.0},{"damage":34.0,"enemies":"4 Shapes","floor":48.0,"turns":2.0},{"damage":62,"enemies":"Awakened One","floor":50,"turns":4}],"seed_played":"729639777985530996","potions_obtained":[{"floor":2.0,"key":"Block Potion"},{"floor":7.0,"key":"LiquidBronze"},{"floor":10.0,"key":"EntropicBrew"},{"floor":14.0,"key":"Dexterity Potion"},{"floor":22.0,"key":"Poison Potion"},{"floor":24.0,"key":"PowerPotion"},{"floor":29.0,"key":"Weak Potion"},{"floor":31.0,"key":"Swift Potion"},{"floor":36.0,"key":"SneckoOil"},{"floor":44.0,"key":"Fruit Juice"},{"floor":47.0,"key":"Explosive Potion"},{"floor":48.0,"key":"Fire Potion"}],"is_trial":false,"path_per_floor":["M","M","?","?","M","E","?","R","T","M","$","M","R","E","R","B",null,"M","M","$","?","M","R","E","$","T","M","R","M","$","M","R","B",null,"M","M","?","?","$","E","R","M","T","E","$","R","?","M","R","B",null],"character_chosen":"IRONCLAD","items_purchased":["MealTicket","HandOfGreed","Heavy Blade","Pummel","Anger","Bandage Up"],"campfire_rested":4,"item_purchase_floors":[11,25,30,39,39,45],"current_hp_per_floor":[80,80,62,46,46,32,26,65,65,57,57,60,60,50,50,26,67,54,49,64,64,34,73,28,43,43,46,46,45,60,64,64,39,70,68,60,50,40,55,11,50,33,47,35,55,55,57,32,78,26],"gold":118,"neow_bonus":"RANDOM_COMMON_RELIC","is_prod":false,"is_daily":false,"chose_seed":false,"campfire_upgraded":2,"win_rate":0,"timestamp":1566679158,"path_taken":["M","M","?","?","M","E","?","R","T","M","?","M","R","E","R","BOSS","M","M","$","?","M","R","E","$","T","M","R","M","$","M","R","BOSS","M","M","?","?","$","E","R","M","T","E","$","R","?","M","R","BOSS"],"build_version":"2019-07-17","purchased_purges":4,"victory":true,"max_hp_per_floor":[80,80,80,80,80,80,80,80,80,80,80,80,80,80,80,80,80,80,80,80,80,80,80,80,80,80,80,80,80,80,80,80,80,80,83,83,83,83,83,83,83,83,97,97,102,102,102,105,105,105],"card_choices":[{"not_picked":["Twin Strike","Flex"],"picked":"Thunderclap","floor":1.0},{"not_picked":["Thunderclap","Perfected Strike"],"picked":"Double Tap","floor":2.0},{"not_picked":["Twin Strike","Infernal Blade"],"picked":"Wild Strike","floor":5.0},{"not_picked":["Flex","Shrug It Off"],"picked":"Cleave","floor":6.0},{"not_picked":["Heavy Blade","Hemokinesis"],"picked":"Wild Strike","floor":7.0},{"not_picked":["Burning Pact","Fire Breathing"],"picked":"Battle Trance","floor":10.0},{"not_picked":["Clothesline","Brutality"],"picked":"Anger","floor":12.0},{"not_picked":["Pommel Strike","Flex"],"picked":"Clothesline","floor":14.0},{"not_picked":["Fiend Fire","Brutality"],"picked":"Double Tap","floor":16.0},{"not_picked":["True Grit","Body Slam"],"picked":"Hemokinesis+1","floor":18.0},{"not_picked":["Headbutt","True Grit","Havoc"],"picked":"SKIP","floor":19.0},{"not_picked":["Sentinel","Flame Barrier+1"],"picked":"Dual Wield+1","floor":22.0},{"not_picked":["Bloodletting","Sentinel"],"picked":"Pummel","floor":24.0},{"not_picked":["Iron Wave+1","Wild Strike"],"picked":"Anger","floor":27.0},{"not_picked":["Searing Blow+1","Second Wind"],"picked":"Battle Trance+1","floor":29.0},{"not_picked":["Searing Blow","Havoc"],"picked":"Flex+1","floor":31.0},{"not_picked":["Demon Form","Exhume"],"picked":"Feed","floor":33.0},{"not_picked":["Iron Wave","True Grit+1"],"picked":"Cleave+1","floor":35.0},{"not_picked":["Carnage+1","Body Slam+1","Cleave"],"picked":"SKIP","floor":36.0},{"not_picked":["Good Instincts","Metamorphosis"],"picked":"Secret Weapon","floor":38.0},{"not_picked":["Panache","Mind Blast"],"picked":"Jack Of All Trades","floor":38.0},{"not_picked":["Blind","Forethought"],"picked":"Jack Of All Trades","floor":38.0},{"not_picked":["Headbutt","True Grit"],"picked":"Infernal Blade+1","floor":40.0},{"not_picked":["Twin Strike+1","Shrug It Off"],"picked":"Pummel","floor":42.0},{"not_picked":["Twin Strike","Entrench"],"picked":"Immolate","floor":44.0},{"not_picked":["Clothesline","Metallicize"],"picked":"Pummel","floor":48.0}],"player_experience":131487,"relics_obtained":[{"floor":6.0,"key":"The Courier"},{"floor":7.0,"key":"Odd Mushroom"},{"floor":14.0,"key":"Red Skull"},{"floor":24.0,"key":"Torii"},{"floor":26.0,"key":"Smiling Mask"},{"floor":40.0,"key":"Shuriken"},{"floor":43.0,"key":"Mango"},{"floor":44.0,"key":"Juzu Bracelet"},{"floor":47.0,"key":"Bird Faced Urn"}],"event_choices":[{"damage_healed":0.0,"max_hp_gain":0.0,"max_hp_loss":0.0,"gold_gain":0.0,"event_name":"Scrap Ooze","player_choice":"Success","floor":3.0,"gold_loss":0.0,"damage_taken":18.0,"relics_obtained":["Girya"]},{"damage_healed":0.0,"max_hp_gain":0.0,"max_hp_loss":0.0,"gold_gain":0.0,"event_name":"Shining Light","player_choice":"Entered Light","floor":4.0,"gold_loss":0.0,"damage_taken":16.0,"cards_upgraded":["Strike_R","Defend_R"]},{"damage_healed":0.0,"max_hp_gain":0.0,"max_hp_loss":0.0,"gold_gain":0.0,"event_name":"Mushrooms","player_choice":"Fought Mushrooms","floor":7.0,"gold_loss":0.0,"damage_taken":0.0},{"damage_healed":0.0,"max_hp_gain":0.0,"max_hp_loss":0.0,"gold_gain":0.0,"event_name":"Drug Dealer","player_choice":"Obtain J.A.X.","floor":21.0,"gold_loss":0.0,"damage_taken":0.0,"cards_obtained":["J.A.X."]},{"damage_healed":0.0,"max_hp_gain":0.0,"max_hp_loss":0.0,"gold_gain":0.0,"event_name":"Winding Halls","player_choice":"Embrace Madness","floor":37.0,"gold_loss":0.0,"damage_taken":10.0,"cards_obtained":["Madness","Madness"]},{"damage_healed":0.0,"max_hp_gain":0.0,"max_hp_loss":0.0,"gold_gain":0.0,"event_name":"SensoryStone","player_choice":"Memory 3","floor":38.0,"gold_loss":0.0,"damage_taken":10.0},{"damage_healed":0.0,"max_hp_gain":0.0,"max_hp_loss":0.0,"gold_gain":0.0,"event_name":"MindBloom","player_choice":"Fight","floor":47.0,"gold_loss":0.0,"damage_taken":0.0}],"is_beta":false,"boss_relics":[{"not_picked":["Philosopher\u0027s Stone","Runic Cube"],"picked":"Astrolabe"},{"not_picked":["Black Blood","Lizard Tail"],"picked":"Cursed Key"}],"items_purged_floors":[11,20,39,45],"is_endless":false,"potions_floor_spawned":[2,7,10,14,22,24,29,31,36,44,47,48],"ascension_level":5}