{"gold_per_floor":[114,132,49,67,67,77,142,26,73,92,92,167,178,192,192,192],"floor_reached":16,"playtime":1184,"items_purged":[],"score":94,"play_id":"43a01464-8f91-44c1-869e-856307bc4145","local_time":"20190827224227","is_ascension_mode":false,"campfire_choices":[{"floor":11,"key":"REST"},{"data":"Feed","floor":15,"key":"SMITH"}],"neow_cost":"NONE","seed_source_timestamp":54776030996371,"circlet_count":0,"master_deck":["Strike_R","Strike_R","Strike_R","Strike_R","Strike_R","Defend_R","Defend_R","Defend_R","Defend_R","Bash+1","Pommel Strike","Clothesline","Enlightenment","Pommel Strike","Anger","Shrug It Off","Iron Wave","Fire Breathing","Flame Barrier","Feed+1","Shrug It Off","Burning Pact"],"relics":["Burning Blood","Bronze Scales","Vajra","Dream Catcher"],"potions_floor_usage":[7,10,13,16],"damage_taken":[{"damage":3,"enemies":"Small Slimes","floor":1,"turns":4},{"damage":5,"enemies":"2 Louse","floor":2,"turns":2},{"damage":0,"enemies":"Cultist","floor":4,"turns":3},{"damage":8,"enemies":"Red Slaver","floor":6,"turns":2},{"damage":23,"enemies":"3 Sentries","floor":7,"turns":6},{"damage":10,"enemies":"Exordium Thugs","floor":10,"turns":3},{"damage":9,"enemies":"Exordium Wildlife","floor":13,"turns":3},{"damage":0,"enemies":"Blue Slaver","floor":14,"turns":3},{"damage":70,"enemies":"The Guardian","floor":16,"turns":9}],"seed_played":"-1507130282661804699","potions_obtained":[{"floor":2,"key":"Poison Potion"},{"floor":4,"key":"LiquidBronze"},{"floor":10,"key":"AttackPotion"},{"floor":14,"key":"PowerPotion"}],"is_trial":false,"path_per_floor":["M","M","$","M","?","M","?","$","T","M","R","?","M","M","R","B"],"character_chosen":"IRONCLAD","items_purchased":["Enlightenment","Iron Wave","Fire Breathing"],"campfire_rested":1,"item_purchase_floors":[3,8,8],"current_hp_per_floor":[80,80,80,80,73,71,54,54,54,50,74,63,60,69,69,0],"gold":192,"neow_bonus":"UPGRADE_CARD","is_prod":false,"is_daily":false,"chose_seed":false,"campfire_upgraded":1,"win_rate":0.0,"timestamp":1566916947,"path_taken":["M","M","$","M","?","M","?","$","T","M","R","?","M","M","R","BOSS"],"build_version":"2019-07-17","purchased_purges":0,"victory":false,"max_hp_per_floor":[80,80,80,80,80,80,80,80,80,80,80,80,80,83,83,83],"card_choices":[{"not_picked":["Warcry","Twin Strike"],"picked":"Pommel Strike","floor":1},{"not_picked":["Sever Soul","Combust"],"picked":"Clothesline","floor":2},{"not_picked":["Ghostly Armor","Bloodletting"],"picked":"Pommel Strike","floor":4},{"not_picked":["Sever Soul","Spot Weakness"],"picked":"Anger","floor":6},{"not_picked":["Sword Boomerang","Power Through"],"picked":"Shrug It Off","floor":7},{"not_picked":["Clothesline","Headbutt"],"picked":"Flame Barrier","floor":10},{"not_picked":["Metallicize","Reckless Charge"],"picked":"Feed","floor":11},{"not_picked":["Twin Strike","Sever Soul"],"picked":"Shrug It Off","floor":13},{"not_picked":["Dual Wield","Clothesline"],"picked":"Burning Pact","floor":14}],"player_experience":101124,"relics_obtained":[{"floor":7,"key":"Vajra"},{"floor":9,"key":"Dream Catcher"}],"event_choices":[{"damage_healed":0,"gold_gain":0,"player_choice":"Success","damage_taken":7,"relics_obtained":["Bronze Scales"],"max_hp_gain":0,"max_hp_loss":0,"event_name":"Scrap Ooze","floor":5,"gold_loss":0},{"damage_healed":0,"gold_gain":0,"player_choice":"Searched \u00272\u0027 times","damage_taken":0,"max_hp_gain":0,"max_hp_loss":0,"event_name":"Dead Adventurer","floor":7,"gold_loss":0},{"damage_healed":0,"gold_gain":75,"player_choice":"Gather Gold","damage_taken":11,"max_hp_gain":0,"max_hp_loss":0,"event_name":"World of Goop","floor":12,"gold_loss":0}],"is_beta":false,"boss_relics":[],"items_purged_floors":[],"is_endless":false,"potions_floor_spawned":[2,4,10,14],"killed_by":"The Guardian","ascension_level":0}