{"gold_per_floor":[145,220,220,240,260,286,286,312,339,355,355,355,373,393,393,489,489,506,522,522,547,562,562,562,574,574,646,646,646,660,673,673,673],"floor_reached":33,"playtime":1290,"items_purged":[],"score":311,"play_id":"83e94d5e-c4b2-4660-973c-2cfe9ff38354","local_time":"20181124145249","is_ascension_mode":true,"campfire_choices":[{"floor":7,"key":"REST"},{"floor":12,"key":"REST"},{"data":"Corruption","floor":15,"key":"SMITH"},{"floor":23,"key":"REST"},{"floor":28,"key":"REST"},{"floor":32,"key":"REST"}],"neow_cost":"NONE","seed_source_timestamp":570576762771940,"circlet_count":0,"master_deck":["Strike_R","Strike_R","Strike_R","Defend_R","Defend_R","Defend_R+1","Bash","Corruption+1","Anger","Clash","Spot Weakness","Shrug It Off","Evolve","Double Tap+1","Fire Breathing+1","Juggernaut+1","True Grit+1","Armaments+1","Inflame","Whirlwind+1","Clash+1","Body Slam+1","Limit Break"],"relics":["Burning Blood","Tiny Chest","Ice Cream","Pantograph","Dodecahedron","Happy Flower","Astrolabe","Bottled Lightning","War Paint","MutagenicStrength","Bag of Preparation","Blue Candle","FaceOfCleric"],"potions_floor_usage":[8,11,13,16,19,22,31,31,31,31,31,31,31,31,31,33,33],"damage_taken":[{"damage":7,"enemies":"Jaw Worm","floor":1,"turns":3},{"damage":1,"enemies":"Cultist","floor":4,"turns":3},{"damage":9,"enemies":"2 Louse","floor":5,"turns":2},{"damage":40,"enemies":"Lagavulin","floor":6,"turns":7},{"damage":32,"enemies":"Gremlin Nob","floor":8,"turns":4},{"damage":8,"enemies":"Red Slaver","floor":10,"turns":3},{"damage":23,"enemies":"Exordium Wildlife","floor":13,"turns":4},{"damage":8,"enemies":"3 Louse","floor":14,"turns":3},{"damage":44,"enemies":"Slime Boss","floor":16,"turns":9},{"damage":38,"enemies":"3 Byrds","floor":18,"turns":5},{"damage":22,"enemies":"Shell Parasite","floor":19,"turns":5},{"damage":25,"enemies":"Chosen and Byrds","floor":22,"turns":5},{"damage":28,"enemies":"3 Cultists","floor":25,"turns":5},{"damage":45,"enemies":"Shelled Parasite and Fungi","floor":30,"turns":5},{"damage":9,"enemies":"Snake Plant","floor":31,"turns":3},{"damage":78,"enemies":"Automaton","floor":33,"turns":6}],"seed_played":"-4781743152714397026","potions_obtained":[{"floor":6,"key":"SkillPotion"},{"floor":8,"key":"Dexterity Potion"},{"floor":10,"key":"Regen Potion"},{"floor":11,"key":"Fruit Juice"},{"floor":11,"key":"EntropicBrew"},{"floor":13,"key":"SpeedPotion"},{"floor":18,"key":"SkillPotion"},{"floor":19,"key":"Ancient Potion"}],"is_trial":false,"path_per_floor":["M","?","T","M","M","E","R","E","T","M","?","R","M","M","R","B",null,"M","M","T","T","M","R","?","M","T","T","R","?","M","M","R","B"],"character_chosen":"IRONCLAD","items_purchased":[],"campfire_rested":5,"item_purchase_floors":[],"current_hp_per_floor":[79,68,68,73,70,36,60,34,34,32,37,62,57,55,55,42,85,53,37,37,37,18,43,43,21,21,21,46,46,8,22,48,0],"gold":673,"neow_bonus":"RANDOM_COMMON_RELIC","is_prod":false,"is_daily":false,"chose_seed":false,"campfire_upgraded":1,"win_rate":0,"timestamp":1543067569,"path_taken":["M","?","?","M","M","E","R","E","T","?","?","R","?","M","R","BOSS","M","M","?","?","M","R","?","M","T","?","R","?","M","M","R","BOSS"],"build_version":"2018-11-15","purchased_purges":0,"victory":false,"max_hp_per_floor":[80,80,80,80,80,80,80,80,80,80,85,85,85,85,85,85,85,85,85,85,85,85,85,85,85,85,85,85,85,86,87,87,87],"card_choices":[{"not_picked":["Wild Strike","Flex","Heavy Blade"],"picked":"SKIP","floor":1},{"not_picked":["Entrench","Shrug It Off"],"picked":"Corruption","floor":4},{"not_picked":["Shockwave","Shrug It Off","Bloodletting"],"picked":"SKIP","floor":5},{"not_picked":["Sever Soul","Uppercut"],"picked":"Anger","floor":6},{"not_picked":["Clothesline","Wild Strike"],"picked":"Clash","floor":8},{"not_picked":["Barricade","Headbutt"],"picked":"Spot Weakness","floor":10},{"not_picked":["Sword Boomerang","Pommel Strike"],"picked":"Shrug It Off","floor":13},{"not_picked":["Flex","Cleave"],"picked":"Evolve","floor":14},{"not_picked":["Impervious","Barricade"],"picked":"Double Tap","floor":16},{"not_picked":["Clash","Entrench"],"picked":"Armaments+1","floor":18},{"not_picked":["Anger","Searing Blow"],"picked":"Inflame","floor":19},{"not_picked":["Heavy Blade","Thunderclap"],"picked":"Whirlwind+1","floor":22},{"not_picked":["Uppercut+1","Seeing Red"],"picked":"Clash+1","floor":25},{"not_picked":["Metallicize","Perfected Strike"],"picked":"Body Slam+1","floor":30},{"not_picked":["Sword Boomerang+1","Body Slam"],"picked":"Limit Break","floor":31}],"player_experience":309473,"relics_obtained":[{"floor":3,"key":"Ice Cream"},{"floor":6,"key":"Pantograph"},{"floor":8,"key":"Dodecahedron"},{"floor":9,"key":"Happy Flower"},{"floor":20,"key":"Bottled Lightning"},{"floor":21,"key":"War Paint"},{"floor":26,"key":"Bag of Preparation"},{"floor":27,"key":"Blue Candle"}],"event_choices":[{"damage_healed":0,"gold_gain":75,"player_choice":"Gather Gold","damage_taken":11,"max_hp_gain":0,"max_hp_loss":0,"event_name":"World of Goop","floor":2,"gold_loss":0},{"damage_healed":0,"gold_gain":0,"player_choice":"Got Potions","damage_taken":0,"max_hp_gain":0,"max_hp_loss":0,"event_name":"Lab","floor":11,"gold_loss":0},{"damage_healed":0,"gold_gain":0,"player_choice":"Inject Mutagens","damage_taken":0,"relics_obtained":["MutagenicStrength"],"max_hp_gain":0,"max_hp_loss":0,"event_name":"Drug Dealer","floor":24,"gold_loss":0},{"damage_healed":0,"gold_gain":0,"player_choice":"Trade","damage_taken":0,"relics_obtained":["FaceOfCleric"],"max_hp_gain":0,"max_hp_loss":0,"event_name":"FaceTrader","floor":29,"gold_loss":0}],"is_beta":false,"boss_relics":[{"not_picked":["Cursed Key","Pandora\u0027s Box"],"picked":"Astrolabe"}],"items_purged_floors":[],"is_endless":false,"potions_floor_spawned":[6,8,10,13,18,19],"killed_by":"Automaton","ascension_level":4}