{"gold_per_floor":[118,193,193,207,221,221,221,221,221,4,19,35,35,48,48,48],"floor_reached":16,"playtime":1454,"items_purged":["Injury"],"score":92,"play_id":"8e5168ac-30a5-4ad6-96f2-0db2a8ddaa34","local_time":"20190826072826","is_ascension_mode":false,"campfire_choices":[{"data":"Dark Embrace","floor":6,"key":"SMITH"},{"data":"Deep Breath","floor":8,"key":"SMITH"},{"data":"Corruption","floor":13,"key":"SMITH"},{"data":"Seeing Red","floor":15,"key":"SMITH"}],"neow_cost":"NONE","seed_source_timestamp":147426812261958,"circlet_count":0,"master_deck":["Strike_R","Strike_R","Strike_R","Strike_R","Strike_R","Defend_R","Defend_R","Defend_R","Defend_R","Bash","Deep Breath+1","Pommel Strike","Dark Embrace+1","Cleave","Corruption+1","True Grit","Headbutt","Seeing Red+1","Infernal Blade","Body Slam"],"relics":["Burning Blood","Blood Vial","Golden Idol","Thread and Needle"],"potions_floor_usage":[4,16],"damage_taken":[{"damage":9,"enemies":"Jaw Worm","floor":1,"turns":5},{"damage":9,"enemies":"2 Louse","floor":4,"turns":2},{"damage":5,"enemies":"Small Slimes","floor":5,"turns":4},{"damage":1,"enemies":"Looter","floor":11,"turns":4},{"damage":12,"enemies":"Gremlin Gang","floor":12,"turns":6},{"damage":0,"enemies":"Blue Slaver","floor":14,"turns":3},{"damage":82,"enemies":"Hexaghost","floor":16,"turns":13}],"seed_played":"-4180994305225235532","potions_obtained":[{"floor":1,"key":"Regen Potion"},{"floor":11,"key":"Dexterity Potion"},{"floor":14,"key":"Swift Potion"}],"is_trial":false,"path_per_floor":["M","?","?","M","M","R","?","R","T","$","M","M","R","M","R","B"],"character_chosen":"IRONCLAD","items_purchased":["Corruption","True Grit","Headbutt"],"campfire_rested":0,"item_purchase_floors":[10,10,10],"current_hp_per_floor":[77,66,59,63,66,66,66,66,66,66,73,69,69,77,77,0],"gold":48,"neow_bonus":"RANDOM_COLORLESS","is_prod":false,"is_daily":false,"chose_seed":false,"campfire_upgraded":4,"win_rate":0.0,"timestamp":1566775706,"path_taken":["M","?","?","M","M","R","?","R","T","?","M","?","R","M","R","BOSS"],"build_version":"2019-07-17","purchased_purges":1,"victory":false,"max_hp_per_floor":[80,80,80,80,80,80,80,80,80,80,80,80,80,80,80,80],"card_choices":[{"not_picked":["Cleave","Clothesline"],"picked":"Pommel Strike","floor":1},{"not_picked":["Twin Strike","Havoc"],"picked":"Dark Embrace","floor":4},{"not_picked":["Heavy Blade","Uppercut"],"picked":"Cleave","floor":5},{"not_picked":["Hemokinesis","Body Slam"],"picked":"Seeing Red","floor":11},{"not_picked":["Warcry","Clash"],"picked":"Infernal Blade","floor":12},{"not_picked":["Twin Strike","Bloodletting"],"picked":"Body Slam","floor":14}],"player_experience":80619,"relics_obtained":[{"floor":9,"key":"Thread and Needle"}],"event_choices":[{"damage_healed":0,"gold_gain":75,"player_choice":"Gather Gold","damage_taken":11,"max_hp_gain":0,"max_hp_loss":0,"event_name":"World of Goop","floor":2,"gold_loss":0},{"damage_healed":0,"gold_gain":0,"player_choice":"Success","damage_taken":7,"relics_obtained":["Blood Vial"],"max_hp_gain":0,"max_hp_loss":0,"event_name":"Scrap Ooze","floor":3,"gold_loss":0},{"damage_healed":0,"gold_gain":0,"player_choice":"Take Wound","damage_taken":0,"relics_obtained":["Golden Idol"],"max_hp_gain":0,"max_hp_loss":0,"event_name":"Golden Idol","floor":7,"gold_loss":0,"cards_obtained":["Injury"]}],"is_beta":false,"boss_relics":[],"items_purged_floors":[10],"is_endless":false,"potions_floor_spawned":[1,11,14],"killed_by":"Hexaghost","ascension_level":0}