{"path_per_floor":["M","M","M","M","M","E","R","$","T","?","M","?","M","M","R","B",null,"M","M","$","?","?","M"],"character_chosen":"THE_SILENT","items_purchased":["Apotheosis","Vajra","Caltrops","PiercingWail"],"gold_per_floor":[110,129,141,159,171,204,204,16,39,62,80,110,129,144,144,244,274,261,276,30,30,30,40],"floor_reached":24,"campfire_rested":2,"playtime":1689,"current_hp_per_floor":[68,68,66,64,61,51,70,70,70,57,57,57,47,42,63,38,75,66,49,49,49,49,49],"items_purged":[],"gold":40,"score":212,"play_id":"cc5a832e-7450-4c18-a3a2-0a428354707e","is_prod":false,"is_daily":false,"is_ascension_mode":true,"campfire_upgraded":0,"path_taken":["M","M","M","M","M","E","R","$","T","?","M","?","M","M","R","BOSS","M","M","$","?","?","M","M"],"build_version":"2018-02-15-PROD1","purchased_purges":0,"victory":false,"master_deck":["Defend_G","Defend_G","Defend_G","Defend_G","Defend_G","Strike_G","Strike_G","Strike_G+1","Strike_G","Survivor","Neutralize","Backflip","Flying Knee","Flechettes","Masterful Stab","Deflect","Outmaneuver","Apotheosis","Distraction","Caltrops","Deflect","Flying Knee","Wraith Form","Prepared","Outmaneuver+1","Prepared","Caltrops","PiercingWail","Noxious Fumes","Distraction"],"max_hp_per_floor":[70,70,70,70,70,70,70,70,70,70,70,70,70,70,70,70,75,75,75,75,75,75,75],"relics":["White Beast Statue","Meat on the Bone","Art of War","Odd Mushroom","Darkstone Periapt","Tiny House","Vajra"],"card_choices":[{"not_picked":["Calculated Gamble","Accuracy"],"picked":"Backflip"},{"not_picked":["Footwork","Dagger Throw"],"picked":"Flying Knee"},{"not_picked":["Slice","Accuracy"],"picked":"Flechettes"},{"not_picked":["Outmaneuver","Backstab"],"picked":"Masterful Stab"},{"not_picked":["Catalyst","Slice"],"picked":"Deflect"},{"not_picked":["Flying Knee","Endless Agony"],"picked":"Outmaneuver"},{"not_picked":["Dagger Spray","Deadly Poison"],"picked":"Distraction"},{"not_picked":["Dagger Spray","Unload"],"picked":"Caltrops"},{"not_picked":["Acrobatics","Dagger Throw"],"picked":"Deflect"},{"not_picked":["Quick Slash","Expertise"],"picked":"Flying Knee"},{"not_picked":["Doppelganger","Burst"],"picked":"Wraith Form"},{"not_picked":["Infinite Blades","Flying Knee"],"picked":"Prepared"},{"not_picked":["Slice","Dodge and Roll"],"picked":"Outmaneuver"},{"not_picked":["Deadly Poison","Poisoned Stab"],"picked":"Prepared"},{"not_picked":["Masterful Stab","Crippling Poison"],"picked":"Distraction"}],"player_experience":99038,"potions_floor_usage":[4,5,5,6,6,14,16,18,18,23,24,24,24],"damage_taken":[{"damage":2,"enemies":"2 Louse","floor":1,"turns":4},{"damage":0,"enemies":"Small Slimes","floor":2,"turns":3},{"damage":2,"enemies":"Jaw Worm","floor":3,"turns":4},{"damage":2,"enemies":"Exordium Wildlife","floor":4,"turns":5},{"damage":3,"enemies":"Gremlin Gang","floor":5,"turns":4},{"damage":25,"enemies":"Lagavulin","floor":6,"turns":9},{"damage":13,"enemies":"The Mushroom Lair","floor":10,"turns":5},{"damage":0,"enemies":"Red Slaver","floor":11,"turns":5},{"damage":10,"enemies":"Blue Slaver","floor":13,"turns":5},{"damage":17,"enemies":"Exordium Thugs","floor":14,"turns":3},{"damage":37,"enemies":"Slime Boss","floor":16,"turns":11},{"damage":9,"enemies":"2 Thieves","floor":18,"turns":5},{"damage":17,"enemies":"3 Byrds","floor":19,"turns":5},{"damage":12,"enemies":"Sentry and Sphere","floor":23,"turns":5},{"damage":60,"enemies":"Slaver and Parasite","floor":24,"turns":4}],"event_choices":[{"event_name":"Mushrooms","player_choice":"Fought Mushrooms","floor":10,"damage_taken":0},{"event_name":"Dead Adventurer","player_choice":"Searched \u00272\u0027 times","floor":12,"damage_taken":0},{"event_name":"Purifier","player_choice":"One Purge","floor":21,"damage_taken":0},{"event_name":"Match and Keep!","player_choice":"1 cards matched","floor":22,"damage_taken":0}],"boss_relics":[{"not_picked":["Velvet Choker","Question Card"],"picked":"Tiny House"}],"potions_floor_spawned":[1,2,3,4,5,6,10,11,13,14,16,18,19,23],"seed_played":"-766200335883215765","killed_by":"Slaver and Parasite","ascension_level":1,"is_trial":false}