{"gold_per_floor":[13,13,24,36,36,66,66,95,95,95,95,0,33,33,33,137,137,157,192,202,217,228,228,228,228,254,254,286,286,286,298,298,398,398,413,427,474,162,180,239,239,273,273,304,39,39,49,80,80,80,80,80,19,50,50],"floor_reached":56,"playtime":8380,"items_purged":["Defend_B","Defend_B"],"score":1792,"play_id":"2d488b75-8761-47c9-a909-092c7d58525d","local_time":"20190708210411","is_ascension_mode":true,"campfire_choices":[{"data":"Chaos","floor":10,"key":"SMITH"},{"data":"Loop","floor":15,"key":"SMITH"},{"data":"Fission","floor":23,"key":"SMITH"},{"data":"Rainbow","floor":27,"key":"SMITH"},{"data":"Redo","floor":30,"key":"SMITH"},{"data":"Multi-Cast","floor":32,"key":"SMITH"},{"data":"Seek","floor":41,"key":"SMITH"},{"floor":49,"key":"RECALL"},{"data":"Heatsinks","floor":52,"key":"SMITH"}],"neow_cost":"NO_GOLD","seed_source_timestamp":1025933207329295,"circlet_count":0,"master_deck":["Zap","Dualcast","Rebound+1","Loop+1","Cold Snap","Chaos+1","Self Repair+1","Undo","Ball Lightning","Fission+1","Stack","Go for the Eyes","Rainbow+1","Biased Cognition","Defragment","Lockon+1","Ball Lightning+1","Multi-Cast+1","Redo+1","Auto Shields","Steam Power","Compile Driver","Seek+1","Self Repair+1","Capacitor","Barrage","Turbo+1","Heatsinks+1","Capacitor","Hologram+1","Chill","Tempest+1","Go for the Eyes+1","Turbo","Capacitor","Coolheaded","Coolheaded","Heatsinks"],"relics":["FrozenCore","Vajra","Mummified Hand","Centennial Puzzle","Bronze Scales","Strawberry","Red Mask","Juzu Bracelet","The Courier","Inserter","FossilizedHelix","DataDisk","Tiny Chest","Molten Egg 2","Omamori","War Paint","Potion Belt","Torii"],"potions_floor_usage":[8,13,16,19,21,28,55,55,55],"damage_taken":[{"damage":2,"enemies":"Small Slimes","floor":1,"turns":3},{"damage":0,"enemies":"Cultist","floor":3,"turns":4},{"damage":7,"enemies":"Jaw Worm","floor":4,"turns":4},{"damage":1,"enemies":"Lagavulin","floor":6,"turns":9},{"damage":19,"enemies":"Gremlin Nob","floor":8,"turns":4},{"damage":18,"enemies":"3 Sentries","floor":13,"turns":7},{"damage":12,"enemies":"The Guardian","floor":16,"turns":7},{"damage":1,"enemies":"Chosen","floor":18,"turns":3},{"damage":7,"enemies":"Masked Bandits","floor":19,"turns":4},{"damage":0,"enemies":"Spheric Guardian","floor":20,"turns":4},{"damage":8,"enemies":"Centurion and Healer","floor":21,"turns":6},{"damage":20,"enemies":"Snake Plant","floor":22,"turns":4},{"damage":14,"enemies":"Gremlin Leader","floor":28,"turns":5},{"damage":2,"enemies":"Cultist and Chosen","floor":31,"turns":3},{"damage":41,"enemies":"Automaton","floor":33,"turns":7},{"damage":5,"enemies":"3 Shapes","floor":35,"turns":4},{"damage":7,"enemies":"Orb Walker","floor":36,"turns":2},{"damage":20,"enemies":"2 Orb Walkers","floor":37,"turns":5},{"damage":0,"enemies":"Transient","floor":39,"turns":5},{"damage":0,"enemies":"Giant Head","floor":40,"turns":6},{"damage":0,"enemies":"Reptomancer","floor":42,"turns":7},{"damage":0,"enemies":"Nemesis","floor":44,"turns":5},{"damage":0,"enemies":"Maw","floor":47,"turns":5},{"damage":0,"enemies":"Giant Head","floor":48,"turns":5},{"damage":50,"enemies":"Awakened One","floor":50,"turns":11},{"damage":0,"enemies":"Shield and Spear","floor":54,"turns":3},{"damage":72,"enemies":"The Heart","floor":55,"turns":8}],"seed_played":"4441507536293446315","potions_obtained":[{"floor":6,"key":"Regen Potion"},{"floor":8,"key":"Dexterity Potion"},{"floor":13,"key":"SpeedPotion"},{"floor":16,"key":"Fire Potion"},{"floor":19,"key":"FearPotion"},{"floor":21,"key":"Swift Potion"},{"floor":28,"key":"Strength Potion"},{"floor":31,"key":"GamblersBrew"},{"floor":39,"key":"SpeedPotion"},{"floor":40,"key":"Block Potion"},{"floor":42,"key":"FocusPotion"},{"floor":48,"key":"Swift Potion"}],"is_trial":false,"path_per_floor":["M","?","M","M","?","E","?","E","T","R","?","$","E","$","R","B",null,"M","?","M","M","M","R","?","?","T","R","E","?","R","M","R","B",null,"M","M","?","$","M","E","R","E","T","E","$","?","M","E","R","B",null,"R","$","E","B",null],"character_chosen":"DEFECT","items_purchased":["Stack","Go for the Eyes","DataDisk","Turbo","Heatsinks","Capacitor","Turbo","Capacitor","War Paint","Heatsinks"],"campfire_rested":0,"item_purchase_floors":[12,12,38,38,38,38,45,45,45,53],"current_hp_per_floor":[66,66,66,66,54,60,45,48,48,48,48,48,47,47,47,45,73,72,75,82,82,72,72,72,56,56,56,52,52,52,60,60,29,73,78,81,81,81,87,87,87,87,87,87,87,83,83,83,83,53,76,76,76,83,31],"gold":50,"neow_bonus":"TRANSFORM_TWO_CARDS","is_prod":false,"is_daily":false,"chose_seed":false,"campfire_upgraded":8,"win_rate":0,"timestamp":1562634251,"path_taken":["M","?","M","?","?","E","?","E","T","R","?","$","E","$","R","BOSS","M","?","M","M","M","R","?","?","T","R","E","?","R","M","R","BOSS","M","M","?","$","M","E","R","E","T","E","$","?","M","E","R","BOSS","R","$","E","BOSS"],"build_version":"2019-07-05","purchased_purges":2,"victory":true,"max_hp_per_floor":[75,75,75,75,75,75,75,75,75,75,75,75,82,82,82,82,82,82,82,82,82,82,82,82,87,87,87,87,87,87,87,87,87,87,87,87,87,87,87,87,87,87,87,87,87,83,83,83,83,83,83,83,83,83,83],"card_choices":[{"not_picked":["Redo","Rebound"],"picked":"Cold Snap","floor":1},{"not_picked":["Leap","Conserve Battery"],"picked":"Self Repair","floor":3},{"not_picked":["Conserve Battery","Gash"],"picked":"Undo","floor":4},{"not_picked":["Coolheaded","Sweeping Beam"],"picked":"Ball Lightning","floor":6},{"not_picked":["Hello World","Loop"],"picked":"Fission","floor":8},{"not_picked":["Beam Cell","Sweeping Beam"],"picked":"Rainbow","floor":13},{"not_picked":["Electrodynamics","Meteor Strike"],"picked":"Biased Cognition","floor":16},{"not_picked":["Force Field+1","Coolheaded"],"picked":"Defragment","floor":18},{"not_picked":["Redo","Coolheaded"],"picked":"Lockon+1","floor":19},{"not_picked":["Cold Snap","Barrage"],"picked":"Ball Lightning+1","floor":20},{"not_picked":["Coolheaded","Leap+1"],"picked":"Multi-Cast","floor":21},{"not_picked":["Hello World","Gash"],"picked":"Redo","floor":22},{"not_picked":["Rip and Tear","Melter","Genetic Algorithm"],"picked":"SKIP","floor":28},{"not_picked":["Redo","Beam Cell"],"picked":"Compile Driver","floor":31},{"not_picked":["Multi-Cast","Hyperbeam"],"picked":"Seek","floor":33},{"not_picked":["Cold Snap+1","Rip and Tear+1"],"picked":"Self Repair+1","floor":35},{"not_picked":["Doom and Gloom","Go for the Eyes"],"picked":"Capacitor","floor":36},{"not_picked":["Beam Cell+1","Streamline"],"picked":"Barrage","floor":37},{"not_picked":["Conserve Battery","Go for the Eyes+1"],"picked":"Hologram+1","floor":39},{"not_picked":["Skim","Compile Driver"],"picked":"Chill","floor":40},{"not_picked":["Cold Snap+1","Leap"],"picked":"Tempest","floor":42},{"not_picked":["Gash+1","Hyperbeam+1"],"picked":"Go for the Eyes+1","floor":44},{"not_picked":["Recycle","Go for the Eyes+1"],"picked":"Coolheaded","floor":47},{"not_picked":["Cold Snap+1","Capacitor"],"picked":"Coolheaded","floor":48},{"not_picked":["Core Surge+1","Streamline+1","Undo+1"],"picked":"SKIP","floor":54}],"player_experience":186199,"relics_obtained":[{"floor":6,"key":"Mummified Hand"},{"floor":8,"key":"Centennial Puzzle"},{"floor":9,"key":"Bronze Scales"},{"floor":13,"key":"Strawberry"},{"floor":19,"key":"Red Mask"},{"floor":26,"key":"Juzu Bracelet"},{"floor":28,"key":"The Courier"},{"floor":37,"key":"FossilizedHelix"},{"floor":40,"key":"Tiny Chest"},{"floor":42,"key":"Molten Egg 2"},{"floor":44,"key":"Omamori"},{"floor":48,"key":"Potion Belt"},{"floor":54,"key":"Torii"}],"event_choices":[{"damage_healed":0,"gold_gain":0,"cards_transformed":["Strike_B"],"player_choice":"Transformed","damage_taken":0,"max_hp_gain":0,"max_hp_loss":0,"event_name":"Transmorgrifier","floor":2,"gold_loss":0,"cards_obtained":["Chaos"]},{"damage_healed":0,"gold_gain":0,"player_choice":"Success","damage_taken":12,"relics_obtained":["Vajra"],"max_hp_gain":0,"max_hp_loss":0,"event_name":"Scrap Ooze","floor":5,"gold_loss":0},{"damage_healed":0,"gold_gain":0,"player_choice":"Entered Light","damage_taken":15,"max_hp_gain":0,"max_hp_loss":0,"event_name":"Shining Light","floor":7,"gold_loss":0,"cards_upgraded":["Rebound","Self Repair"]},{"cards_removed":["Strike_B"],"damage_healed":0,"gold_gain":0,"player_choice":"Offered Basic","damage_taken":0,"max_hp_gain":0,"max_hp_loss":0,"event_name":"Bonfire Elementals","floor":11,"gold_loss":0},{"damage_healed":0,"gold_gain":0,"player_choice":"Fought Bandits","damage_taken":0,"max_hp_gain":0,"max_hp_loss":0,"event_name":"Masked Bandits","floor":19,"gold_loss":0},{"damage_healed":0,"gold_gain":0,"player_choice":"Ignored","damage_taken":0,"max_hp_gain":0,"max_hp_loss":0,"event_name":"Vampires","floor":24,"gold_loss":0},{"damage_healed":0,"gold_gain":0,"player_choice":"Shed Blood","damage_taken":21,"max_hp_gain":5,"max_hp_loss":0,"event_name":"Forgotten Altar","floor":25,"gold_loss":0},{"damage_healed":0,"gold_gain":0,"cards_transformed":["Defend_B","Defend_B"],"player_choice":"Became Test Subject","damage_taken":0,"max_hp_gain":0,"max_hp_loss":0,"event_name":"Drug Dealer","floor":29,"gold_loss":0,"cards_obtained":["Auto Shields","Steam Power"]},{"damage_healed":0,"gold_gain":0,"player_choice":"Fight","damage_taken":0,"max_hp_gain":0,"max_hp_loss":0,"event_name":"Mysterious Sphere","floor":37,"gold_loss":0},{"damage_healed":0,"gold_gain":0,"player_choice":"Max HP","damage_taken":0,"max_hp_gain":0,"max_hp_loss":4,"event_name":"Winding Halls","floor":46,"gold_loss":0}],"is_beta":false,"boss_relics":[{"not_picked":["Calling Bell","Coffee Dripper"],"picked":"FrozenCore"},{"not_picked":["White Beast Statue","Tiny House"],"picked":"Inserter"}],"items_purged_floors":[38,45],"is_endless":false,"potions_floor_spawned":[6,8,13,16,19,21,28,31,39,40,42,48],"ascension_level":7}