{"gold_per_floor":[116,126,126,138,138,138,173,173,196,224,224,258,20,33,33,138,138,150,150,0,18,18,18],"floor_reached":23,"playtime":1752,"items_purged":[],"score":259,"play_id":"7e15cb3c-3609-44dd-b072-a0c4fdd607e9","local_time":"20190701185117","is_ascension_mode":true,"campfire_choices":[{"data":"Uppercut","floor":6,"key":"SMITH"},{"data":"Armaments","floor":8,"key":"SMITH"},{"data":"Anger","floor":11,"key":"SMITH"},{"data":"Fiend Fire","floor":15,"key":"SMITH"}],"neow_cost":"PERCENT_DAMAGE","seed_source_timestamp":419777600403199,"circlet_count":0,"master_deck":["Strike_R+1","Strike_R+1","Strike_R+1","Defend_R+1","Defend_R+1","Defend_R+1","Defend_R+1","Bash","Uppercut+1","Anger+1","Armaments+1","Rupture","Corruption","Fiend Fire+1","True Grit+1","Armaments+1","Feed","Rampage","Sentinel+1","Battle Trance+1","Iron Wave","Disarm+1"],"relics":["Burning Blood","Turnip","Omamori","Ancient Tea Set","Toxic Egg 2","Torii","Meat on the Bone","Mark of Pain","The Courier"],"potions_floor_usage":[12],"damage_taken":[{"damage":1,"enemies":"Cultist","floor":1,"turns":4},{"damage":1,"enemies":"2 Louse","floor":2,"turns":3},{"damage":4,"enemies":"Jaw Worm","floor":4,"turns":3},{"damage":35,"enemies":"3 Sentries","floor":7,"turns":10},{"damage":7,"enemies":"Lagavulin","floor":10,"turns":6},{"damage":6,"enemies":"Gremlin Nob","floor":12,"turns":4},{"damage":10,"enemies":"Gremlin Gang","floor":14,"turns":5},{"damage":6,"enemies":"Hexaghost","floor":16,"turns":10},{"damage":10,"enemies":"Chosen","floor":18,"turns":6},{"damage":29,"enemies":"2 Thieves","floor":21,"turns":5},{"damage":58,"enemies":"Gremlin Leader","floor":23,"turns":4}],"seed_played":"1525044374267809782","potions_obtained":[{"floor":7,"key":"Poison Potion"},{"floor":16,"key":"Ancient Potion"},{"floor":21,"key":"Strength Potion"}],"is_trial":false,"path_per_floor":["M","M","?","M","?","R","E","R","T","E","R","E","$","M","R","B",null,"M","?","$","M","?","E"],"character_chosen":"IRONCLAD","items_purchased":["Meat on the Bone","Sentinel+1","Battle Trance+1","Iron Wave"],"campfire_rested":0,"item_purchase_floors":[13,20,20,20],"current_hp_per_floor":[61,66,66,68,68,68,39,39,39,38,38,38,38,46,46,58,75,71,71,71,52,52,0],"gold":18,"neow_bonus":"ONE_RARE_RELIC","is_prod":false,"is_daily":false,"chose_seed":false,"campfire_upgraded":4,"win_rate":0,"timestamp":1562021477,"path_taken":["M","M","?","?","?","R","E","R","T","E","R","E","$","M","R","BOSS","M","?","$","M","?","E"],"build_version":"2019-07-01","purchased_purges":0,"victory":false,"max_hp_per_floor":[80,80,80,80,80,80,80,80,80,80,80,80,80,80,80,80,80,80,80,80,84,84,84],"card_choices":[{"not_picked":["Wild Strike","Pommel Strike"],"picked":"Uppercut","floor":1},{"not_picked":["Headbutt","Pommel Strike"],"picked":"Anger","floor":2},{"not_picked":["Sword Boomerang","Shrug It Off"],"picked":"Armaments","floor":4},{"not_picked":["Twin Strike","Heavy Blade"],"picked":"Corruption","floor":7},{"not_picked":["Rampage","Clothesline"],"picked":"Fiend Fire","floor":10},{"not_picked":["Armaments+1","Rampage"],"picked":"True Grit+1","floor":12},{"not_picked":["Sever Soul","Perfected Strike"],"picked":"Armaments+1","floor":14},{"not_picked":["Limit Break+1","Brutality"],"picked":"Feed","floor":16},{"not_picked":["Perfected Strike","Thunderclap"],"picked":"Rampage","floor":18},{"not_picked":["Clothesline","Hemokinesis"],"picked":"Disarm+1","floor":21}],"player_experience":153088,"relics_obtained":[{"floor":7,"key":"Omamori"},{"floor":9,"key":"Ancient Tea Set"},{"floor":10,"key":"Toxic Egg 2"},{"floor":12,"key":"Torii"}],"event_choices":[{"cards_removed":["Strike_R"],"damage_healed":0,"gold_gain":0,"player_choice":"Purged","damage_taken":0,"max_hp_gain":0,"max_hp_loss":0,"event_name":"Purifier","floor":3,"gold_loss":0},{"damage_healed":0,"gold_gain":0,"cards_transformed":["Strike_R"],"player_choice":"Change","damage_taken":0,"max_hp_gain":0,"max_hp_loss":0,"event_name":"Living Wall","floor":5,"gold_loss":0,"cards_obtained":["Rupture"]},{"damage_healed":0,"gold_gain":0,"player_choice":"Opened","damage_taken":0,"relics_obtained":["The Courier"],"max_hp_gain":0,"max_hp_loss":0,"event_name":"The Mausoleum","floor":19,"gold_loss":0},{"damage_healed":0,"gold_gain":0,"player_choice":"Simplicity","damage_taken":0,"max_hp_gain":0,"max_hp_loss":0,"event_name":"Back to Basics","floor":22,"gold_loss":0,"cards_upgraded":["Strike_R","Strike_R","Strike_R","Defend_R","Defend_R","Defend_R","Defend_R"]}],"is_beta":false,"boss_relics":[{"not_picked":["Ectoplasm","Velvet Choker"],"picked":"Mark of Pain"}],"items_purged_floors":[],"is_endless":false,"potions_floor_spawned":[7,16,21],"killed_by":"Gremlin Leader","ascension_level":5}