{"gold_per_floor":[114,134,134,150,150,150,183,113,187,187,218,293,293,307,307,404,454,471,204,204,222,237,237,237,251,319,319,59,75,95,115,115,115],"floor_reached":33,"playtime":1454,"items_purged":["Strike_B"],"score":291,"play_id":"b2259336-af4d-45dc-a1c3-97efcbac525c","local_time":"20181231201935","is_ascension_mode":true,"campfire_choices":[{"floor":6,"key":"REST"},{"floor":10,"key":"REST"},{"floor":13,"key":"REST"},{"data":"Storm","floor":15,"key":"SMITH"},{"floor":24,"key":"REST"},{"floor":27,"key":"REST"},{"floor":32,"key":"REST"}],"neow_cost":"NONE","seed_source_timestamp":190180769184552,"circlet_count":0,"master_deck":["Strike_B+1","Defend_B","Defend_B","Defend_B","Defend_B+1","Zap+1","Dualcast+1","Capacitor","Sweeping Beam","Ball Lightning","Defragment","Storm+1","Lockon","Creative AI","Tempest","Defragment","Storm","Conserve Battery","Heatsinks","Fusion+1","BootSequence+1","Turbo"],"relics":["Cracked Core","Omamori","Blue Candle","Bag of Marbles","Tiny House","DollysMirror","Bottled Lightning","Pantograph"],"potions_floor_usage":[11,22,22,23,29,33],"damage_taken":[{"damage":0,"enemies":"Small Slimes","floor":1,"turns":2},{"damage":6,"enemies":"Jaw Worm","floor":2,"turns":3},{"damage":0,"enemies":"2 Louse","floor":4,"turns":2},{"damage":31,"enemies":"Gremlin Nob","floor":7,"turns":4},{"damage":16,"enemies":"Lagavulin","floor":11,"turns":5},{"damage":0,"enemies":"Exordium Thugs","floor":14,"turns":3},{"damage":35,"enemies":"Hexaghost","floor":16,"turns":7},{"damage":5,"enemies":"Chosen","floor":18,"turns":4},{"damage":9,"enemies":"Shell Parasite","floor":21,"turns":5},{"damage":24,"enemies":"Centurion and Healer","floor":22,"turns":3},{"damage":0,"enemies":"Slavers","floor":23,"turns":1},{"damage":31,"enemies":"Cultist and Chosen","floor":25,"turns":5},{"damage":17,"enemies":"Snake Plant","floor":29,"turns":3},{"damage":37,"enemies":"Shelled Parasite and Fungi","floor":30,"turns":5},{"damage":2,"enemies":"Chosen and Byrds","floor":31,"turns":4},{"damage":74,"enemies":"Automaton","floor":33,"turns":6}],"seed_played":"1174194933165323307","potions_obtained":[{"floor":2,"key":"Regen Potion"},{"floor":4,"key":"Explosive Potion"},{"floor":11,"key":"Energy Potion"},{"floor":17,"key":"SmokeBomb"},{"floor":22,"key":"Weak Potion"},{"floor":31,"key":"Explosive Potion"}],"is_trial":false,"path_per_floor":["M","M","?","M","?","R","E","$","T","R","E","?","R","M","R","B",null,"M","$","?","M","M","E","R","M","T","R","$","M","M","M","R","B"],"character_chosen":"DEFECT","items_purchased":["Defragment","DollysMirror","Pantograph"],"campfire_rested":6,"item_purchase_floors":[8,19,28],"current_hp_per_floor":[75,69,54,54,47,69,38,38,38,60,49,38,60,60,60,25,80,75,75,75,66,42,42,66,35,35,59,59,42,5,3,27,0],"gold":115,"neow_bonus":"UPGRADE_CARD","is_prod":false,"is_daily":false,"chose_seed":false,"campfire_upgraded":1,"win_rate":0,"timestamp":1546255175,"path_taken":["M","M","?","M","?","R","E","$","T","R","E","?","R","M","R","BOSS","M","$","?","M","?","E","R","M","T","R","$","M","M","M","R","BOSS"],"build_version":"2018-12-20","purchased_purges":1,"victory":false,"max_hp_per_floor":[75,75,75,75,75,75,75,75,75,75,75,75,75,75,75,75,80,80,80,80,80,80,80,80,80,80,80,80,80,80,80,80,80],"card_choices":[{"not_picked":["Barrage","Compile Driver"],"picked":"Capacitor","floor":1},{"not_picked":["Gash","Streamline"],"picked":"Sweeping Beam","floor":2},{"not_picked":["Fission","Barrage"],"picked":"Ball Lightning","floor":4},{"not_picked":["Streamline","Beam Cell","Turbo"],"picked":"SKIP","floor":7},{"not_picked":["Scrape","Beam Cell"],"picked":"Storm","floor":11},{"not_picked":["Go for the Eyes","Coolheaded"],"picked":"Lockon","floor":14},{"not_picked":["Amplify","Multi-Cast"],"picked":"Creative AI","floor":16},{"not_picked":["Rebound","Undo"],"picked":"Tempest","floor":17},{"not_picked":["Beam Cell","Lockon+1","Aggregate"],"picked":"SKIP","floor":18},{"not_picked":["Skim","White Noise"],"picked":"Storm","floor":21},{"not_picked":["Gash","Streamline"],"picked":"Conserve Battery","floor":22},{"not_picked":["Gash","Chaos"],"picked":"Heatsinks","floor":25},{"not_picked":["Doom and Gloom","Coolheaded"],"picked":"Fusion+1","floor":29},{"not_picked":["Tempest","Leap"],"picked":"BootSequence+1","floor":30},{"not_picked":["Ball Lightning","Gash"],"picked":"Turbo","floor":31}],"player_experience":79029,"relics_obtained":[{"floor":7,"key":"Omamori"},{"floor":9,"key":"Blue Candle"},{"floor":11,"key":"Bag of Marbles"},{"floor":26,"key":"Bottled Lightning"}],"event_choices":[{"damage_healed":0,"gold_gain":0,"player_choice":"Entered Light","damage_taken":15,"max_hp_gain":0,"max_hp_loss":0,"event_name":"Shining Light","floor":3,"gold_loss":0,"cards_upgraded":["Dualcast","Strike_B"]},{"cards_removed":["Strike_B"],"damage_healed":0,"gold_gain":0,"player_choice":"Card Removal","damage_taken":7,"max_hp_gain":0,"max_hp_loss":0,"event_name":"Golden Wing","floor":5,"gold_loss":0},{"damage_healed":0,"gold_gain":75,"player_choice":"Gather Gold","damage_taken":11,"max_hp_gain":0,"max_hp_loss":0,"event_name":"World of Goop","floor":12,"gold_loss":0},{"cards_removed":["Strike_B"],"damage_healed":0,"gold_gain":0,"player_choice":"Card Removal","damage_taken":0,"max_hp_gain":0,"max_hp_loss":0,"event_name":"Wheel of Change","floor":20,"gold_loss":0}],"is_beta":false,"boss_relics":[{"not_picked":["Orrery","Runic Dome"],"picked":"Tiny House"}],"items_purged_floors":[19],"is_endless":false,"potions_floor_spawned":[2,4,11,22,31],"killed_by":"Automaton","ascension_level":1}