{"gold_per_floor":[115,190,209,227,246,279,279,292,292,292,303,303,228,262,262,363,363,373,49,49,84,100,135,135,154,154,154,154,189,208,235,235,235],"floor_reached":33,"playtime":1472,"items_purged":["Strike_R","Strike_R"],"score":381,"play_id":"d7b7ea2c-9987-4868-83d7-369c92394e3c","local_time":"20190906193349","is_ascension_mode":true,"campfire_choices":[{"data":"Immolate","floor":10,"key":"SMITH"},{"data":"Immolate","floor":12,"key":"SMITH"},{"data":"Bash","floor":15,"key":"SMITH"},{"data":"Demon Form","floor":24,"key":"SMITH"},{"data":"Neutralize","floor":28,"key":"SMITH"},{"data":"Clothesline","floor":32,"key":"SMITH"}],"neow_cost":"NONE","seed_source_timestamp":128185735291700,"circlet_count":0,"master_deck":["Strike_R","Strike_R","Strike_R","Defend_R","Defend_R","Defend_R","Defend_R","Bash+1","Immolate+1","Clothesline+1","Immolate+1","Ghostly Armor","Demon Form+1","Shrug It Off","Neutralize+1","Shrug It Off"],"relics":["Burning Blood","Pear","Shovel","Singing Bowl","Sundial","Velvet Choker","Strange Spoon","Red Mask","Shuriken","Paper Frog","StoneCalendar","Bag of Marbles"],"potions_floor_usage":[6,22,23,33],"damage_taken":[{"damage":2,"enemies":"Small Slimes","floor":1,"turns":2},{"damage":0,"enemies":"Cultist","floor":3,"turns":3},{"damage":3,"enemies":"Jaw Worm","floor":4,"turns":3},{"damage":0,"enemies":"Lots of Slimes","floor":5,"turns":1},{"damage":6,"enemies":"3 Sentries","floor":6,"turns":4},{"damage":4,"enemies":"Red Slaver","floor":8,"turns":4},{"damage":0,"enemies":"Large Slime","floor":11,"turns":5},{"damage":15,"enemies":"Lagavulin","floor":14,"turns":6},{"damage":34,"enemies":"Slime Boss","floor":16,"turns":7},{"damage":0,"enemies":"Shell Parasite","floor":18,"turns":2},{"damage":0,"enemies":"Masked Bandits","floor":21,"turns":1},{"damage":0,"enemies":"3 Byrds","floor":22,"turns":3},{"damage":21,"enemies":"Book of Stabbing","floor":23,"turns":5},{"damage":4,"enemies":"Shelled Parasite and Fungi","floor":25,"turns":4},{"damage":29,"enemies":"Gremlin Leader","floor":29,"turns":5},{"damage":2,"enemies":"Sentry and Sphere","floor":30,"turns":3},{"damage":25,"enemies":"Slavers","floor":31,"turns":5},{"damage":69,"enemies":"Automaton","floor":33,"turns":8}],"seed_played":"-1670735055367005533","potions_obtained":[{"floor":3,"key":"Block Potion"},{"floor":6,"key":"SteroidPotion"},{"floor":11,"key":"EssenceOfSteel"},{"floor":14,"key":"LiquidBronze"},{"floor":16,"key":"AttackPotion"},{"floor":18,"key":"Block Potion"},{"floor":22,"key":"BloodPotion"},{"floor":29,"key":"Regen Potion"},{"floor":31,"key":"PowerPotion"}],"is_trial":false,"path_per_floor":["M","?","M","M","M","E","?","M","T","R","M","R","$","E","R","B",null,"M","$","?","?","M","E","R","M","T","?","R","E","M","E","R","B"],"character_chosen":"IRONCLAD","items_purchased":["Shrug It Off","Strange Spoon"],"campfire_rested":0,"item_purchase_floors":[19,19],"current_hp_per_floor":[80,72,78,80,80,90,90,90,90,90,92,92,92,85,85,57,94,96,96,77,85,93,80,80,84,84,84,84,61,67,50,50,0],"gold":235,"neow_bonus":"ONE_RANDOM_RARE_CARD","is_prod":false,"is_daily":false,"chose_seed":false,"campfire_upgraded":6,"win_rate":0,"timestamp":1567787629,"path_taken":["M","?","?","M","M","E","?","?","T","R","M","R","?","E","R","BOSS","M","$","?","?","M","E","R","M","T","?","R","E","M","E","R","BOSS"],"build_version":"2019-07-17","purchased_purges":2,"victory":false,"max_hp_per_floor":[80,80,80,80,80,90,90,90,90,90,92,92,92,94,94,94,94,96,96,101,103,105,107,107,109,109,109,109,109,111,113,113,113],"card_choices":[{"not_picked":["Warcry","Intimidate"],"picked":"Clothesline","floor":1},{"not_picked":["True Grit","Shrug It Off"],"picked":"Immolate","floor":3},{"not_picked":["Hemokinesis","Warcry","Armaments"],"picked":"SKIP","floor":4},{"not_picked":["Rage","Whirlwind"],"picked":"Shrug It Off","floor":5},{"not_picked":["Battle Trance","Spot Weakness"],"picked":"Ghostly Armor","floor":6},{"not_picked":["Pummel","Anger","Rupture"],"picked":"SKIP","floor":8},{"not_picked":["Warcry","Sentinel","Metallicize"],"picked":"Singing Bowl","floor":11},{"not_picked":["Clothesline","Warcry","Whirlwind"],"picked":"Singing Bowl","floor":14},{"not_picked":["Exhume","Feed"],"picked":"Demon Form","floor":16},{"not_picked":["Sword Boomerang+1","Fire Breathing","True Grit"],"picked":"Singing Bowl","floor":18},{"not_picked":["Clothesline","Iron Wave","Sword Boomerang"],"picked":"Singing Bowl","floor":21},{"not_picked":["Anger","Hemokinesis","Fire Breathing"],"picked":"Singing Bowl","floor":22},{"not_picked":["Fire Breathing","Warcry","Sword Boomerang"],"picked":"Singing Bowl","floor":23},{"not_picked":["Sword Boomerang","Body Slam","Pommel Strike"],"picked":"Singing Bowl","floor":25},{"not_picked":["Reaper","Perfected Strike"],"picked":"Shrug It Off","floor":29},{"not_picked":["Combust","Perfected Strike","Sword Boomerang"],"picked":"Singing Bowl","floor":30},{"not_picked":["Searing Blow","Armaments","Ghostly Armor+1"],"picked":"Singing Bowl","floor":31}],"player_experience":248986,"relics_obtained":[{"floor":6,"key":"Pear"},{"floor":9,"key":"Singing Bowl"},{"floor":14,"key":"Sundial"},{"floor":21,"key":"Red Mask"},{"floor":23,"key":"Shuriken"},{"floor":26,"key":"Paper Frog"},{"floor":29,"key":"StoneCalendar"},{"floor":31,"key":"Bag of Marbles"}],"event_choices":[{"damage_healed":0,"gold_gain":75,"player_choice":"Touch","damage_taken":8,"max_hp_gain":0,"max_hp_loss":0,"event_name":"FaceTrader","floor":2,"gold_loss":0},{"damage_healed":0,"gold_gain":0,"player_choice":"Gave Potion","damage_taken":0,"relics_obtained":["Shovel"],"max_hp_gain":0,"max_hp_loss":0,"event_name":"WeMeetAgain","floor":7,"gold_loss":0},{"damage_healed":0,"gold_gain":0,"player_choice":"Shed Blood","damage_taken":24,"max_hp_gain":5,"max_hp_loss":0,"event_name":"Forgotten Altar","floor":20,"gold_loss":0},{"damage_healed":0,"gold_gain":0,"player_choice":"Fought Bandits","damage_taken":0,"max_hp_gain":0,"max_hp_loss":0,"event_name":"Masked Bandits","floor":21,"gold_loss":0},{"cards_removed":["Shrug It Off"],"damage_healed":0,"gold_gain":0,"player_choice":"Took Card","damage_taken":0,"max_hp_gain":0,"max_hp_loss":0,"event_name":"NoteForYourself","floor":27,"gold_loss":0,"cards_obtained":["Neutralize"]}],"is_beta":false,"boss_relics":[{"not_picked":["Calling Bell","Tiny House"],"picked":"Velvet Choker"}],"items_purged_floors":[13,19],"is_endless":false,"potions_floor_spawned":[3,6,11,14,16,18,22,29,31],"killed_by":"Automaton","ascension_level":1}