{"gold_per_floor":[118,136,148,11,11,37,51,64,64,75,150,150,167,194,194,293,293,312,330,29,57,69,81,127,158,170,200,246,270,282,294,306,421,433,464,698,710,735,747,791,803,815,908,946,958,16,34,46,46,46],"floor_reached":51,"playtime":3490,"items_purged":["Strike_R","Defend_R"],"score":814,"play_id":"a1a31836-eafd-4ac9-bd5c-6e7910d9cc80","local_time":"20181001121020","is_ascension_mode":false,"campfire_choices":[{"floor":12,"key":"REST"},{"data":"Demon Form","floor":15,"key":"SMITH"},{"data":"Whirlwind","floor":23,"key":"SMITH"},{"data":"Shockwave","floor":32,"key":"SMITH"},{"data":"Offering","floor":41,"key":"SMITH"},{"data":"Clothesline","floor":49,"key":"SMITH"}],"neow_cost":"NONE","seed_source_timestamp":664398147035852,"circlet_count":0,"master_deck":["Defend_R","Defend_R","Defend_R+1","Bash","Demon Form+1","Whirlwind+1","Shockwave+1","Clothesline+1","Shrug It Off+1","Carnage","Havoc+1","Headbutt","Thunderclap","Shrug It Off","Pummel+1","Iron Wave+1","Uppercut+1","Exhume","Iron Wave+1","Body Slam+1","Dropkick+1","Iron Wave+1","Shockwave+1","Anger+1","Headbutt+1","Offering+1","Heavy Blade+1","Infernal Blade+1","Feel No Pain+1","Twin Strike+1","Dramatic Entrance+1","Violence","Wild Strike+1","Armaments+1","Corruption","Flash of Steel+1","Headbutt+1","Flex","Carnage+1","Headbutt+1"],"relics":["Burning Blood","Blood Vial","Molten Egg 2","Meat on the Bone","Busted Crown","MawBank","Pantograph","Juzu Bracelet","Red Mask","Nilry\u0027s Codex","Astrolabe","Shuriken","Bird Faced Urn","The Courier","Magic Flower","Pear","Bag of Preparation","Champion Belt","War Paint","Red Skull"],"potions_floor_usage":[6,14,14,16,19,24,33,42,50,50,50],"damage_taken":[{"damage":1,"enemies":"Cultist","floor":1,"turns":4},{"damage":14,"enemies":"Small Slimes","floor":2,"turns":4},{"damage":5,"enemies":"2 Louse","floor":3,"turns":2},{"damage":32,"enemies":"3 Sentries","floor":6,"turns":7},{"damage":29,"enemies":"Exordium Thugs","floor":7,"turns":5},{"damage":1,"enemies":"2 Fungi Beasts","floor":8,"turns":2},{"damage":5,"enemies":"Blue Slaver","floor":10,"turns":4},{"damage":0,"enemies":"Large Slime","floor":13,"turns":3},{"damage":16,"enemies":"Lagavulin","floor":14,"turns":7},{"damage":26,"enemies":"Slime Boss","floor":16,"turns":5},{"damage":1,"enemies":"Chosen","floor":18,"turns":5},{"damage":33,"enemies":"2 Thieves","floor":19,"turns":4},{"damage":10,"enemies":"Cultist and Chosen","floor":21,"turns":4},{"damage":8,"enemies":"Slavers","floor":24,"turns":5},{"damage":6,"enemies":"Shelled Parasite and Fungi","floor":25,"turns":3},{"damage":3,"enemies":"Chosen and Byrds","floor":27,"turns":3},{"damage":0,"enemies":"Masked Bandits","floor":28,"turns":2},{"damage":5,"enemies":"Centurion and Healer","floor":29,"turns":5},{"damage":25,"enemies":"Champ","floor":33,"turns":10},{"damage":14,"enemies":"3 Darklings","floor":35,"turns":4},{"damage":31,"enemies":"3 Shapes","floor":38,"turns":3},{"damage":52,"enemies":"Nemesis","floor":40,"turns":5},{"damage":37,"enemies":"Mind Bloom Boss Battle","floor":42,"turns":5},{"damage":15,"enemies":"Giant Head","floor":44,"turns":7},{"damage":0,"enemies":"Transient","floor":47,"turns":5},{"damage":19,"enemies":"Sphere and 2 Shapes","floor":48,"turns":3},{"damage":88,"enemies":"Awakened One","floor":50,"turns":8}],"seed_played":"-1737600724596240657","potions_obtained":[{"floor":1,"key":"BloodPotion"},{"floor":6,"key":"Dexterity Potion"},{"floor":8,"key":"Weak Potion"},{"floor":13,"key":"Regen Potion"},{"floor":16,"key":"SkillPotion"},{"floor":18,"key":"PowerPotion"},{"floor":25,"key":"SpeedPotion"},{"floor":29,"key":"Regen Potion"},{"floor":35,"key":"SpeedPotion"},{"floor":40,"key":"LiquidBronze"}],"is_trial":false,"path_per_floor":["M","M","M","$","?","E","M","M","T","M","?","R","M","E","R","B",null,"M","M","$","M","?","R","E","M","T","M","?","M","?","?","R","B",null,"M","?","?","M","?","E","R","?","T","E","T","$","M","M","R","B"],"character_chosen":"IRONCLAD","items_purchased":["Shrug It Off","Carnage","Havoc","Dropkick+1","MawBank","Corruption","Flash of Steel+1","SkillPotion","Bag of Preparation","Champion Belt","War Paint","Red Skull","Headbutt+1","Flex","Carnage+1"],"campfire_rested":1,"item_purchase_floors":[4,4,4,20,20,46,46,46,46,46,46,46,46,46,46],"current_hp_per_floor":[80,72,73,73,57,39,18,25,25,28,17,41,49,55,55,49,80,80,53,53,51,51,51,51,53,53,58,66,69,69,53,53,61,80,72,72,62,51,51,19,19,41,41,50,60,60,75,71,71,41],"gold":46,"neow_bonus":"ONE_RANDOM_RARE_CARD","is_prod":false,"is_daily":false,"chose_seed":false,"campfire_upgraded":5,"win_rate":0,"timestamp":1538385020,"path_taken":["M","M","?","?","?","E","M","M","T","M","?","R","M","E","R","BOSS","M","M","$","M","?","R","E","?","T","M","?","M","?","?","R","BOSS","M","?","?","M","?","E","R","?","T","E","?","$","M","M","R","BOSS"],"build_version":"2018-09-27","purchased_purges":2,"victory":true,"max_hp_per_floor":[80,80,80,80,80,80,80,80,80,80,80,80,80,80,80,80,80,80,80,80,80,80,80,80,80,80,80,80,80,80,80,80,80,80,80,80,80,80,80,80,80,80,80,80,90,90,90,90,90,90],"card_choices":[{"not_picked":["Armaments","Carnage"],"picked":"Whirlwind","floor":1},{"not_picked":["Pommel Strike","Warcry"],"picked":"Shockwave","floor":2},{"not_picked":["Anger","Evolve"],"picked":"Clothesline","floor":3},{"not_picked":["Sword Boomerang","Rage"],"picked":"Headbutt","floor":6},{"not_picked":["Burning Pact","Barricade"],"picked":"Thunderclap","floor":7},{"not_picked":["Power Through","Battle Trance"],"picked":"Shrug It Off","floor":8},{"not_picked":["Corruption","Power Through"],"picked":"Pummel+1","floor":10},{"not_picked":["Flex","True Grit"],"picked":"Iron Wave+1","floor":13},{"not_picked":["Pummel+1","Clash+1"],"picked":"Uppercut+1","floor":14},{"not_picked":["Barricade","Berserk"],"picked":"Exhume","floor":16},{"not_picked":[],"picked":"Iron Wave+1","floor":18},{"not_picked":[],"picked":"Body Slam+1","floor":19},{"not_picked":[],"picked":"Iron Wave+1","floor":21},{"not_picked":["True Grit"],"picked":"SKIP","floor":24},{"not_picked":[],"picked":"Shockwave","floor":25},{"not_picked":[],"picked":"Anger+1","floor":27},{"not_picked":[],"picked":"Wild Strike+1","floor":28},{"not_picked":[],"picked":"Headbutt+1","floor":29},{"not_picked":[],"picked":"Offering","floor":33},{"not_picked":[],"picked":"Twin Strike+1","floor":35},{"not_picked":[],"picked":"Dramatic Entrance+1","floor":37},{"not_picked":[],"picked":"Violence","floor":37},{"not_picked":[],"picked":"Wild Strike+1","floor":38},{"not_picked":[],"picked":"Armaments","floor":40},{"not_picked":["Searing Blow+1"],"picked":"SKIP","floor":44},{"not_picked":["Evolve"],"picked":"SKIP","floor":47},{"not_picked":[],"picked":"Headbutt+1","floor":48}],"player_experience":730739,"relics_obtained":[{"floor":6,"key":"Blood Vial"},{"floor":9,"key":"Molten Egg 2"},{"floor":14,"key":"Meat on the Bone"},{"floor":24,"key":"Pantograph"},{"floor":26,"key":"Juzu Bracelet"},{"floor":28,"key":"Red Mask"},{"floor":31,"key":"Nilry\u0027s Codex"},{"floor":40,"key":"Shuriken"},{"floor":42,"key":"Bird Faced Urn"},{"floor":43,"key":"The Courier"},{"floor":44,"key":"Magic Flower"},{"floor":45,"key":"Pear"}],"event_choices":[{"event_name":"Shining Light","player_choice":"Entered Light","floor":5,"damage_taken":0},{"event_name":"World of Goop","player_choice":"Gather Gold","floor":11,"damage_taken":0},{"event_name":"Purifier","player_choice":"One Purge","floor":22,"damage_taken":0},{"event_name":"Masked Bandits","player_choice":"Fought Bandits","floor":28,"damage_taken":0},{"event_name":"Upgrade Shrine","player_choice":"Upgraded","floor":30,"damage_taken":0},{"event_name":"Cursed Tome","player_choice":"Obtained Book","floor":31,"damage_taken":0},{"event_name":"Tomb of Lord Red Mask","player_choice":"Wore Mask","floor":36,"damage_taken":0},{"event_name":"SensoryStone","player_choice":"Memory 3","floor":37,"damage_taken":0},{"event_name":"Falling","player_choice":"Removed Attack","floor":39,"damage_taken":0},{"event_name":"MindBloom","player_choice":"Fight","floor":42,"damage_taken":0}],"is_beta":true,"boss_relics":[{"not_picked":["Runic Cube","Snecko Eye"],"picked":"Busted Crown"},{"not_picked":["Empty Cage","Eternal Feather"],"picked":"Astrolabe"}],"items_purged_floors":[20,46],"is_endless":false,"potions_floor_spawned":[1,6,8,13,16,18,25,29,35,40,47],"ascension_level":0}