{"gold_per_floor":[218,236,236,110,110,185,185,199,225,225,241,257,257,292,292,421,421,446,346,346,367,367,430,430,443,443,443,466,482,498,517,517,517],"floor_reached":33,"playtime":1928,"items_purged":["Strike_B","Strike_B"],"score":259,"play_id":"7fc1ae1a-fd0e-4cf1-b51f-f8422d85c260","local_time":"20190901224813","is_ascension_mode":false,"campfire_choices":[{"data":"Dualcast","floor":7,"key":"SMITH"},{"data":"Hologram","floor":10,"key":"SMITH"},{"data":"Coolheaded","floor":13,"key":"SMITH"},{"data":"Hello World","floor":15,"key":"SMITH"},{"data":"Darkness","floor":24,"key":"SMITH"},{"data":"Fission","floor":27,"key":"SMITH"},{"data":"Defragment","floor":32,"key":"SMITH"}],"neow_cost":"NONE","seed_source_timestamp":0,"circlet_count":0,"master_deck":["Strike_B+1","Strike_B+1","Defend_B","Defend_B","Defend_B","Defend_B","Zap+1","Dualcast+1","Coolheaded+1","Compile Driver","Ball Lightning","Hologram+1","Cold Snap","All For One","Hello World+1","Fission+1","Gash","Gash","Darkness+1","Steam+1","Gash+1","Reinforced Body","Defragment+1"],"special_seed":0,"relics":["Cracked Core","Golden Idol","Happy Flower","Odd Mushroom","Sozu","Tiny Chest","Whetstone"],"potions_floor_usage":[11],"damage_taken":[{"damage":0.0,"enemies":"2 Louse","floor":1.0,"turns":2.0},{"damage":0,"enemies":"Jaw Worm","floor":2,"turns":3},{"damage":0,"enemies":"Cultist","floor":8,"turns":3},{"damage":2,"enemies":"Gremlin Gang","floor":11,"turns":3},{"damage":3,"enemies":"Exordium Thugs","floor":12,"turns":4},{"damage":5,"enemies":"The Mushroom Lair","floor":14,"turns":3},{"damage":5,"enemies":"The Guardian","floor":16,"turns":10},{"damage":1,"enemies":"Shell Parasite","floor":18,"turns":4},{"damage":0,"enemies":"Spheric Guardian","floor":21,"turns":4},{"damage":32,"enemies":"Slavers","floor":23,"turns":6},{"damage":0,"enemies":"Snecko","floor":25,"turns":5},{"damage":0,"enemies":"Shelled Parasite and Fungi","floor":28,"turns":3},{"damage":0,"enemies":"Cultist and Chosen","floor":29,"turns":3},{"damage":4,"enemies":"Snake Plant","floor":30,"turns":4},{"damage":9,"enemies":"Centurion and Healer","floor":31,"turns":5},{"damage":23,"enemies":"Automaton","floor":33,"turns":6}],"seed_played":"3843763593806693191","potions_obtained":[{"floor":2,"key":"Block Potion"},{"floor":11,"key":"Strength Potion"}],"is_trial":false,"path_per_floor":["M","M","?","$","?","?","R","M","T","R","M","M","R","?","R","B",null,"M","$","?","M","?","E","R","M","T","R","M","M","M","M","R","B"],"character_chosen":"DEFECT","items_purchased":["Ball Lightning"],"campfire_rested":0,"item_purchase_floors":[4],"current_hp_per_floor":[75,75,69,69,69,58,58,58,58,58,56,53,53,48,48,43,69,68,68,68,68,68,36,36,36,36,36,36,36,32,23,23,0],"gold":517,"neow_bonus":"HUNDRED_GOLD","is_prod":false,"is_daily":false,"chose_seed":false,"campfire_upgraded":7,"win_rate":0,"timestamp":1567399693,"path_taken":["M","M","?","$","?","?","R","M","T","R","M","?","R","?","R","BOSS","M","$","?","M","?","E","R","M","T","R","?","M","M","M","R","BOSS"],"build_version":"2019-07-17","purchased_purges":2,"victory":false,"max_hp_per_floor":[75,75,69,69,69,69,69,69,69,69,69,69,69,69,69,69,69,69,69,69,69,69,69,69,69,69,69,69,69,69,69,69,69],"card_choices":[{"not_picked":["Turbo","Compile Driver"],"picked":"Coolheaded","floor":1},{"not_picked":["Sweeping Beam","Leap"],"picked":"Compile Driver","floor":2},{"not_picked":["BootSequence","Turbo"],"picked":"Hologram","floor":8},{"not_picked":["Coolheaded","Leap"],"picked":"Cold Snap","floor":11},{"not_picked":["Static Discharge","Genetic Algorithm"],"picked":"All For One","floor":12},{"not_picked":["Streamline","Coolheaded"],"picked":"Hello World","floor":14},{"not_picked":["Core Surge","Meteor Strike"],"picked":"Fission","floor":16},{"not_picked":["Melter","Steam"],"picked":"Gash","floor":18},{"not_picked":["Compile Driver","Conserve Battery"],"picked":"Gash","floor":21},{"not_picked":["Compile Driver","Redo"],"picked":"Darkness","floor":23},{"not_picked":["Barrage","Cold Snap+1"],"picked":"Steam+1","floor":25},{"not_picked":["Auto Shields","White Noise"],"picked":"Gash+1","floor":28},{"not_picked":["Sweeping Beam+1","Steam"],"picked":"Reinforced Body","floor":29},{"not_picked":["Amplify","Double Energy+1","Recycle"],"picked":"SKIP","floor":30},{"not_picked":["Doom and Gloom","BootSequence"],"picked":"Defragment","floor":31}],"player_experience":1701070,"relics_obtained":[{"floor":9,"key":"Happy Flower"},{"floor":14,"key":"Odd Mushroom"},{"floor":23,"key":"Tiny Chest"},{"floor":26,"key":"Whetstone"}],"event_choices":[{"damage_healed":0,"gold_gain":0,"player_choice":"Lose Max HP","damage_taken":0,"relics_obtained":["Golden Idol"],"max_hp_gain":0,"max_hp_loss":6,"event_name":"Golden Idol","floor":3,"gold_loss":0},{"damage_healed":0,"gold_gain":0,"player_choice":"Grow","damage_taken":0,"max_hp_gain":0,"max_hp_loss":0,"event_name":"Living Wall","floor":5,"gold_loss":0,"cards_upgraded":["Zap"]},{"damage_healed":0,"gold_gain":75,"player_choice":"Gather Gold","damage_taken":11,"max_hp_gain":0,"max_hp_loss":0,"event_name":"World of Goop","floor":6,"gold_loss":0},{"damage_healed":0,"gold_gain":0,"player_choice":"Fought Mushrooms","damage_taken":0,"max_hp_gain":0,"max_hp_loss":0,"event_name":"Mushrooms","floor":14,"gold_loss":0},{"damage_healed":0,"gold_gain":0,"player_choice":"Ignored","damage_taken":0,"max_hp_gain":0,"max_hp_loss":0,"event_name":"Ghosts","floor":20,"gold_loss":0},{"damage_healed":0,"gold_gain":0,"player_choice":"Ignored","damage_taken":0,"max_hp_gain":0,"max_hp_loss":0,"event_name":"N\u0027loth","floor":22,"gold_loss":0}],"is_beta":false,"boss_relics":[{"not_picked":["Lizard Tail","Coffee Dripper"],"picked":"Sozu"}],"items_purged_floors":[4,19],"is_endless":false,"potions_floor_spawned":[2,11,18,21,23],"killed_by":"Automaton","ascension_level":0}