{"gold_per_floor":[111,125,125,125,125,125,154,166,246,261,261,273,302,302,302,400,400,418,343,343],"floor_reached":20,"playtime":1202,"items_purged":[],"score":248,"play_id":"05db7e01-6694-499a-bd54-665d2505020d","local_time":"20190916202326","is_ascension_mode":true,"campfire_choices":[{"floor":6,"key":"RECALL"},{"floor":15,"key":"REST"}],"neow_cost":"NONE","seed_source_timestamp":446627809344800,"circlet_count":0,"master_deck":["Strike_G","Strike_G","Strike_G","Strike_G","Strike_G","Defend_G","Defend_G","Defend_G","Defend_G","Defend_G","Survivor","Neutralize","Dodge and Roll","Sucker Punch","Dodge and Roll","PiercingWail+1","Dagger Spray","Backflip","Infinite Blades","Malaise","PiercingWail","Acrobatics"],"relics":["Ring of the Snake","NeowsBlessing","Juzu Bracelet","Peace Pipe","Pantograph","Philosopher\u0027s Stone"],"potions_floor_usage":[12,13,16,16],"damage_taken":[{"damage":0,"enemies":"Jaw Worm","floor":1,"turns":1},{"damage":0,"enemies":"Cultist","floor":2,"turns":1},{"damage":0,"enemies":"3 Sentries","floor":7,"turns":1},{"damage":8,"enemies":"Small Slimes","floor":8,"turns":4},{"damage":0,"enemies":"Red Slaver","floor":10,"turns":6},{"damage":17,"enemies":"Exordium Thugs","floor":12,"turns":7},{"damage":36,"enemies":"Gremlin Nob","floor":13,"turns":5},{"damage":48,"enemies":"Slime Boss","floor":16,"turns":18},{"damage":37,"enemies":"Spheric Guardian","floor":18,"turns":6},{"damage":7,"enemies":"2 Thieves","floor":19,"turns":5},{"damage":28,"enemies":"Masked Bandits","floor":20,"turns":2}],"seed_played":"-5101132525993000688","potions_obtained":[{"floor":1,"key":"PowerPotion"},{"floor":8,"key":"GhostInAJar"},{"floor":12,"key":"Ancient Potion"},{"floor":13,"key":"Poison Potion"},{"floor":18,"key":"Weak Potion"}],"is_trial":false,"path_per_floor":["M","M","?","$","?","R","E","M","T","M","?","M","E","?","R","B",null,"M","M","?"],"character_chosen":"THE_SILENT","items_purchased":[],"campfire_rested":1,"item_purchase_floors":[],"current_hp_per_floor":[70,70,70,70,70,70,70,62,62,62,62,45,9,9,30,7,70,33,26,0],"gold":343,"neow_bonus":"THREE_ENEMY_KILL","is_prod":false,"is_daily":false,"chose_seed":false,"campfire_upgraded":0,"win_rate":0,"timestamp":1568683406,"path_taken":["M","M","?","$","?","R","E","M","T","M","?","M","E","?","R","BOSS","M","M","?"],"build_version":"2019-07-17","purchased_purges":0,"victory":false,"max_hp_per_floor":[70,70,70,70,70,70,70,70,70,70,70,70,70,70,70,70,70,70,70,70],"card_choices":[{"not_picked":["Expertise","Underhanded Strike"],"picked":"Dodge and Roll","floor":1},{"not_picked":["Setup","Quick Slash"],"picked":"Sucker Punch","floor":2},{"not_picked":["Finisher","Doppelganger"],"picked":"Dodge and Roll","floor":7},{"not_picked":["Concentrate","Dagger Throw"],"picked":"PiercingWail","floor":8},{"not_picked":["Slice","All Out Attack"],"picked":"Dagger Spray","floor":10},{"not_picked":["Dagger Spray","Blur"],"picked":"Backflip","floor":12},{"not_picked":["Poisoned Stab","Underhanded Strike"],"picked":"Infinite Blades","floor":13},{"not_picked":["Glass Knife","Doppelganger"],"picked":"Malaise","floor":16},{"not_picked":["Bane+1","Sucker Punch"],"picked":"PiercingWail","floor":18},{"not_picked":["All Out Attack","Deadly Poison"],"picked":"Acrobatics","floor":19}],"player_experience":417910,"relics_obtained":[{"floor":5,"key":"Juzu Bracelet"},{"floor":7,"key":"Peace Pipe"},{"floor":13,"key":"Pantograph"}],"event_choices":[{"damage_healed":0,"gold_gain":0,"player_choice":"Leave","damage_taken":0,"max_hp_gain":0,"max_hp_loss":0,"event_name":"The Cleric","floor":3,"gold_loss":0},{"damage_healed":0,"gold_gain":0,"player_choice":"Relic","damage_taken":0,"max_hp_gain":0,"max_hp_loss":0,"event_name":"Wheel of Change","floor":5,"gold_loss":0},{"damage_healed":0,"gold_gain":0,"player_choice":"Grow","damage_taken":0,"max_hp_gain":0,"max_hp_loss":0,"event_name":"Living Wall","floor":11,"gold_loss":0,"cards_upgraded":["PiercingWail"]},{"damage_healed":0,"gold_gain":0,"player_choice":"Ignored","damage_taken":0,"max_hp_gain":0,"max_hp_loss":0,"event_name":"Golden Idol","floor":14,"gold_loss":0},{"damage_healed":0,"gold_gain":0,"player_choice":"Fought Bandits","damage_taken":0,"max_hp_gain":0,"max_hp_loss":0,"event_name":"Masked Bandits","floor":20,"gold_loss":0}],"is_beta":false,"boss_relics":[{"not_picked":["Lizard Tail","Tiny House"],"picked":"Philosopher\u0027s Stone"}],"items_purged_floors":[],"is_endless":false,"potions_floor_spawned":[1,8,12,13,18],"killed_by":"Masked Bandits","ascension_level":4}