{"gold_per_floor":[114,189,208,383,383,408,428,428,451,451,470,497,508,528,528,631,631,541,558,13,43,43,43,70,81,81,81,94,94,125,140,140,245,245,256,256,276,21,38,38,57,90,90,90,90,102,122,136,136,136],"floor_reached":51,"playtime":4861,"items_purged":["Doubt","Strike_B"],"score":1052,"play_id":"2bf172ff-59cb-47f1-ac58-d6213b6a7661","local_time":"20190122204705","is_ascension_mode":true,"campfire_choices":[{"data":"Defragment","floor":10.0,"key":"SMITH"},{"data":"White Noise","floor":15.0,"key":"SMITH"},{"data":"Hologram","floor":23.0,"key":"SMITH"},{"data":"Heatsinks","floor":27.0,"key":"SMITH"},{"data":"Static Discharge","floor":29.0,"key":"SMITH"},{"data":"Seek","floor":32.0,"key":"SMITH"},{"data":"Static Discharge","floor":40,"key":"SMITH"},{"data":"Seek","floor":49,"key":"SMITH"}],"neow_cost":"","seed_source_timestamp":0,"circlet_count":0,"master_deck":["Defend_B","Defend_B","Defend_B","Defend_B","Zap","Dualcast","Defragment+1","White Noise+1","Hologram+1","Heatsinks+1","strawberrySpire:Adapter","Go for the Eyes","Cold Snap","Undo","strawberrySpire:AnotherWinter","strawberrySpire:Disconnect","Rebound","Conserve Battery","strawberrySpire:Gammacceleration","Ball Lightning","Glacier+1","Capacitor+1","Conserve Battery+1","strawberrySpire:AnotherWinter","Compile Driver+1","Chill+1","Gash+1","Heatsinks+1","Static Discharge+1","Hologram+1","Sadistic Nature","Gash","Aggregate+1","Turbo+1","Amplify+1","Stack","Self Repair+1","Seek+1","Seek+1","Steam+1","Static Discharge+1","Capacitor+1","Stack+1","Chaos+1","strawberrySpire:Disconnect+1","Storm","Thunder Strike+1","Consume+1","Sadistic Nature+1","Chrysalis+1","Mayhem","Coolheaded+1","Coolheaded+1","Stack+1","Turbo","strawberrySpire:Compressor+1"],"special_seed":0,"relics":["Cracked Core","Meat on the Bone","Vajra","MealTicket","Prayer Wheel","strawberrySpire:KineticCharger","strawberrySpire:Stormfruit","Happy Flower","strawberrySpire:ShipInABottle","Astrolabe","Shuriken","Tiny Chest","strawberrySpire:Treaders","strawberrySpire:TinySteamboat","strawberrySpire:PoopsieRoll","Philosopher\u0027s Stone","Anchor","Strawberry","PreservedInsect","Bottled Flame","Sundial"],"potions_floor_usage":[42,50,50],"damage_taken":[{"damage":0.0,"enemies":"Small Slimes","floor":1.0,"turns":2.0},{"damage":0.0,"enemies":"Jaw Worm","floor":3.0,"turns":5.0},{"damage":4.0,"enemies":"Lagavulin","floor":6.0,"turns":10.0},{"damage":8.0,"enemies":"2 Louse","floor":7.0,"turns":4.0},{"damage":14.0,"enemies":"Exordium Thugs","floor":11.0,"turns":6.0},{"damage":25.0,"enemies":"strawberrySpire:EnergyPylons","floor":12.0,"turns":6.0},{"damage":1.0,"enemies":"Red Slaver","floor":13.0,"turns":3.0},{"damage":1.0,"enemies":"Looter","floor":14.0,"turns":2.0},{"damage":12.0,"enemies":"The Guardian","floor":16.0,"turns":11.0},{"damage":7.0,"enemies":"2 Thieves","floor":18.0,"turns":5.0},{"damage":0.0,"enemies":"Shell Parasite","floor":19.0,"turns":9.0},{"damage":9.0,"enemies":"Book of Stabbing","floor":24.0,"turns":7.0},{"damage":0.0,"enemies":"Chosen and Byrds","floor":25.0,"turns":9.0},{"damage":4.0,"enemies":"Cultist and Chosen","floor":28.0,"turns":6.0},{"damage":9.0,"enemies":"Gremlin Leader","floor":30.0,"turns":9.0},{"damage":9.0,"enemies":"Snake Plant","floor":31.0,"turns":2.0},{"damage":0.0,"enemies":"Champ","floor":33.0,"turns":13.0},{"damage":0.0,"enemies":"3 Shapes","floor":35.0,"turns":4.0},{"damage":1,"enemies":"3 Darklings","floor":37,"turns":8},{"damage":3,"enemies":"Jaw Worm Horde","floor":39,"turns":5},{"damage":0,"enemies":"Spire Growth","floor":41,"turns":8},{"damage":47,"enemies":"Nemesis","floor":42,"turns":6},{"damage":18,"enemies":"Maw","floor":46,"turns":3},{"damage":0,"enemies":"4 Shapes","floor":47,"turns":5},{"damage":10,"enemies":"Jaw Worm Horde","floor":48,"turns":4},{"damage":17,"enemies":"Donu and Deca","floor":50,"turns":7}],"seed_played":"-8955148579384007037","potions_obtained":[{"floor":6.0,"key":"SpeedPotion"},{"floor":13.0,"key":"Energy Potion"},{"floor":16.0,"key":"Strength Potion"},{"floor":25.0,"key":"SkillPotion"},{"floor":42,"key":"Dexterity Potion"}],"is_trial":false,"path_per_floor":["M","?","M","?","?","E","M","R","T","R","M","E","M","M","R","B",null,"M","M","$","?","?","R","E","M","T","R","M","R","E","M","R","B",null,"M","T","M","?","T"],"character_chosen":"DEFECT","items_purchased":["Meat on the Bone","Vajra","Defragment","White Noise","Hologram","MealTicket","Prayer Wheel","Heatsinks","Shuriken","Sadistic Nature","Gash","Strawberry"],"campfire_rested":0,"item_purchase_floors":[0,0,0,0,0,0,0,0,20,20,20,38],"current_hp_per_floor":[45,34,46,46,46,42,46,46,46,46,44,31,42,41,41,41,75,68,68,75,75,75,75,66,66,66,66,62,62,53,54,54,74,75,75,75,75,82,82,82,82,47,47,37,37,41,63,73,73,56],"gold":136,"neow_bonus":"","is_prod":false,"is_daily":false,"chose_seed":false,"campfire_upgraded":8,"win_rate":0,"timestamp":1548179225,"path_taken":["M","?","M","?","?","E","M","R","T","R","M","E","M","M","R","BOSS","M","M","$","?","?","R","E","M","T","R","?","R","E","M","R","BOSS","M","?","M","$","?","R","M","E","T","?","?","M","M","M","R","BOSS"],"build_version":"2019-01-20","purchased_purges":2,"victory":true,"max_hp_per_floor":[75,75,75,75,75,75,75,75,75,75,75,75,75,75,75,75,75,75,75,75,75,75,75,75,75,75,75,75,75,75,75,75,75,75,75,75,75,82,82,82,82,82,82,82,82,82,82,82,82,82],"card_choices":[{"not_picked":["Leap","Streamline"],"picked":"strawberrySpire:Adapter","floor":1.0},{"not_picked":["strawberrySpire:NeonFlight","Leap"],"picked":"Go for the Eyes","floor":1.0},{"not_picked":["Stack","Redo"],"picked":"Cold Snap","floor":3.0},{"not_picked":["Rebound","Double Energy"],"picked":"Undo","floor":3.0},{"not_picked":["Steam Power","Conserve Battery"],"picked":"strawberrySpire:AnotherWinter","floor":6.0},{"not_picked":["Leap","Skim"],"picked":"strawberrySpire:Disconnect","floor":7.0},{"not_picked":["strawberrySpire:DataDump","Darkness"],"picked":"Rebound","floor":7.0},{"not_picked":["FTL","Coolheaded"],"picked":"Conserve Battery","floor":11.0},{"not_picked":["strawberrySpire:Adapter","Scrape","Chill"],"picked":"SKIP","floor":11.0},{"not_picked":["strawberrySpire:Adapter","Scrape","Chill"],"picked":"SKIP","floor":11.0},{"not_picked":["strawberrySpire:Disconnect","Stack"],"picked":"strawberrySpire:Gammacceleration","floor":12.0},{"not_picked":["Beam Cell+1","Gash"],"picked":"Ball Lightning","floor":13.0},{"not_picked":["Beam Cell","Stack"],"picked":"Glacier+1","floor":13.0},{"not_picked":["Gash","Beam Cell"],"picked":"Capacitor+1","floor":14.0},{"not_picked":["Doom and Gloom","Meteor Strike"],"picked":"Conserve Battery+1","floor":14.0},{"not_picked":["Hyperbeam+1","Amplify"],"picked":"strawberrySpire:AnotherWinter","floor":16.0},{"not_picked":["Undo+1","strawberrySpire:Disconnect"],"picked":"Heatsinks+1","floor":18.0},{"not_picked":["strawberrySpire:Disconnect+1","Rebound","Go for the Eyes+1"],"picked":"SKIP","floor":18.0},{"not_picked":["Ball Lightning+1","Compile Driver+1"],"picked":"Static Discharge","floor":19.0},{"not_picked":["Heatsinks+1","Sweeping Beam"],"picked":"Hologram+1","floor":19.0},{"not_picked":["Beam Cell","strawberrySpire:HateBit"],"picked":"Aggregate+1","floor":24.0},{"not_picked":["strawberrySpire:Adapter","strawberrySpire:THEL"],"picked":"Turbo+1","floor":25.0},{"not_picked":["Conserve Battery","Ball Lightning"],"picked":"Amplify+1","floor":25.0},{"not_picked":["strawberrySpire:ReturnNull+1","Leap+1"],"picked":"Stack","floor":28.0},{"not_picked":["Beam Cell","Reprogram","Compile Driver+1"],"picked":"SKIP","floor":28.0},{"not_picked":["Hologram+1","strawberrySpire:BreederCore"],"picked":"Self Repair+1","floor":30.0},{"not_picked":["Aggregate","Sweeping Beam+1"],"picked":"Seek","floor":31.0},{"not_picked":["strawberrySpire:NeonFlight+1","Go for the Eyes","Lockon"],"picked":"SKIP","floor":31.0},{"not_picked":["Biased Cognition","Amplify+1"],"picked":"Seek","floor":33.0},{"not_picked":["Aggregate+1","Steam Power+1"],"picked":"Steam+1","floor":35.0},{"not_picked":["strawberrySpire:DataDump+1","BootSequence+1"],"picked":"Static Discharge","floor":35.0},{"not_picked":["Beam Cell+1","Stack"],"picked":"Capacitor+1","floor":37},{"not_picked":["Turbo","strawberrySpire:FocalLaser+1"],"picked":"Stack+1","floor":37},{"not_picked":["Self Repair","strawberrySpire:BreederCore+1"],"picked":"Chaos+1","floor":39},{"not_picked":["Chaos","Double Energy+1"],"picked":"strawberrySpire:Disconnect+1","floor":39},{"not_picked":["Stack+1","Turbo+1"],"picked":"Storm","floor":41},{"not_picked":["Stack","Doom and Gloom"],"picked":"Thunder Strike+1","floor":41},{"not_picked":["Cold Snap+1","Rip and Tear+1"],"picked":"Consume+1","floor":42},{"not_picked":["Swift Strike","Violence"],"picked":"Sadistic Nature+1","floor":44},{"not_picked":["Deep Breath","Finesse"],"picked":"Chrysalis+1","floor":44},{"not_picked":["strawberrySpire:Neurons+1","Flash of Steel"],"picked":"Mayhem","floor":44},{"not_picked":["Conserve Battery","Barrage+1"],"picked":"Coolheaded+1","floor":46},{"not_picked":["Conserve Battery+1","Go for the Eyes+1"],"picked":"Coolheaded+1","floor":46},{"not_picked":["Reprogram+1","strawberrySpire:Adapter"],"picked":"Stack+1","floor":47},{"not_picked":["Rebound+1","strawberrySpire:SearchEngine"],"picked":"Turbo","floor":47},{"not_picked":["Beam Cell","Hologram+1"],"picked":"strawberrySpire:Compressor+1","floor":48},{"not_picked":["Consume+1","Go for the Eyes","Leap"],"picked":"SKIP","floor":48}],"player_experience":1080552,"relics_obtained":[{"floor":6.0,"key":"strawberrySpire:KineticCharger"},{"floor":8.0,"key":"strawberrySpire:Stormfruit"},{"floor":9.0,"key":"Happy Flower"},{"floor":12.0,"key":"strawberrySpire:ShipInABottle"},{"floor":24.0,"key":"strawberrySpire:Treaders"},{"floor":26.0,"key":"strawberrySpire:TinySteamboat"},{"floor":30.0,"key":"strawberrySpire:PoopsieRoll"},{"floor":36.0,"key":"Anchor"},{"floor":42,"key":"PreservedInsect"},{"floor":43,"key":"Bottled Flame"},{"floor":45,"key":"Sundial"}],"event_choices":[{"damage_healed":0.0,"max_hp_gain":0.0,"max_hp_loss":0.0,"gold_gain":75.0,"event_name":"World of Goop","player_choice":"Gather Gold","floor":2.0,"gold_loss":0.0,"damage_taken":11.0},{"damage_healed":0.0,"max_hp_gain":0.0,"max_hp_loss":0.0,"gold_gain":175.0,"event_name":"Liars Game","player_choice":"AGREE","floor":4.0,"gold_loss":0.0,"damage_taken":0.0,"cards_obtained":["Doubt"]},{"damage_healed":0.0,"max_hp_gain":0.0,"max_hp_loss":0.0,"gold_gain":0.0,"event_name":"Addict","player_choice":"Stole Relic","floor":21.0,"gold_loss":0.0,"damage_taken":0.0,"relics_obtained":["Tiny Chest"],"cards_obtained":["Shame"]},{"cards_removed":["Shame","Clumsy"],"damage_healed":0.0,"max_hp_gain":0.0,"max_hp_loss":0.0,"gold_gain":0.0,"event_name":"Fountain of Cleansing","player_choice":"Removed Curses","floor":22.0,"gold_loss":0.0,"damage_taken":0.0},{"damage_healed":0,"gold_gain":0,"player_choice":"Memory 3","damage_taken":10,"max_hp_gain":0,"max_hp_loss":0,"event_name":"SensoryStone","floor":44,"gold_loss":0}],"is_beta":true,"boss_relics":[{"not_picked":["Runic Dome","Fusion Hammer"],"picked":"Astrolabe"},{"not_picked":["Orrery","Cursed Key"],"picked":"Philosopher\u0027s Stone"}],"items_purged_floors":[20,38],"is_endless":false,"potions_floor_spawned":[6,13,16,25,30,37,41,42],"ascension_level":1}