{"gold_per_floor":[142,63,63,12,12,12,12,36,62,62,62,101,101,119,119,250,250,274,214,248,248,264,264,264],"floor_reached":24,"playtime":483,"items_purged":["Strike_B"],"score":265,"play_id":"fa0f89fa-9520-4dfc-b207-861f792d88ba","local_time":"20190806010230","is_ascension_mode":false,"campfire_choices":[{"data":"Double Energy","floor":7.0,"key":"SMITH"},{"data":"Tempest","floor":10.0,"key":"SMITH"},{"data":"Tempest","floor":15.0,"key":"SMITH"},{"data":"Multi-Cast","floor":23,"key":"SMITH"}],"neow_cost":"NONE","seed_source_timestamp":10733908084440,"circlet_count":0,"master_deck":["Strike_B","Strike_B","Strike_B","Defend_B","Defend_B","Defend_B","Defend_B","Zap+1","Dualcast","Double Energy+1","Tempest+1","Ball Lightning","Tempest+1","Turbo","Multi-Cast+1","Tempest","Steam","Ball Lightning","Reinforced Body","Reinforced Body+1"],"special_seed":0,"relics":["Cracked Core","Tiny Chest","Golden Idol","Juzu Bracelet","Meat on the Bone","Boot","The Courier","Orrery","Red Mask"],"potions_floor_usage":[16,20,24,24],"damage_taken":[{"damage":1.0,"enemies":"Cultist","floor":1.0,"turns":4.0},{"damage":0.0,"enemies":"2 Louse","floor":8.0,"turns":1.0},{"damage":0.0,"enemies":"Gremlin Nob","floor":12.0,"turns":2.0},{"damage":0.0,"enemies":"Small Slimes","floor":14.0,"turns":2.0},{"damage":0,"enemies":"Slime Boss","floor":16,"turns":3},{"damage":15,"enemies":"3 Byrds","floor":18,"turns":2},{"damage":0,"enemies":"Masked Bandits","floor":20,"turns":3},{"damage":6,"enemies":"Chosen","floor":22,"turns":4},{"damage":53,"enemies":"Book of Stabbing","floor":24,"turns":5}],"seed_played":"-3667291267072606650","potions_obtained":[{"floor":12.0,"key":"PowerPotion"},{"floor":16,"key":"Strength Potion"},{"floor":18,"key":"SkillPotion"},{"floor":22,"key":"Strength Potion"}],"is_trial":false,"path_per_floor":["M","$","?","$","?","$","R","M","T","R","T","E","T","M","R","B",null,"M","$","?","$","M","R","E"],"character_chosen":"DEFECT","items_purchased":["Tempest","Ball Lightning"],"campfire_rested":0,"item_purchase_floors":[2,4],"current_hp_per_floor":[74,74,74,74,69,69,69,69,69,69,69,69,69,69,69,69,69,54,54,54,54,48,48,0],"gold":264,"neow_bonus":"RANDOM_COMMON_RELIC","is_prod":false,"is_daily":false,"chose_seed":false,"campfire_upgraded":4,"win_rate":0,"timestamp":1565074950,"path_taken":["M","?","?","$","?","$","R","M","T","R","?","E","?","M","R","BOSS","M","$","?","$","M","R","E"],"build_version":"2019-07-17","purchased_purges":1,"victory":false,"max_hp_per_floor":[75,75,75,75,69,69,69,69,69,69,69,69,69,69,69,69,69,69,69,69,69,69,69,69],"card_choices":[{"not_picked":["Redo","Aggregate"],"picked":"Double Energy","floor":1.0},{"not_picked":["BootSequence","Redo","Aggregate"],"picked":"SKIP","floor":8.0},{"not_picked":["Steam Power","Stack"],"picked":"Tempest","floor":12.0},{"not_picked":["White Noise","Recycle"],"picked":"Turbo","floor":14.0},{"not_picked":["All For One","Amplify"],"picked":"Multi-Cast","floor":16},{"not_picked":["Leap","Cold Snap"],"picked":"Tempest","floor":17},{"not_picked":["Leap","Stack"],"picked":"Steam","floor":17},{"not_picked":["Streamline","Coolheaded"],"picked":"Ball Lightning","floor":17},{"not_picked":["Self Repair","Force Field"],"picked":"Reinforced Body","floor":18},{"not_picked":["Darkness","Go for the Eyes"],"picked":"Reinforced Body+1","floor":20},{"not_picked":["Force Field","Blizzard+1","Redo"],"picked":"SKIP","floor":22}],"player_experience":1636001,"relics_obtained":[{"floor":9.0,"key":"Juzu Bracelet"},{"floor":11.0,"key":"Meat on the Bone"},{"floor":12.0,"key":"Boot"},{"floor":13.0,"key":"The Courier"},{"floor":20,"key":"Red Mask"}],"event_choices":[{"damage_healed":0.0,"max_hp_gain":0.0,"max_hp_loss":0.0,"gold_gain":0.0,"event_name":"Living Wall","player_choice":"Grow","floor":3.0,"gold_loss":0.0,"damage_taken":0.0,"cards_upgraded":["Zap"]},{"damage_healed":0.0,"max_hp_gain":0.0,"max_hp_loss":6.0,"gold_gain":0.0,"event_name":"Golden Idol","player_choice":"Lose Max HP","floor":5.0,"gold_loss":0.0,"damage_taken":0.0,"relics_obtained":["Golden Idol"]},{"damage_healed":0,"gold_gain":0,"player_choice":"Fought Bandits","damage_taken":0,"max_hp_gain":0,"max_hp_loss":0,"event_name":"Masked Bandits","floor":20,"gold_loss":0}],"is_beta":false,"boss_relics":[{"not_picked":["Eternal Feather","White Beast Statue"],"picked":"Orrery"}],"items_purged_floors":[19],"is_endless":false,"potions_floor_spawned":[12,16,18,22],"killed_by":"Book of Stabbing","ascension_level":0}