{"gold_per_floor":[119,134,134,146,157,157,192,192,192,205,217,69,69,81,81,186,186,202,216,41,53,71,71,91,91,138,63,95,95,108,119,119,119],"floor_reached":33,"playtime":1500,"items_purged":["Strike_B","Defend_B"],"score":341,"play_id":"9889fd2a-1f74-4ec6-b80b-7c31455bd878","local_time":"20190913175239","is_ascension_mode":true,"campfire_choices":[{"data":"Zap","floor":6.0,"key":"SMITH"},{"data":"White Noise","floor":8.0,"key":"SMITH"},{"floor":15.0,"key":"REST"},{"floor":23.0,"key":"REST"},{"data":"Dualcast","floor":25.0,"key":"SMITH"},{"data":"Sunder","floor":29.0,"key":"SMITH"},{"data":"Go for the Eyes","floor":32.0,"key":"SMITH"}],"neow_cost":"NONE","seed_source_timestamp":789794613561584,"circlet_count":0,"master_deck":["Strike_B","Strike_B","Defend_B","Defend_B","Defend_B","Zap+1","Dualcast+1","Ball Lightning","White Noise+1","Rebound+1","Barrage+1","Cold Snap","Reinforced Body","Sweeping Beam","Machine Learning","Go for the Eyes+1","Thunder Strike","Leap","Coolheaded+1","Glacier","Self Repair","Electrodynamics","Chill","Sunder+1"],"special_seed":0,"relics":["Cracked Core","Bottled Flame","Ornamental Fan","Nuclear Battery","Happy Flower","Bronze Scales"],"potions_floor_usage":[33],"damage_taken":[{"damage":1.0,"enemies":"Small Slimes","floor":1.0,"turns":2.0},{"damage":1.0,"enemies":"Cultist","floor":2.0,"turns":3.0},{"damage":2.0,"enemies":"Jaw Worm","floor":4.0,"turns":2.0},{"damage":6.0,"enemies":"Blue Slaver","floor":5.0,"turns":3.0},{"damage":18.0,"enemies":"Lagavulin","floor":7.0,"turns":6.0},{"damage":6.0,"enemies":"Looter","floor":10.0,"turns":2.0},{"damage":0.0,"enemies":"3 Louse","floor":11.0,"turns":2.0},{"damage":7.0,"enemies":"2 Fungi Beasts","floor":14.0,"turns":3.0},{"damage":7.0,"enemies":"Hexaghost","floor":16.0,"turns":9.0},{"damage":0.0,"enemies":"3 Byrds","floor":18.0,"turns":3.0},{"damage":6.0,"enemies":"2 Thieves","floor":19.0,"turns":3.0},{"damage":8.0,"enemies":"Snecko","floor":21.0,"turns":6.0},{"damage":24.0,"enemies":"Snake Plant","floor":22.0,"turns":2.0},{"damage":13.0,"enemies":"3 Cultists","floor":24.0,"turns":5.0},{"damage":1.0,"enemies":"Slavers","floor":28.0,"turns":3.0},{"damage":9.0,"enemies":"Shelled Parasite and Fungi","floor":30.0,"turns":6.0},{"damage":0.0,"enemies":"Centurion and Healer","floor":31.0,"turns":6.0},{"damage":62,"enemies":"Automaton","floor":33,"turns":6}],"seed_played":"6248858300445010086","potions_obtained":[{"floor":0.0,"key":"Fire Potion"},{"floor":0.0,"key":"FairyPotion"},{"floor":0.0,"key":"Regen Potion"},{"floor":5.0,"key":"Block Potion"},{"floor":10.0,"key":"SkillPotion"},{"floor":11.0,"key":"SteroidPotion"},{"floor":19.0,"key":"Explosive Potion"},{"floor":21.0,"key":"Fire Potion"},{"floor":28.0,"key":"LiquidBronze"}],"is_trial":false,"path_per_floor":["M","M","?","M","M","R","E","R","T","M","M","$","?","M","R","B",null,"M","M","$","M","M","R","M","R","T","$","E","R","M","M","R","B"],"character_chosen":"DEFECT","items_purchased":["Machine Learning","Glacier","Sunder"],"campfire_rested":2,"item_purchase_floors":[12,20,27],"current_hp_per_floor":[74,73,73,71,65,65,47,47,47,41,41,41,26,19,41,49,69,69,63,63,55,31,53,47,47,47,47,53,53,51,58,58,0],"gold":119,"neow_bonus":"THREE_SMALL_POTIONS","is_prod":false,"is_daily":false,"chose_seed":false,"campfire_upgraded":5,"win_rate":0,"timestamp":1568422359,"path_taken":["M","M","?","M","?","R","E","R","T","M","M","?","?","M","R","BOSS","M","M","$","M","M","R","M","R","T","$","E","R","M","M","R","BOSS"],"build_version":"2019-07-17","purchased_purges":2,"victory":false,"max_hp_per_floor":[75,75,75,75,75,75,75,75,75,75,75,75,75,75,75,75,75,75,75,75,75,75,75,75,75,75,75,75,75,75,75,75,75],"card_choices":[{"not_picked":["Leap","Hologram"],"picked":"Ball Lightning","floor":1.0},{"not_picked":["Aggregate","Force Field"],"picked":"White Noise","floor":2.0},{"not_picked":["Skim","Turbo"],"picked":"Rebound","floor":4.0},{"not_picked":["Gash","Doom and Gloom"],"picked":"Barrage","floor":5.0},{"not_picked":["Barrage","BootSequence"],"picked":"Cold Snap","floor":7.0},{"not_picked":["Barrage","Tempest"],"picked":"Reinforced Body","floor":10.0},{"not_picked":["Stack","Darkness"],"picked":"Sweeping Beam","floor":11.0},{"not_picked":["Gash","Barrage"],"picked":"Go for the Eyes","floor":14.0},{"not_picked":["Fission","Machine Learning"],"picked":"Thunder Strike","floor":16.0},{"not_picked":["Rebound","Turbo"],"picked":"Leap","floor":18.0},{"not_picked":["Rip and Tear","Cold Snap"],"picked":"Coolheaded+1","floor":19.0},{"not_picked":["Stack+1","Turbo"],"picked":"Self Repair","floor":21.0},{"not_picked":["Cold Snap","Fusion+1"],"picked":"Electrodynamics","floor":22.0},{"not_picked":["Hologram","Fusion"],"picked":"Chill","floor":24.0},{"not_picked":["Sunder","Rebound+1","Gash+1"],"picked":"SKIP","floor":28.0},{"not_picked":["Hologram+1","Streamline","Machine Learning"],"picked":"SKIP","floor":30.0},{"not_picked":["Streamline+1","Barrage","Compile Driver+1"],"picked":"SKIP","floor":31.0}],"player_experience":604458,"relics_obtained":[{"floor":7.0,"key":"Bottled Flame"},{"floor":9.0,"key":"Ornamental Fan"},{"floor":26.0,"key":"Happy Flower"},{"floor":28.0,"key":"Bronze Scales"}],"event_choices":[{"cards_removed":["Strike_B"],"damage_healed":0.0,"max_hp_gain":0.0,"max_hp_loss":0.0,"gold_gain":0.0,"event_name":"Purifier","player_choice":"Purged","floor":3.0,"gold_loss":0.0,"damage_taken":0.0},{"damage_healed":0.0,"max_hp_gain":0.0,"max_hp_loss":0.0,"gold_gain":0.0,"event_name":"Shining Light","player_choice":"Entered Light","floor":13.0,"gold_loss":0.0,"damage_taken":15.0,"cards_upgraded":["Rebound","Barrage"]}],"is_beta":false,"boss_relics":[{"not_picked":["Velvet Choker","Pandora\u0027s Box"],"picked":"Nuclear Battery"}],"items_purged_floors":[12,20],"is_endless":false,"potions_floor_spawned":[5,10,11,19,21,28],"killed_by":"Automaton","ascension_level":5}