{"gold_per_floor":[116,116,116,132,207,207,225,244,244,261,272,272],"floor_reached":12,"playtime":5658,"items_purged":[],"score":86,"play_id":"23ac2e54-ea45-42a8-bc15-7653e9d333f8","local_time":"20190916195723","is_ascension_mode":true,"campfire_choices":[{"floor":6,"key":"RECALL"}],"neow_cost":"NONE","seed_source_timestamp":440613691998800,"circlet_count":0,"master_deck":["Strike_G","Strike_G","Strike_G","Strike_G","Strike_G","Defend_G","Defend_G","Defend_G","Defend_G","Defend_G","Survivor","Neutralize","Sucker Punch","Calculated Gamble","Acrobatics","Dodge and Roll","Dagger Spray","Backflip"],"relics":["Ring of the Snake","Ancient Tea Set"],"potions_floor_usage":[12,12],"damage_taken":[{"damage":0,"enemies":"Jaw Worm","floor":1,"turns":5},{"damage":1,"enemies":"Small Slimes","floor":4,"turns":3},{"damage":0,"enemies":"2 Louse","floor":7,"turns":2},{"damage":17,"enemies":"Exordium Wildlife","floor":8,"turns":9},{"damage":11,"enemies":"2 Fungi Beasts","floor":10,"turns":6},{"damage":0,"enemies":"Blue Slaver","floor":11,"turns":8},{"damage":38,"enemies":"Lagavulin","floor":12,"turns":9}],"seed_played":"-5405290946681950059","potions_obtained":[{"floor":1,"key":"Swift Potion"},{"floor":10,"key":"LiquidBronze"}],"is_trial":false,"path_per_floor":["M","?","?","M","?","R","M","M","T","M","M","E"],"character_chosen":"THE_SILENT","items_purchased":[],"campfire_rested":0,"item_purchase_floors":[],"current_hp_per_floor":[70,75,75,74,63,63,63,46,46,35,35,0],"gold":272,"neow_bonus":"RANDOM_COMMON_RELIC","is_prod":false,"is_daily":false,"chose_seed":false,"campfire_upgraded":0,"win_rate":0,"timestamp":1568681843,"path_taken":["M","?","?","M","?","R","M","M","T","?","M","E"],"build_version":"2019-07-17","purchased_purges":0,"victory":false,"max_hp_per_floor":[70,75,75,75,75,75,75,75,75,75,75,75],"card_choices":[{"not_picked":["Caltrops","Prepared"],"picked":"Sucker Punch","floor":1},{"not_picked":["Quick Slash","Finisher"],"picked":"Calculated Gamble","floor":4},{"not_picked":["Deflect","Grand Finale"],"picked":"Acrobatics","floor":7},{"not_picked":["Acrobatics","Dagger Throw"],"picked":"Dodge and Roll","floor":8},{"not_picked":["Flying Knee","Outmaneuver"],"picked":"Dagger Spray","floor":10},{"not_picked":["Escape Plan","Crippling Poison"],"picked":"Backflip","floor":11}],"player_experience":411991,"relics_obtained":[],"event_choices":[{"damage_healed":0,"gold_gain":0,"player_choice":"Donut","damage_taken":0,"max_hp_gain":5,"max_hp_loss":0,"event_name":"Big Fish","floor":2,"gold_loss":0},{"damage_healed":0,"gold_gain":0,"player_choice":"Ignored","damage_taken":0,"max_hp_gain":0,"max_hp_loss":0,"event_name":"Liars Game","floor":3,"gold_loss":0},{"damage_healed":0,"gold_gain":75,"player_choice":"Gather Gold","damage_taken":11,"max_hp_gain":0,"max_hp_loss":0,"event_name":"World of Goop","floor":5,"gold_loss":0}],"is_beta":false,"boss_relics":[],"items_purged_floors":[],"is_endless":false,"potions_floor_spawned":[1,10],"killed_by":"Lagavulin","ascension_level":4}