{"gold_per_floor":[111,122,122,134,234,267,287,287],"floor_reached":8,"playtime":982,"items_purged":[],"score":56,"play_id":"740c9a98-85db-4e84-afbe-e2c09584ea72","local_time":"20180905142733","is_ascension_mode":false,"campfire_choices":[],"neow_cost":"NONE","seed_source_timestamp":14937501844630,"circlet_count":0,"master_deck":["Defend_G","Defend_G","Defend_G","Defend_G","Defend_G","Strike_G","Strike_G","Strike_G","Strike_G","Strike_G","Survivor","Neutralize","Cloak And Dagger+1","Blur","Slice","Terror","Deflect"],"relics":["Ring of the Snake","NeowsBlessing","Dream Catcher","Odd Mushroom"],"potions_floor_usage":[7],"damage_taken":[{"damage":0,"enemies":"2 Louse","floor":1,"turns":1},{"damage":0,"enemies":"Cultist","floor":2,"turns":1},{"damage":0,"enemies":"Jaw Worm","floor":4,"turns":1},{"damage":16,"enemies":"3 Sentries","floor":6,"turns":13},{"damage":8,"enemies":"The Mushroom Lair","floor":7,"turns":6},{"damage":47,"enemies":"Gremlin Gang","floor":8,"turns":5}],"seed_played":"-1898949231684538914","potions_obtained":[{"floor":2,"key":"GamblersBrew"},{"floor":6,"key":"SkillPotion"}],"is_trial":false,"path_per_floor":["M","M","?","M","?","E","?"],"character_chosen":"THE_SILENT","items_purchased":[],"campfire_rested":0,"item_purchase_floors":[],"current_hp_per_floor":[70,70,70,70,70,54,46,0],"gold":287,"neow_bonus":"THREE_ENEMY_KILL","is_prod":false,"is_daily":false,"chose_seed":false,"campfire_upgraded":0,"win_rate":0,"timestamp":1536146853,"path_taken":["M","M","?","?","?","E","?","?"],"build_version":"2018-09-04-v2","purchased_purges":0,"victory":false,"max_hp_per_floor":[70,70,70,70,70,70,70,70],"card_choices":[{"not_picked":["Outmaneuver","Blade Dance"],"picked":"Cloak And Dagger","floor":1},{"not_picked":["Crippling Poison","Slice"],"picked":"Blur","floor":2},{"not_picked":["Skewer","PiercingWail"],"picked":"Slice","floor":4},{"not_picked":["Sucker Punch","Infinite Blades"],"picked":"Terror","floor":6},{"not_picked":["Backflip","Outmaneuver"],"picked":"Deflect","floor":7}],"player_experience":674512,"relics_obtained":[{"floor":6,"key":"Dream Catcher"},{"floor":7,"key":"Odd Mushroom"}],"event_choices":[{"event_name":"Accursed Blacksmith","player_choice":"Forge","floor":3,"damage_taken":0},{"event_name":"Golden Shrine","player_choice":"Pray","floor":5,"damage_taken":0},{"event_name":"Mushrooms","player_choice":"Fought Mushrooms","floor":7,"damage_taken":0}],"is_beta":true,"boss_relics":[],"items_purged_floors":[],"is_endless":false,"potions_floor_spawned":[2,6],"killed_by":"Gremlin Gang","ascension_level":0}