{"gold_per_floor":[117,117,42,58,58,88,88,100,100,100,175,175,191,141,141,236,236,256,46,56,87,87,87,99,99,99,116,116,116,145,163,163,261,261,281,301,319,65,116,16,26,26,53,65,65,65,65,83,83,83],"floor_reached":51,"playtime":889,"items_purged":["Strike_R","Strike_R"],"score":715,"play_id":"7a5bb668-72ae-453e-8ffc-007a15d41593","local_time":"20190815020726","is_ascension_mode":false,"campfire_choices":[{"data":"Defend_R","floor":7.0,"key":"SMITH"},{"data":"Heavy Blade","floor":10.0,"key":"SMITH"},{"data":"Defend_R","floor":12.0,"key":"SMITH"},{"data":"Twin Strike","floor":15.0,"key":"SMITH"},{"data":"Twin Strike","floor":23,"key":"SMITH"},{"data":"Clash","floor":25,"key":"SMITH"},{"data":"Immolate","floor":28,"key":"SMITH"},{"floor":32,"key":"REST"},{"floor":42,"key":"REST"},{"data":"Defend_R","floor":45,"key":"SMITH"},{"floor":49,"key":"REST"}],"neow_cost":"NONE","seed_source_timestamp":7560474734518,"circlet_count":0,"master_deck":["Strike_R","Strike_R","Defend_R+1","Defend_R+1","Defend_R+1","Defend_R+1","Bash+1","Inflame+1","Heavy Blade+1","Twin Strike+1","Immolate+1","Clash+1","Twin Strike+1","Whirlwind+1","Intimidate+1","Pummel+1","True Grit+1","Twin Strike+1","Reaper","Headbutt","Headbutt+1","Whirlwind+1"],"special_seed":0,"relics":["Runic Dome","Shuriken","Happy Flower","Sozu","Brimstone","Red Mask","Art of War","Incense Burner","Velvet Choker","Bottled Flame","Charon\u0027s Ashes","Vajra"],"potions_floor_usage":[16,20],"damage_taken":[{"damage":0.0,"enemies":"2 Louse","floor":1.0,"turns":2.0},{"damage":3.0,"enemies":"Small Slimes","floor":4.0,"turns":3.0},{"damage":11.0,"enemies":"3 Sentries","floor":6.0,"turns":9.0},{"damage":0.0,"enemies":"Jaw Worm","floor":8.0,"turns":3.0},{"damage":0.0,"enemies":"2 Fungi Beasts","floor":13.0,"turns":2.0},{"damage":0,"enemies":"Slime Boss","floor":16,"turns":7},{"damage":10,"enemies":"2 Thieves","floor":18,"turns":2},{"damage":1,"enemies":"Shell Parasite","floor":20,"turns":2},{"damage":12,"enemies":"Masked Bandits","floor":21,"turns":2},{"damage":0,"enemies":"Snecko","floor":24,"turns":2},{"damage":0,"enemies":"Centurion and Healer","floor":27,"turns":3},{"damage":16,"enemies":"Gremlin Leader","floor":30,"turns":3},{"damage":9,"enemies":"Snake Plant","floor":31,"turns":2},{"damage":33,"enemies":"Champ","floor":33,"turns":4},{"damage":0,"enemies":"Orb Walker","floor":35,"turns":1},{"damage":0,"enemies":"3 Darklings","floor":36,"turns":2},{"damage":13,"enemies":"4 Shapes","floor":37,"turns":2},{"damage":2,"enemies":"2 Orb Walkers","floor":39,"turns":2},{"damage":15,"enemies":"Spire Growth","floor":41,"turns":3},{"damage":12,"enemies":"Sphere and 2 Shapes","floor":44,"turns":1},{"damage":0,"enemies":"4 Shapes","floor":48,"turns":2},{"damage":24,"enemies":"Time Eater","floor":50,"turns":6}],"seed_played":"7288068771824610894","potions_obtained":[{"floor":4.0,"key":"SkillPotion"},{"floor":6.0,"key":"Explosive Potion"},{"floor":8.0,"key":"Poison Potion"}],"is_trial":false,"path_per_floor":["M","?","$","M","?","E","R","M","T","R","?","R","M","?","R","B",null,"M","$","M","?","$","R","M","R","T","M","R","?","E","M","R","B",null,"M","M","M","$","?","$","M","R","T","M","R","?","?","M","R","B",null],"character_chosen":"IRONCLAD","items_purchased":["Brimstone","Bottled Flame"],"campfire_rested":3,"item_purchase_floors":[19,38],"current_hp_per_floor":[80,80,80,77,61,50,50,50,50,50,39,39,39,39,39,39,80,70,70,69,57,57,57,57,57,57,57,57,57,41,32,56,23,80,80,80,67,67,65,65,59,80,80,68,68,68,68,70,76,71],"gold":83,"neow_bonus":"BOSS_RELIC","is_prod":false,"is_daily":false,"chose_seed":false,"campfire_upgraded":8,"win_rate":0,"timestamp":1565856446,"path_taken":["M","?","$","M","?","E","R","M","T","R","?","R","M","?","R","BOSS","M","$","M","?","$","R","M","R","T","M","R","?","E","M","R","BOSS","M","?","M","$","?","$","M","R","T","M","R","?","?","M","R","BOSS"],"build_version":"2019-07-17","purchased_purges":2,"victory":true,"max_hp_per_floor":[80,80,80,80,80,80,80,80,80,80,80,80,80,80,80,80,80,80,80,80,80,80,80,80,80,80,80,80,80,80,80,80,80,80,80,80,80,80,80,80,80,80,80,80,80,80,76,76,76,76],"card_choices":[{"not_picked":["Body Slam","Flex"],"picked":"Inflame","floor":1.0},{"not_picked":["Searing Blow","Dual Wield","Armaments"],"picked":"SKIP","floor":4.0},{"not_picked":["Rage","Shrug It Off","Iron Wave"],"picked":"SKIP","floor":6.0},{"not_picked":["Sword Boomerang","Shrug It Off"],"picked":"Heavy Blade","floor":8.0},{"not_picked":["Fiend Fire","Clothesline"],"picked":"Twin Strike","floor":13.0},{"not_picked":["Fiend Fire","Feed"],"picked":"Immolate","floor":16},{"not_picked":["Disarm","Warcry"],"picked":"Clash","floor":18},{"not_picked":["Reckless Charge","Dropkick"],"picked":"Twin Strike","floor":20},{"not_picked":["Bloodletting","Hemokinesis"],"picked":"Whirlwind+1","floor":21},{"not_picked":["True Grit","Bloodletting","Intimidate+1"],"picked":"SKIP","floor":24},{"not_picked":["True Grit","Bloodletting"],"picked":"Intimidate+1","floor":24},{"not_picked":["Bloodletting","Twin Strike"],"picked":"Pummel+1","floor":27},{"not_picked":["Shrug It Off","Clash"],"picked":"True Grit+1","floor":30},{"not_picked":["Headbutt","Thunderclap"],"picked":"Twin Strike+1","floor":31},{"not_picked":["Feed","Dark Embrace"],"picked":"Reaper","floor":33},{"not_picked":["Clash","True Grit"],"picked":"Headbutt","floor":35},{"not_picked":["Twin Strike","Bludgeon"],"picked":"Headbutt+1","floor":36},{"not_picked":["Cleave+1","Anger+1","Body Slam+1"],"picked":"SKIP","floor":37},{"not_picked":["Shrug It Off","Cleave"],"picked":"Sword Boomerang+1","floor":41},{"not_picked":["Spot Weakness+1","Feed","Havoc"],"picked":"SKIP","floor":44},{"not_picked":["Perfected Strike","Warcry"],"picked":"Whirlwind+1","floor":48}],"player_experience":1673386,"relics_obtained":[{"floor":6.0,"key":"Shuriken"},{"floor":9.0,"key":"Happy Flower"},{"floor":21,"key":"Red Mask"},{"floor":26,"key":"Art of War"},{"floor":30,"key":"Incense Burner"},{"floor":39,"key":"Charon\u0027s Ashes"},{"floor":43,"key":"Vajra"}],"event_choices":[{"damage_healed":0.0,"max_hp_gain":0.0,"max_hp_loss":0.0,"gold_gain":0.0,"event_name":"Living Wall","player_choice":"Grow","floor":2.0,"gold_loss":0.0,"damage_taken":0.0,"cards_upgraded":["Inflame"]},{"damage_healed":0.0,"max_hp_gain":0.0,"max_hp_loss":0.0,"gold_gain":0.0,"event_name":"Shining Light","player_choice":"Entered Light","floor":5.0,"gold_loss":0.0,"damage_taken":16.0,"cards_upgraded":["Bash","Defend_R"]},{"damage_healed":0.0,"max_hp_gain":0.0,"max_hp_loss":0.0,"gold_gain":75.0,"event_name":"World of Goop","player_choice":"Gather Gold","floor":11.0,"gold_loss":0.0,"damage_taken":11.0},{"cards_removed":["Strike_R"],"damage_healed":0.0,"max_hp_gain":0.0,"max_hp_loss":0.0,"gold_gain":0.0,"event_name":"The Cleric","player_choice":"Card Removal","floor":14.0,"gold_loss":50.0,"damage_taken":0.0},{"damage_healed":0,"gold_gain":0,"player_choice":"Fought Bandits","damage_taken":0,"max_hp_gain":0,"max_hp_loss":0,"event_name":"Masked Bandits","floor":21,"gold_loss":0},{"damage_healed":0,"gold_gain":0,"player_choice":"Got Potions","damage_taken":0,"max_hp_gain":0,"max_hp_loss":0,"event_name":"Lab","floor":29,"gold_loss":0},{"damage_healed":0,"gold_gain":0,"player_choice":"Fight","damage_taken":0,"max_hp_gain":0,"max_hp_loss":0,"event_name":"Mysterious Sphere","floor":39,"gold_loss":0},{"cards_removed":["Sword Boomerang"],"damage_healed":0,"gold_gain":0,"player_choice":"Removed Attack","damage_taken":0,"max_hp_gain":0,"max_hp_loss":0,"event_name":"Falling","floor":46,"gold_loss":0},{"damage_healed":0,"gold_gain":0,"player_choice":"Max HP","damage_taken":0,"max_hp_gain":0,"max_hp_loss":4,"event_name":"Winding Halls","floor":47,"gold_loss":0}],"is_beta":false,"boss_relics":[{"not_picked":["Mark of Pain","Ectoplasm"],"picked":"Sozu"},{"not_picked":["White Beast Statue","Eternal Feather"],"picked":"Velvet Choker"}],"items_purged_floors":[3,40],"is_endless":false,"potions_floor_spawned":[4,6,8,18,24,27,30,39,41,48],"ascension_level":0}