{"gold_per_floor":[116,129,143,157,157,183,202,236,236,236,269,284,311,28,28,124,124,141,159,179,179,191,223,233,268,293,293,306,6,40,53,53,150,150,169,182,192,16,16,46,63,63,63,94,114,148,148,175,175,175],"floor_reached":51,"playtime":4429,"items_purged":["Strike_B","strawberrySpire:AscendersBanana"],"score":1292,"play_id":"d4d06f00-0703-458f-93b7-3b4eade590cd","local_time":"20190128062707","is_ascension_mode":true,"campfire_choices":[{"data":"Blizzard","floor":10.0,"key":"SMITH"},{"data":"Defragment","floor":15.0,"key":"SMITH"},{"data":"strawberrySpire:Flashback","floor":27.0,"key":"SMITH"},{"data":"strawberrySpire:Flashback","floor":32.0,"key":"SMITH"},{"data":"strawberrySpire:Flashback","floor":42.0,"key":"SMITH"},{"data":"Echo Form","floor":49,"key":"SMITH"}],"neow_cost":"","seed_source_timestamp":0,"circlet_count":0,"master_deck":["Strike_B","Strike_B","Strike_B","Defend_B","Defend_B","Defend_B","Defend_B","Zap","Dualcast","strawberrySpire:Flashback","strawberrySpire:BlasterWyrm","Defragment","Leap","Gash","Compile Driver","Swift Strike","strawberrySpire:Adapter","Sweeping Beam","White Noise","Beam Cell","Glacier","Blizzard+1","Loop","Go for the Eyes","strawberrySpire:BlasterWyrm+1","strawberrySpire:SearchEngine+1","Defragment+1","strawberrySpire:Ronchyble","Decay","Decay","Redo+1","Consume+1","Chill+1","strawberrySpire:FocalLaser","Conserve Battery+1","Buffer","strawberrySpire:Adapter+1","Static Discharge","Echo Form+1","Defragment","Turbo+1","Double Energy+1","Panache","White Noise+1","Blizzard+1"],"special_seed":0,"relics":["Cracked Core","Vajra","strawberrySpire:ElefentMask","Orichalcum","Kunai","Toxic Egg 2","Bottled Lightning","strawberrySpire:MawJerky","Shovel","Lee\u0027s Waffle","Calling Bell","Strawberry","Pear","Thread and Needle","Centennial Puzzle","strawberrySpire:BonfireDress","Blood Vial","Regal Pillow","Medical Kit","strawberrySpire:Treaders","strawberrySpire:Dictionifier","Gremlin Horn","Singing Bowl","strawberrySpire:ElectricRodnt","Blue Candle","Dream Catcher"],"potions_floor_usage":[50],"damage_taken":[{"damage":0.0,"enemies":"Cultist","floor":1.0,"turns":4.0},{"damage":0.0,"enemies":"2 Louse","floor":2.0,"turns":2.0},{"damage":0.0,"enemies":"Jaw Worm","floor":3.0,"turns":2.0},{"damage":5.0,"enemies":"Looter","floor":4.0,"turns":4.0},{"damage":7.0,"enemies":"Gremlin Nob","floor":6.0,"turns":5.0},{"damage":0.0,"enemies":"Exordium Thugs","floor":7.0,"turns":4.0},{"damage":5.0,"enemies":"3 Sentries","floor":8.0,"turns":7.0},{"damage":4.0,"enemies":"strawberrySpire:EnergyPylons","floor":11.0,"turns":5.0},{"damage":0.0,"enemies":"Blue Slaver","floor":12.0,"turns":4.0},{"damage":3.0,"enemies":"3 Sentries","floor":13.0,"turns":5.0},{"damage":4.0,"enemies":"The Guardian","floor":16.0,"turns":12.0},{"damage":6.0,"enemies":"theJungle:GiantWrat","floor":18.0,"turns":7.0},{"damage":0.0,"enemies":"theJungle:5_Spyders","floor":19.0,"turns":7.0},{"damage":6.0,"enemies":"theJungle:Lyon","floor":20.0,"turns":5.0},{"damage":8.0,"enemies":"Snake Plant","floor":22.0,"turns":6.0},{"damage":4.0,"enemies":"theJungle:Cassacara","floor":23.0,"turns":8.0},{"damage":16.0,"enemies":"theJungle:2_Flameangoes","floor":24.0,"turns":8.0},{"damage":13.0,"enemies":"theJungle:2_Phrogs","floor":25.0,"turns":7.0},{"damage":9.0,"enemies":"theJungle:Lyon","floor":28.0,"turns":6.0},{"damage":9.0,"enemies":"theJungle:Cassacara","floor":30.0,"turns":9.0},{"damage":0.0,"enemies":"theJungle:Snecko_Cultist_And_Trap","floor":31.0,"turns":9.0},{"damage":0.0,"enemies":"theJungle:FunGuy","floor":33.0,"turns":16.0},{"damage":3.0,"enemies":"Orb Walker","floor":35.0,"turns":4.0},{"damage":9.0,"enemies":"3 Darklings","floor":36.0,"turns":6.0},{"damage":1.0,"enemies":"Sphere and 2 Shapes","floor":37.0,"turns":4.0},{"damage":61.0,"enemies":"Reptomancer","floor":40.0,"turns":8.0},{"damage":22.0,"enemies":"Jaw Worm Horde","floor":41.0,"turns":6.0},{"damage":12.0,"enemies":"Nemesis","floor":44.0,"turns":5.0},{"damage":11.0,"enemies":"3 Darklings","floor":45.0,"turns":7.0},{"damage":17.0,"enemies":"strawberrySpire:EssenceStones","floor":46.0,"turns":7.0},{"damage":1.0,"enemies":"Giant Head","floor":48.0,"turns":11.0},{"damage":51,"enemies":"Awakened One","floor":50,"turns":15}],"seed_played":"698522814588866153","potions_obtained":[{"floor":2.0,"key":"Poison Potion"},{"floor":4.0,"key":"Strength Potion"},{"floor":7.0,"key":"Swift Potion"},{"floor":8.0,"key":"SteroidPotion"},{"floor":16.0,"key":"Dexterity Potion"},{"floor":24.0,"key":"Explosive Potion"},{"floor":28.0,"key":"Strength Potion"},{"floor":36.0,"key":"Block Potion"},{"floor":41.0,"key":"SteroidPotion"},{"floor":44.0,"key":"Regen Potion"}],"is_trial":false,"path_per_floor":["M","M","M","M","T","E","M","E","T","R","E","M","E","$","R","B",null,"M","M","M","?","M","E","M","E","T","R","M","$","E","M","R","B",null,"M","M","M","$","?","E","M","R","T","E","M","E","?","E","R","B",null],"character_chosen":"DEFECT","items_purchased":["strawberrySpire:Flashback","Vajra","strawberrySpire:BlasterWyrm","Defragment","strawberrySpire:ElefentMask","Leap","Gash","Compile Driver","Swift Strike","Lee\u0027s Waffle","Defragment","Medical Kit","Panache"],"campfire_rested":0,"item_purchase_floors":[0,0,0,0,0,0,0,0,0,14,14,29,38],"current_hp_per_floor":[43,43,43,38,38,31,31,26,26,26,22,22,23,86,86,82,103,97,97,91,91,83,83,67,58,58,58,51,51,48,50,50,52,115,112,105,106,106,106,51,31,31,31,27,35,26,133,136,136,86],"gold":175,"neow_bonus":"","is_prod":false,"is_daily":false,"chose_seed":false,"campfire_upgraded":6,"win_rate":0,"timestamp":1548646027,"path_taken":["M","M","?","M","?","E","M","E","T","R","E","M","E","$","R","BOSS","M","M","?","?","M","E","M","E","T","R","M","?","E","M","R","BOSS","M","?","M","$","?","E","M","R","T","E","M","E","?","E","R","BOSS"],"build_version":"2019-01-23","purchased_purges":2,"victory":true,"max_hp_per_floor":[75,75,75,75,75,75,75,75,75,75,75,75,79,86,86,86,103,103,103,103,103,103,107,107,111,111,111,111,111,115,115,115,115,115,115,115,115,115,115,119,119,119,119,125,127,133,133,137,137,137],"card_choices":[{"not_picked":["Consume","Tempest"],"picked":"strawberrySpire:Adapter","floor":1.0},{"not_picked":["Heatsinks","Rebound"],"picked":"Sweeping Beam","floor":2.0},{"not_picked":["strawberrySpire:DataDump","Fusion"],"picked":"White Noise","floor":3.0},{"not_picked":["Chill","strawberrySpire:NeonFlight"],"picked":"Beam Cell","floor":4.0},{"not_picked":["strawberrySpire:THEL","Cold Snap"],"picked":"Glacier","floor":6.0},{"not_picked":["Go for the Eyes","BootSequence"],"picked":"Blizzard","floor":7.0},{"not_picked":["strawberrySpire:GearCrunch","Gash"],"picked":"Loop","floor":8.0},{"not_picked":["Sweeping Beam","strawberrySpire:SearchEngine+1"],"picked":"Go for the Eyes","floor":11.0},{"not_picked":["strawberrySpire:Disconnect","Coolheaded+1"],"picked":"strawberrySpire:BlasterWyrm+1","floor":12.0},{"not_picked":["Steam+1","strawberrySpire:FocalLaser"],"picked":"strawberrySpire:SearchEngine+1","floor":13.0},{"not_picked":["Electrodynamics","Core Surge"],"picked":"strawberrySpire:Ronchyble","floor":16.0},{"not_picked":["strawberrySpire:Disconnect","Melter"],"picked":"Redo+1","floor":18.0},{"not_picked":["Coolheaded+1","strawberrySpire:DataDump"],"picked":"Consume+1","floor":19.0},{"not_picked":["Streamline+1","Beam Cell","Storm"],"picked":"SKIP","floor":20.0},{"not_picked":["Lockon+1","Gash+1"],"picked":"Chill+1","floor":22.0},{"not_picked":["Hyperbeam","Ball Lightning"],"picked":"strawberrySpire:FocalLaser","floor":23.0},{"not_picked":["Go for the Eyes","Steam+1"],"picked":"Conserve Battery+1","floor":24.0},{"not_picked":["BootSequence+1","Consume+1"],"picked":"Buffer","floor":25.0},{"not_picked":["strawberrySpire:THEL","strawberrySpire:AngeryBot"],"picked":"Reinforced Body+1","floor":28.0},{"not_picked":["Auto Shields+1","Barrage+1"],"picked":"strawberrySpire:Adapter+1","floor":30.0},{"not_picked":["Turbo+1","Steam+1"],"picked":"Static Discharge","floor":31.0},{"not_picked":["All For One","Biased Cognition"],"picked":"Echo Form","floor":33.0},{"not_picked":["Steam+1","Reinforced Body+1"],"picked":"Defragment","floor":35.0},{"not_picked":["Go for the Eyes","strawberrySpire:Disconnect"],"picked":"Turbo+1","floor":36.0},{"not_picked":["Go for the Eyes+1","Turbo+1"],"picked":"Double Energy+1","floor":37.0},{"not_picked":["Redo+1","Sweeping Beam+1"],"picked":"White Noise+1","floor":40.0},{"not_picked":["Consume+1","Doom and Gloom","Darkness+1"],"picked":"SKIP","floor":41.0},{"not_picked":["Biased Cognition","Steam+1","Streamline+1"],"picked":"Singing Bowl","floor":44.0},{"not_picked":["strawberrySpire:GearCrunch+1","strawberrySpire:DataDump+1","Streamline+1"],"picked":"Singing Bowl","floor":45.0},{"not_picked":["Beam Cell","Sweeping Beam+1","strawberrySpire:Disconnect+1"],"picked":"Singing Bowl","floor":46.0},{"not_picked":["All For One","Ball Lightning+1"],"picked":"Blizzard+1","floor":48}],"player_experience":1099310,"relics_obtained":[{"floor":5.0,"key":"Orichalcum"},{"floor":6.0,"key":"Kunai"},{"floor":8.0,"key":"Toxic Egg 2"},{"floor":9.0,"key":"Bottled Lightning"},{"floor":11.0,"key":"strawberrySpire:MawJerky"},{"floor":13.0,"key":"Shovel"},{"floor":17.0,"key":"Strawberry"},{"floor":17.0,"key":"Pear"},{"floor":17.0,"key":"Thread and Needle"},{"floor":23.0,"key":"strawberrySpire:BonfireDress"},{"floor":25.0,"key":"Blood Vial"},{"floor":26.0,"key":"Regal Pillow"},{"floor":30.0,"key":"strawberrySpire:Treaders"},{"floor":40.0,"key":"Gremlin Horn"},{"floor":43.0,"key":"Singing Bowl"},{"floor":44.0,"key":"strawberrySpire:ElectricRodnt"},{"floor":46.0,"key":"Blue Candle"},{"floor":48,"key":"Dream Catcher"}],"event_choices":[{"damage_healed":0.0,"max_hp_gain":0.0,"max_hp_loss":0.0,"gold_gain":0.0,"event_name":"WeMeetAgain","player_choice":"Gave Potion","floor":21.0,"gold_loss":0.0,"damage_taken":0.0,"relics_obtained":["Centennial Puzzle"]},{"cards_removed":["Reinforced Body"],"damage_healed":0.0,"max_hp_gain":0.0,"max_hp_loss":0.0,"gold_gain":0.0,"event_name":"Falling","player_choice":"Removed Skill","floor":39.0,"gold_loss":0.0,"damage_taken":0.0},{"damage_healed":107.0,"max_hp_gain":0.0,"max_hp_loss":0.0,"gold_gain":0.0,"event_name":"Wheel of Change","player_choice":"Full Heal","floor":47.0,"gold_loss":0.0,"damage_taken":0.0}],"is_beta":true,"boss_relics":[{"not_picked":["Fusion Hammer","Cursed Key"],"picked":"Calling Bell"},{"not_picked":["White Beast Statue","Ectoplasm"],"picked":"strawberrySpire:Dictionifier"}],"items_purged_floors":[0,29],"is_endless":false,"potions_floor_spawned":[2,4,7,8,12,13,16,19,20,24,28,36,41,44],"ascension_level":1}