{"gold_per_floor":[116,116,17,92,118,145,157,157,157,170,188,223,18,50,50,150,150,167,187,200,200,125,125,141,176,199,219,252,252,287,297,297,394,394,411,429,81,303,318,318,336,371,425,425,70,70,70,85,85,85],"floor_reached":51,"playtime":4067,"items_purged":["Defend_G","Strike_G"],"score":835,"play_id":"e1dc06ea-995b-4ebf-836c-324bfb01e2dc","local_time":"20180827041734","is_ascension_mode":false,"campfire_choices":[{"data":"Dash","floor":8,"key":"SMITH"},{"data":"Noxious Fumes","floor":15,"key":"SMITH"},{"data":"Dash","floor":23,"key":"SMITH"},{"data":"Prepared","floor":29,"key":"SMITH"},{"data":"Leg Sweep","floor":32,"key":"SMITH"},{"data":"Cloak And Dagger","floor":40,"key":"SMITH"},{"floor":47,"key":"REST"},{"floor":49,"key":"REST"}],"neow_cost":"NONE","seed_source_timestamp":374932698785047,"circlet_count":0,"master_deck":["Defend_G","Defend_G","Defend_G","Defend_G","Strike_G","Strike_G","Strike_G","Survivor","Neutralize","Shrug It Off","Leg Sweep+1","Flying Knee","Dash+1","Noxious Fumes+1","Sucker Punch","Dash+1","Deadly Poison","Corpse Explosion","Malaise","Endless Agony+1","Dodge and Roll+1","Quick Slash+1","Dash","Masterful Stab","Quick Slash+1","Prepared+1","Die Die Die","Reflex","Tools of the Trade","Cloak And Dagger","Backflip+1","Cloak And Dagger+1","Slice","Flying Knee+1","Leg Sweep+1","Underhanded Strike","Regret","Backstab","Acrobatics","Violence","Flash of Steel","Metamorphosis","Violence","Masterful Stab"],"relics":["Ring of the Snake","NeowsBlessing","Art of War","Boot","Meat on the Bone","Kunai","Sling","Happy Flower","HoveringKite","Red Mask","Anchor","Blue Candle","Unceasing Top","Cursed Key","TheAbacus","Pen Nib","Oddly Smooth Stone","Shovel"],"potions_floor_usage":[12,12,14,16,19,25,30,33,33,42,50,50,50],"damage_taken":[{"damage":0,"enemies":"Small Slimes","floor":1,"turns":1},{"damage":0,"enemies":"Lagavulin","floor":6,"turns":1},{"damage":0,"enemies":"Cultist","floor":7,"turns":1},{"damage":0,"enemies":"2 Louse","floor":10,"turns":3},{"damage":0,"enemies":"Exordium Wildlife","floor":11,"turns":4},{"damage":0,"enemies":"3 Sentries","floor":12,"turns":8},{"damage":5,"enemies":"Gremlin Nob","floor":14,"turns":4},{"damage":17,"enemies":"Slime Boss","floor":16,"turns":10},{"damage":0,"enemies":"Shell Parasite","floor":18,"turns":8},{"damage":10,"enemies":"2 Thieves","floor":19,"turns":3},{"damage":13,"enemies":"Sentry and Sphere","floor":20,"turns":8},{"damage":0,"enemies":"Snecko","floor":24,"turns":5},{"damage":10,"enemies":"Masked Bandits","floor":25,"turns":2},{"damage":5,"enemies":"Centurion and Healer","floor":27,"turns":5},{"damage":0,"enemies":"Book of Stabbing","floor":28,"turns":6},{"damage":0,"enemies":"Slavers","floor":30,"turns":2},{"damage":1,"enemies":"Snake Plant","floor":31,"turns":4},{"damage":34,"enemies":"Collector","floor":33,"turns":12},{"damage":7,"enemies":"Flame Bruiser 1 Orb","floor":35,"turns":7},{"damage":0,"enemies":"Orb Walker","floor":36,"turns":4},{"damage":0,"enemies":"Transient","floor":39,"turns":5},{"damage":20,"enemies":"Jaw Worm Horde","floor":41,"turns":4},{"damage":2,"enemies":"Giant Head","floor":42,"turns":9},{"damage":0,"enemies":"Mind Bloom Boss Battle","floor":44,"turns":7},{"damage":2,"enemies":"Sphere and 2 Shapes","floor":48,"turns":4},{"damage":40,"enemies":"Awakened One","floor":50,"turns":15}],"seed_played":"1465438927199131778","potions_obtained":[{"floor":7,"key":"Energy Potion"},{"floor":10,"key":"Swift Potion"},{"floor":11,"key":"GamblersBrew"},{"floor":12,"key":"SkillPotion"},{"floor":18,"key":"LiquidBronze"},{"floor":19,"key":"Regen Potion"},{"floor":25,"key":"Fire Potion"},{"floor":28,"key":"GamblersBrew"},{"floor":31,"key":"SkillPotion"},{"floor":35,"key":"Ancient Potion"},{"floor":39,"key":"Dexterity Potion"},{"floor":41,"key":"GhostInAJar"},{"floor":44,"key":"Energy Potion"}],"is_trial":false,"path_per_floor":["M","?","$","?","T","E","M","R","T","M","M","E","$","E","R","B",null,"M","M","M","?","?","R","M","?","T","M","E","R","E","M","R","B",null,"M","M","$","?","M","R","M","E","T","?","$","?","R","M","R","B"],"character_chosen":"THE_SILENT","items_purchased":["Leg Sweep","Flying Knee","Sling","Cloak And Dagger","TheAbacus","Slice","Acrobatics","Violence"],"campfire_rested":2,"item_purchase_floors":[3,3,13,37,37,37,45,45],"current_hp_per_floor":[70,70,70,59,59,59,59,59,59,59,59,59,59,54,54,37,70,70,60,47,47,47,47,47,42,42,37,37,37,37,36,36,14,70,63,63,63,63,63,63,43,41,41,41,41,31,52,50,70,42],"gold":85,"neow_bonus":"THREE_ENEMY_KILL","is_prod":false,"is_daily":false,"chose_seed":false,"campfire_upgraded":6,"win_rate":0,"timestamp":1535332654,"path_taken":["M","?","$","?","?","E","M","R","T","M","?","E","?","E","R","BOSS","M","M","?","?","?","R","M","?","T","M","E","R","E","M","R","BOSS","M","M","$","?","M","R","?","E","T","?","$","?","R","M","R","BOSS"],"build_version":"2018-08-23v2","purchased_purges":2,"victory":true,"max_hp_per_floor":[70,70,70,70,70,70,70,70,70,70,70,70,70,70,70,70,70,70,70,70,70,70,70,70,70,70,70,70,70,70,70,70,70,70,70,70,70,70,70,70,70,70,70,70,70,70,70,70,70,70],"card_choices":[{"not_picked":["Quick Slash","Poisoned Stab"],"picked":"Escape Plan","floor":1},{"not_picked":["Setup","Eviscerate"],"picked":"Dash","floor":6},{"not_picked":["Quick Slash","Concentrate"],"picked":"Noxious Fumes","floor":7},{"not_picked":["Outmaneuver","Poisoned Stab"],"picked":"Sucker Punch","floor":10},{"not_picked":["Expertise","Underhanded Strike"],"picked":"Dash","floor":11},{"not_picked":["Skewer","Leg Sweep"],"picked":"Deadly Poison","floor":12},{"not_picked":["Endless Agony","A Thousand Cuts"],"picked":"Corpse Explosion","floor":14},{"not_picked":["Grand Finale","A Thousand Cuts"],"picked":"Malaise","floor":16},{"not_picked":["Bane","Dodge and Roll"],"picked":"Endless Agony+1","floor":18},{"not_picked":["Accuracy","Deadly Poison"],"picked":"Dodge and Roll+1","floor":19},{"not_picked":["Dagger Throw","Leg Sweep+1"],"picked":"Quick Slash+1","floor":20},{"not_picked":["Prepared","All Out Attack"],"picked":"Dash","floor":24},{"not_picked":["Doppelganger","Reflex"],"picked":"Masterful Stab","floor":25},{"not_picked":["Bouncing Flask","Outmaneuver+1"],"picked":"Quick Slash+1","floor":27},{"not_picked":["Grand Finale","Dagger Throw"],"picked":"Prepared","floor":28},{"not_picked":["Dash","Flying Knee+1"],"picked":"Die Die Die","floor":30},{"not_picked":["Accuracy+1","Flechettes+1"],"picked":"Reflex","floor":31},{"not_picked":["Bullet Time","Envenom"],"picked":"Tools of the Trade","floor":33},{"not_picked":["Bane","Dash"],"picked":"Cloak And Dagger","floor":35},{"not_picked":["Poisoned Stab+1","Sucker Punch+1"],"picked":"Backflip+1","floor":36},{"not_picked":["Deadly Poison","Backflip+1"],"picked":"Flying Knee+1","floor":39},{"not_picked":["Dagger Throw+1","Sucker Punch+1"],"picked":"Leg Sweep+1","floor":41},{"not_picked":["Dagger Throw","Glass Knife"],"picked":"Underhanded Strike","floor":42},{"not_picked":["Poisoned Stab","PiercingWail+1"],"picked":"Backstab","floor":44},{"not_picked":["PanicButton","Transmutation"],"picked":"Flash of Steel","floor":46},{"not_picked":["Impatience","Transmutation"],"picked":"Metamorphosis","floor":46},{"not_picked":["HandOfGreed","The Bomb"],"picked":"Violence","floor":46},{"not_picked":["Prepared+1","Dash+1"],"picked":"Masterful Stab","floor":48}],"player_experience":658061,"relics_obtained":[{"floor":5,"key":"Art of War"},{"floor":6,"key":"Boot"},{"floor":9,"key":"Meat on the Bone"},{"floor":12,"key":"Kunai"},{"floor":14,"key":"Happy Flower"},{"floor":25,"key":"Red Mask"},{"floor":26,"key":"Anchor"},{"floor":28,"key":"Blue Candle"},{"floor":30,"key":"Unceasing Top"},{"floor":42,"key":"Pen Nib"},{"floor":43,"key":"Oddly Smooth Stone"},{"floor":44,"key":"Shovel"}],"event_choices":[{"event_name":"NoteForYourself","player_choice":"Took Card","floor":2,"damage_taken":0},{"event_name":"World of Goop","player_choice":"Gather Gold","floor":4,"damage_taken":0},{"event_name":"Ghosts","player_choice":"Ignored","floor":21,"damage_taken":0},{"event_name":"Beggar","player_choice":"Gave Gold","floor":22,"damage_taken":0},{"event_name":"Masked Bandits","player_choice":"Fought Bandits","floor":25,"damage_taken":0},{"event_name":"Tomb of Lord Red Mask","player_choice":"Wore Mask","floor":38,"damage_taken":0},{"event_name":"MindBloom","player_choice":"Fight","floor":44,"damage_taken":0},{"event_name":"SensoryStone","player_choice":"Memory 3","floor":46,"damage_taken":0}],"is_beta":true,"boss_relics":[{"not_picked":["Fusion Hammer","Velvet Choker"],"picked":"HoveringKite"},{"not_picked":["Coffee Dripper","Busted Crown"],"picked":"Cursed Key"}],"items_purged_floors":[37,45],"is_endless":false,"potions_floor_spawned":[7,10,11,12,18,19,25,28,31,35,39,41,44],"ascension_level":0}