{"gold_per_floor":[119,132,132,151,174,206,206,231,231,242,242,242,252,271,271,374,374,384,384,397,397,1,1,1,1,54,54,65,84,84,115,115,210,210,221,221,0,0,0,0,11,11,11,11,11,40,57,0,0,0],"floor_reached":51,"playtime":2991,"items_purged":["Parasite"],"score":751,"play_id":"a58c47ed-c631-4668-ad7c-8ce8a1472bcc","local_time":"20180824171347","is_ascension_mode":false,"campfire_choices":[{"data":"Dualcast","floor":7,"key":"SMITH"},{"data":"Zap","floor":12,"key":"SMITH"},{"data":"Go for the Eyes","floor":15,"key":"SMITH"},{"data":"Loop","floor":23,"key":"SMITH"},{"data":"RitualDagger","floor":25,"key":"SMITH"},{"data":"White Noise","floor":27,"key":"SMITH"},{"data":"Beam Cell","floor":32,"key":"SMITH"},{"data":"Discovery","floor":40,"key":"SMITH"},{"data":"Madness","floor":42,"key":"SMITH"},{"data":"Madness","floor":45,"key":"SMITH"},{"floor":49,"key":"REST"}],"neow_cost":"NONE","seed_source_timestamp":163304169086744,"circlet_count":0,"master_deck":["Strike_B","Strike_B","Strike_B","Defend_B","Defend_B","Zap+1","Dualcast+1","Go for the Eyes+1","Beam Cell+1","Ball Lightning","Conserve Battery","White Noise+1","Loop+1","Turbo","Undo","Electrodynamics","Hologram+1","Sunder","RitualDagger+1","All For One","Redo+1","Stack+1","Ball Lightning","Echo Form","Rebound","Madness+1","Madness+1","Discovery+1","Gash","Reinforced Body+1","Steam+1","Tempest+1"],"relics":["Cracked Core","Bronze Scales","Bag of Preparation","Oddly Smooth Stone","Dream Catcher","Matryoshka","Calling Bell","Pen Nib","Question Card","Mango","Pantograph","Art of War","Ancient Tea Set","Letter Opener","Empty Cage","Regal Pillow","Anchor","Toxic Egg 2","Smiling Mask","Red Mask"],"potions_floor_usage":[6,6,6,16,20,31,41,46,46],"damage_taken":[{"damage":8,"enemies":"Jaw Worm","floor":1,"turns":3},{"damage":1,"enemies":"Cultist","floor":2,"turns":3},{"damage":0,"enemies":"2 Louse","floor":4,"turns":2},{"damage":0,"enemies":"Lagavulin","floor":6,"turns":2},{"damage":11,"enemies":"3 Sentries","floor":8,"turns":6},{"damage":0,"enemies":"Exordium Thugs","floor":10,"turns":3},{"damage":0,"enemies":"Looter","floor":13,"turns":2},{"damage":3,"enemies":"Red Slaver","floor":14,"turns":3},{"damage":4,"enemies":"Hexaghost","floor":16,"turns":7},{"damage":12,"enemies":"3 Byrds","floor":18,"turns":3},{"damage":5,"enemies":"Spheric Guardian","floor":20,"turns":3},{"damage":14,"enemies":"Snake Plant","floor":28,"turns":3},{"damage":38,"enemies":"Snecko","floor":29,"turns":4},{"damage":14,"enemies":"Slavers","floor":31,"turns":2},{"damage":55,"enemies":"Automaton","floor":33,"turns":7},{"damage":0,"enemies":"Orb Walker","floor":35,"turns":3},{"damage":16,"enemies":"Flame Bruiser 1 Orb","floor":41,"turns":4},{"damage":51,"enemies":"Giant Head","floor":46,"turns":8},{"damage":0,"enemies":"4 Shapes","floor":47,"turns":3},{"damage":55,"enemies":"Time Eater","floor":50,"turns":11}],"seed_played":"-2489889639622380905","potions_obtained":[{"floor":1,"key":"Fire Potion"},{"floor":2,"key":"Fire Potion"},{"floor":4,"key":"Fire Potion"},{"floor":13,"key":"AttackPotion"},{"floor":16,"key":"SpeedPotion"},{"floor":18,"key":"LiquidBronze"},{"floor":20,"key":"SpeedPotion"},{"floor":29,"key":"FairyPotion"},{"floor":31,"key":"Energy Potion"},{"floor":35,"key":"Swift Potion"},{"floor":41,"key":"SteroidPotion"}],"is_trial":false,"path_per_floor":["M","M","?","M","T","E","R","E","T","M","?","R","M","M","R","B",null,"M","?","M","?","$","R","$","R","T","R","M","M","?","E","R","B",null,"M","?","$","?","?","R","M","R","T","$","R","E","M","?","R","B"],"character_chosen":"DEFECT","items_purchased":["Pantograph","All For One","Regal Pillow"],"campfire_rested":1,"item_purchase_floors":[22,22,37],"current_hp_per_floor":[74,73,73,73,73,73,73,62,62,62,62,62,62,59,59,55,96,84,84,79,73,73,73,73,73,73,73,59,21,53,39,39,9,96,96,84,84,84,84,84,68,68,68,68,68,17,17,17,59,29],"gold":0,"neow_bonus":"TEN_PERCENT_HP_BONUS","is_prod":false,"is_daily":false,"chose_seed":false,"campfire_upgraded":10,"win_rate":0,"timestamp":1535120027,"path_taken":["M","M","?","M","?","E","R","E","T","M","?","R","M","M","R","BOSS","M","?","M","?","$","R","?","R","T","R","M","?","?","E","R","BOSS","M","?","?","?","?","R","?","R","T","?","R","E","M","?","R","BOSS"],"build_version":"2018-08-23v2","purchased_purges":1,"victory":true,"max_hp_per_floor":[82,82,82,82,82,82,82,82,82,82,82,82,82,82,82,82,96,96,96,96,96,96,96,96,96,96,96,96,96,96,96,96,96,96,96,96,93,93,93,93,93,93,93,93,93,93,93,93,93,93],"card_choices":[{"not_picked":["Rip and Tear","Blizzard"],"picked":"Go for the Eyes","floor":1},{"not_picked":["Rebound","FTL"],"picked":"Beam Cell","floor":2},{"not_picked":["Reprogram","Hologram"],"picked":"Ball Lightning","floor":4},{"not_picked":["Compile Driver","Capacitor"],"picked":"Conserve Battery","floor":6},{"not_picked":["Cold Snap","Redo"],"picked":"White Noise","floor":8},{"not_picked":["Fusion","Coolheaded"],"picked":"Loop","floor":10},{"not_picked":["Compile Driver","Multi-Cast"],"picked":"Turbo","floor":13},{"not_picked":["Leap","Turbo"],"picked":"Undo","floor":14},{"not_picked":["Rainbow","Fission"],"picked":"Electrodynamics","floor":16},{"not_picked":["BootSequence","Turbo","Barrage"],"picked":"Hologram+1","floor":18},{"not_picked":["Hologram","Rebound","Coolheaded+1"],"picked":"Sunder","floor":20},{"not_picked":["Turbo","Ball Lightning+1","Aggregate"],"picked":"Redo+1","floor":28},{"not_picked":["Conserve Battery","Biased Cognition","Beam Cell"],"picked":"Stack+1","floor":29},{"not_picked":["Rainbow","Fusion","Genetic Algorithm"],"picked":"Ball Lightning","floor":31},{"not_picked":["All For One","Fission","Thunder Strike"],"picked":"Echo Form","floor":33},{"not_picked":["Cold Snap+1","Ball Lightning","Skim+1"],"picked":"Rebound","floor":35},{"not_picked":["Coolheaded+1","Sweeping Beam+1","Steam Power"],"picked":"Gash","floor":41},{"not_picked":["Leap+1","Conserve Battery+1","Rebound+1"],"picked":"Reinforced Body+1","floor":46},{"not_picked":["Barrage+1","Tempest+1","Skim+1"],"picked":"Steam+1","floor":47},{"not_picked":["Heatsinks+1","Ball Lightning+1","Steam+1"],"picked":"Tempest+1","floor":49}],"player_experience":650135,"relics_obtained":[{"floor":3,"key":"Bronze Scales"},{"floor":5,"key":"Bag of Preparation"},{"floor":6,"key":"Oddly Smooth Stone"},{"floor":8,"key":"Dream Catcher"},{"floor":9,"key":"Matryoshka"},{"floor":17,"key":"Pen Nib"},{"floor":17,"key":"Question Card"},{"floor":17,"key":"Mango"},{"floor":26,"key":"Art of War"},{"floor":26,"key":"Ancient Tea Set"},{"floor":31,"key":"Letter Opener"},{"floor":43,"key":"Anchor"},{"floor":43,"key":"Toxic Egg 2"},{"floor":46,"key":"Smiling Mask"}],"event_choices":[{"event_name":"Wheel of Change","player_choice":"Relic","floor":3,"damage_taken":0},{"event_name":"Purifier","player_choice":"One Purge","floor":11,"damage_taken":0},{"event_name":"Back to Basics","player_choice":"Elegance","floor":19,"damage_taken":0},{"event_name":"Nest","player_choice":"Joined the Cult","floor":21,"damage_taken":0},{"event_name":"The Library","player_choice":"Heal","floor":30,"damage_taken":0},{"event_name":"Winding Halls","player_choice":"Embrace Madness","floor":36,"damage_taken":0},{"event_name":"Falling","player_choice":"Removed Skill","floor":38,"damage_taken":0},{"event_name":"Match and Keep!","player_choice":"1 cards matched","floor":39,"damage_taken":0},{"event_name":"Tomb of Lord Red Mask","player_choice":"Paid","floor":48,"damage_taken":0}],"is_beta":true,"boss_relics":[{"not_picked":["Busted Crown","Tiny House"],"picked":"Calling Bell"},{"not_picked":["Pandora\u0027s Box","Eternal Feather"],"picked":"Empty Cage"}],"items_purged_floors":[37],"is_endless":false,"potions_floor_spawned":[1,2,4,13,16,18,20,29,31,35,41],"ascension_level":0}