{"gold_per_floor":[117,292,311,129,143,143,43,74,74,74,100,100,100,110,110,210,210,224,240,265,140,140,140,140,140,140,169,169,19,33,43,43,148,148,166,166,166,177,1176,1205,1205,1205,1229,593,603,615,627,641,641,641],"floor_reached":51,"playtime":1141,"items_purged":["Doubt","Strike_R","Defend_R","Defend_R","Normality"],"score":753,"play_id":"04212b54-77e1-4b1a-82f8-ea7400318fc8","local_time":"20190811031209","is_ascension_mode":false,"campfire_choices":[{"data":"Strike_R","floor":6.0,"key":"PURGE"},{"data":"Strike_R","floor":10.0,"key":"PURGE"},{"data":"Strike_R","floor":12.0,"key":"PURGE"},{"data":"Inflame","floor":13.0,"key":"SMITH"},{"data":"Heavy Blade","floor":15.0,"key":"SMITH"},{"data":"Defend_R","floor":23.0,"key":"PURGE"},{"data":"Inflame","floor":25.0,"key":"SMITH"},{"data":"Heavy Blade","floor":32.0,"key":"SMITH"},{"data":"Normality","floor":42,"key":"PURGE"},{"floor":49,"key":"REST"}],"neow_cost":"TEN_PERCENT_HP_LOSS","seed_source_timestamp":789204102819,"circlet_count":0,"master_deck":["Bash","Flex","Inflame+1","Inflame+1","Heavy Blade+1","Inflame","Battle Trance","Immolate","Clash+1","Heavy Blade+1","Necronomicurse","Double Tap","Body Slam+1","Hemokinesis+1","True Grit+1","Flex+1","Master of Strategy","Master of Strategy","Whirlwind+1","Heavy Blade+1","Finesse"],"special_seed":0,"relics":["Burning Blood","Peace Pipe","WingedGreaves","Magic Flower","Kunai","Velvet Choker","Red Mask","Necronomicon","Self Forming Clay","Matryoshka","Astrolabe","Centennial Puzzle","Smiling Mask","Orichalcum","Red Skull","HandDrill","Ancient Tea Set"],"potions_floor_usage":[50],"damage_taken":[{"damage":12.0,"enemies":"Jaw Worm","floor":1.0,"turns":6.0},{"damage":0.0,"enemies":"2 Louse","floor":3.0,"turns":4.0},{"damage":5.0,"enemies":"Small Slimes","floor":5.0,"turns":4.0},{"damage":11.0,"enemies":"Gremlin Nob","floor":8.0,"turns":4.0},{"damage":34.0,"enemies":"3 Sentries","floor":11.0,"turns":8.0},{"damage":6.0,"enemies":"2 Fungi Beasts","floor":14.0,"turns":4.0},{"damage":36.0,"enemies":"Hexaghost","floor":16.0,"turns":8.0},{"damage":0.0,"enemies":"Spheric Guardian","floor":18.0,"turns":2.0},{"damage":19.0,"enemies":"3 Byrds","floor":19.0,"turns":5.0},{"damage":10.0,"enemies":"Masked Bandits","floor":20.0,"turns":3.0},{"damage":16.0,"enemies":"Book of Stabbing","floor":27.0,"turns":3.0},{"damage":0.0,"enemies":"Snecko","floor":30.0,"turns":2.0},{"damage":6.0,"enemies":"Cultist and Chosen","floor":31.0,"turns":3.0},{"damage":16.0,"enemies":"Champ","floor":33.0,"turns":4.0},{"damage":12.0,"enemies":"3 Darklings","floor":35.0,"turns":2.0},{"damage":11.0,"enemies":"3 Shapes","floor":38.0,"turns":2.0},{"damage":35.0,"enemies":"Reptomancer","floor":40.0,"turns":4.0},{"damage":3,"enemies":"Sphere and 2 Shapes","floor":45,"turns":2},{"damage":9,"enemies":"Writhing Mass","floor":46,"turns":2},{"damage":0,"enemies":"Jaw Worm Horde","floor":47,"turns":1},{"damage":6,"enemies":"Spire Growth","floor":48,"turns":2},{"damage":49,"enemies":"Time Eater","floor":50,"turns":4}],"seed_played":"6851535504663190527","potions_obtained":[{"floor":3.0,"key":"Fire Potion"},{"floor":5.0,"key":"SkillPotion"},{"floor":11.0,"key":"AttackPotion"},{"floor":16.0,"key":"GamblersBrew"},{"floor":18.0,"key":"Dexterity Potion"},{"floor":20.0,"key":"GamblersBrew"},{"floor":33.0,"key":"PowerPotion"},{"floor":35.0,"key":"GamblersBrew"},{"floor":40.0,"key":"SpeedPotion"}],"is_trial":false,"path_per_floor":["M","?","M","$","M","R","$","E","T","R","E","R","R","M","R","B",null,"M","M","?","$","?","R","?","R","T","E","?","$","M","M","R","B",null,"M","?","$","M","?","E","?","R","T","$","M","M","M","M","R","B",null],"character_chosen":"IRONCLAD","items_purchased":["Inflame","Heavy Blade","Red Skull","HandDrill","Ancient Tea Set","Finesse"],"campfire_rested":1,"item_purchase_floors":[4,4,44,44,44,44],"current_hp_per_floor":[66,66,72,72,72,72,72,67,67,67,42,42,42,45,45,18,72,72,62,61,61,61,61,45,45,45,38,38,38,47,50,50,43,72,69,59,59,57,57,31,31,31,31,31,37,37,46,49,70,30],"gold":641,"neow_bonus":"ONE_RARE_RELIC","is_prod":false,"is_daily":false,"chose_seed":false,"campfire_upgraded":4,"win_rate":0,"timestamp":1565514729,"path_taken":["M","?","M","$","M","R","$","E","T","R","E","R","R","M","R","BOSS","M","M","?","$","?","R","?","R","T","E","?","$","?","M","R","BOSS","M","?","$","M","?","E","?","R","T","$","?","M","M","M","R","BOSS"],"build_version":"2019-07-17","purchased_purges":5,"victory":true,"max_hp_per_floor":[72,72,72,72,72,72,72,72,72,72,72,72,72,72,72,72,72,72,72,72,72,72,72,72,72,72,72,72,72,72,72,72,72,72,72,72,72,72,72,72,72,72,72,72,72,72,72,72,72,72],"card_choices":[{"not_picked":["Anger","Armaments"],"picked":"Flex","floor":1.0},{"not_picked":["Warcry","Iron Wave"],"picked":"Inflame","floor":3.0},{"not_picked":["Feel No Pain","Power Through","Havoc"],"picked":"SKIP","floor":5.0},{"not_picked":["Offering","Twin Strike"],"picked":"Inflame","floor":8.0},{"not_picked":["Cleave","Flex"],"picked":"Battle Trance","floor":11.0},{"not_picked":["Wild Strike","Clothesline","Clash"],"picked":"SKIP","floor":14.0},{"not_picked":["Berserk","Demon Form"],"picked":"Immolate","floor":16.0},{"not_picked":["Armaments","Clothesline"],"picked":"Clash+1","floor":18.0},{"not_picked":["Ghostly Armor","Wild Strike"],"picked":"Heavy Blade","floor":19.0},{"not_picked":["Shrug It Off","Flex"],"picked":"Wild Strike+1","floor":20.0},{"not_picked":["Flex+1","Demon Form"],"picked":"Double Tap","floor":27.0},{"not_picked":["Headbutt","Body Slam","Warcry"],"picked":"SKIP","floor":30.0},{"not_picked":["Pommel Strike","Sever Soul","Anger"],"picked":"SKIP","floor":31.0},{"not_picked":["Rupture+1","True Grit+1"],"picked":"Flex+1","floor":35.0},{"not_picked":["Panacea","Dramatic Entrance"],"picked":"Master of Strategy","floor":36.0},{"not_picked":["Chrysalis","Swift Strike"],"picked":"Master of Strategy","floor":36.0},{"not_picked":["Clash+1","Anger+1","Cleave"],"picked":"SKIP","floor":38.0},{"not_picked":["Inflame+1","Evolve+1"],"picked":"Whirlwind+1","floor":40.0},{"not_picked":["Headbutt","Carnage","Thunderclap+1"],"picked":"SKIP","floor":45},{"not_picked":["Sword Boomerang+1","Twin Strike","Pommel Strike+1"],"picked":"SKIP","floor":46},{"not_picked":["Bludgeon","Body Slam+1","Reckless Charge"],"picked":"SKIP","floor":47},{"not_picked":["Anger+1","Shrug It Off","Armaments"],"picked":"SKIP","floor":48}],"player_experience":1666670,"relics_obtained":[{"floor":8.0,"key":"WingedGreaves"},{"floor":9.0,"key":"Magic Flower"},{"floor":11.0,"key":"Kunai"},{"floor":20.0,"key":"Red Mask"},{"floor":24.0,"key":"Necronomicon"},{"floor":26.0,"key":"Self Forming Clay"},{"floor":27.0,"key":"Matryoshka"},{"floor":40.0,"key":"Centennial Puzzle"},{"floor":43,"key":"Smiling Mask"},{"floor":43,"key":"Orichalcum"}],"event_choices":[{"damage_healed":0.0,"max_hp_gain":0.0,"max_hp_loss":0.0,"gold_gain":175.0,"event_name":"Liars Game","player_choice":"AGREE","floor":2.0,"gold_loss":0.0,"damage_taken":0.0,"cards_obtained":["Doubt"]},{"damage_healed":0.0,"max_hp_gain":0.0,"max_hp_loss":0.0,"gold_gain":0.0,"event_name":"Masked Bandits","player_choice":"Fought Bandits","floor":20.0,"gold_loss":0.0,"damage_taken":0.0},{"damage_healed":0.0,"max_hp_gain":0.0,"max_hp_loss":0.0,"gold_gain":0.0,"event_name":"Vampires","player_choice":"Ignored","floor":22.0,"gold_loss":0.0,"damage_taken":0.0},{"damage_healed":0.0,"max_hp_gain":0.0,"max_hp_loss":0.0,"gold_gain":0.0,"event_name":"Cursed Tome","player_choice":"Obtained Book","floor":24.0,"gold_loss":0.0,"damage_taken":16.0},{"damage_healed":0.0,"max_hp_gain":0.0,"max_hp_loss":0.0,"gold_gain":0.0,"event_name":"NoteForYourself","player_choice":"Ignored","floor":28.0,"gold_loss":0.0,"damage_taken":0.0},{"damage_healed":0.0,"max_hp_gain":0.0,"max_hp_loss":0.0,"gold_gain":0.0,"event_name":"SensoryStone","player_choice":"Memory 3","floor":36.0,"gold_loss":0.0,"damage_taken":10.0},{"damage_healed":0.0,"max_hp_gain":0.0,"max_hp_loss":0.0,"gold_gain":999.0,"event_name":"MindBloom","player_choice":"Gold","floor":39.0,"gold_loss":0.0,"damage_taken":0.0,"cards_obtained":["Normality","Normality"]},{"damage_healed":0.0,"max_hp_gain":0.0,"max_hp_loss":0.0,"gold_gain":0.0,"event_name":"Duplicator","player_choice":"Copied","floor":41.0,"gold_loss":0.0,"damage_taken":0.0,"cards_obtained":["Heavy Blade"]}],"is_beta":false,"boss_relics":[{"not_picked":["Black Star","Runic Pyramid"],"picked":"Velvet Choker"},{"not_picked":["Pandora\u0027s Box","White Beast Statue"],"picked":"Astrolabe"}],"items_purged_floors":[4,7,21,29,44],"is_endless":false,"potions_floor_spawned":[3,5,11,16,18,20,33,35,40,46],"ascension_level":0}