{"gold_per_floor":[109,109,125,137,151,177,192,224,224,249,265,283,303,330,330,427,427,437,516,527,538,557,583,10,10,10,10,10,30,30,58,58,159,159,171,185,185,285,312,345,345,345,390,390,48,48,68,83,83,83],"floor_reached":51,"playtime":2246,"items_purged":["Defend_B"],"score":960,"play_id":"c484e3e9-0e8b-4aee-a0c1-d639a5d5c8fe","local_time":"20181112010142","is_ascension_mode":true,"campfire_choices":[{"data":"Streamline","floor":15,"key":"SMITH"},{"data":"Hologram","floor":28,"key":"SMITH"},{"floor":32,"key":"REST"},{"floor":41,"key":"REST"},{"floor":44,"key":"REST"},{"data":"Rainbow","floor":46,"key":"SMITH"},{"floor":49,"key":"REST"}],"neow_cost":"NONE","seed_source_timestamp":110972663441369,"circlet_count":0,"master_deck":["Strike_B","Strike_B","Strike_B","Strike_B","Defend_B","Defend_B","Defend_B","Zap","Dualcast","Core Surge+1","Hologram+1","Gash","Go for the Eyes","Redo","Streamline+1","Beam Cell","Rebound","Glacier","Coolheaded","Leap","Melter","White Noise","Rainbow+1","Sunder+1","Stack","Ball Lightning+1","Ball Lightning","Undo","Flash of Steel","Electrodynamics","Turbo","Good Instincts","Gash+1","Conserve Battery+1","Defragment"],"relics":["Cracked Core","FaceOfCleric","Meat on the Bone","Matryoshka","Ornamental Fan","Mercury Hourglass","Letter Opener","Black Star","Vajra","Bottled Flame","Singing Bowl","Darkstone Periapt","Pen Nib","Symbiotic Virus","Gremlin Horn","The Courier","Shuriken","Inserter","Peace Pipe","PreservedInsect","Bag of Marbles","Happy Flower","Blood Vial","Strange Spoon","Whetstone"],"potions_floor_usage":[8,14,18,23,23,33,33,42,50,50,50],"damage_taken":[{"damage":1,"enemies":"Cultist","floor":1,"turns":3},{"damage":0,"enemies":"Small Slimes","floor":3,"turns":3},{"damage":4,"enemies":"2 Louse","floor":4,"turns":2},{"damage":3,"enemies":"2 Fungi Beasts","floor":5,"turns":3},{"damage":23,"enemies":"Gremlin Nob","floor":6,"turns":4},{"damage":19,"enemies":"Blue Slaver","floor":7,"turns":3},{"damage":18,"enemies":"3 Sentries","floor":8,"turns":6},{"damage":32,"enemies":"Lagavulin","floor":10,"turns":6},{"damage":0,"enemies":"Large Slime","floor":11,"turns":2},{"damage":0,"enemies":"Exordium Thugs","floor":12,"turns":4},{"damage":0,"enemies":"Looter","floor":13,"turns":3},{"damage":0,"enemies":"3 Sentries","floor":14,"turns":4},{"damage":13,"enemies":"The Guardian","floor":16,"turns":9},{"damage":6,"enemies":"Shell Parasite","floor":18,"turns":8},{"damage":16,"enemies":"2 Thieves","floor":20,"turns":5},{"damage":10,"enemies":"Chosen and Byrds","floor":21,"turns":5},{"damage":29,"enemies":"3 Cultists","floor":22,"turns":5},{"damage":11,"enemies":"Gremlin Leader","floor":23,"turns":6},{"damage":2,"enemies":"Shelled Parasite and Fungi","floor":29,"turns":4},{"damage":18,"enemies":"Slavers","floor":31,"turns":5},{"damage":62,"enemies":"Champ","floor":33,"turns":11},{"damage":16,"enemies":"Orb Walker","floor":35,"turns":3},{"damage":21,"enemies":"3 Darklings","floor":36,"turns":3},{"damage":6,"enemies":"Mind Bloom Boss Battle","floor":38,"turns":9},{"damage":62,"enemies":"Giant Head","floor":40,"turns":7},{"damage":14,"enemies":"Writhing Mass","floor":47,"turns":5},{"damage":19,"enemies":"Jaw Worm Horde","floor":48,"turns":3},{"damage":38,"enemies":"Awakened One","floor":50,"turns":17}],"seed_played":"-4730331355830100226","potions_obtained":[{"floor":4,"key":"Regen Potion"},{"floor":7,"key":"Weak Potion"},{"floor":8,"key":"SpeedPotion"},{"floor":10,"key":"Dexterity Potion"},{"floor":11,"key":"AttackPotion"},{"floor":20,"key":"Weak Potion"},{"floor":21,"key":"Block Potion"},{"floor":29,"key":"SpeedPotion"},{"floor":33,"key":"GamblersBrew"},{"floor":35,"key":"Ancient Potion"},{"floor":42,"key":"Fruit Juice"},{"floor":42,"key":"SpeedPotion"}],"is_trial":false,"path_per_floor":["M","?","M","M","M","E","M","E","T","E","M","M","M","E","R","B",null,"M","T","M","M","M","E","$","$","T","$","R","M","?","E","R","B",null,"M","M","?","?","T","E","R","?","T","R","$","R","M","M","R","B",null],"character_chosen":"DEFECT","items_purchased":["Undo","Flash of Steel","Pen Nib","Symbiotic Virus","Strange Spoon","Whetstone"],"campfire_rested":4,"item_purchase_floors":[24,24,24,24,45,45],"current_hp_per_floor":[74,74,75,72,70,48,42,52,52,33,46,47,48,49,49,49,87,82,82,67,58,42,46,46,46,46,46,46,59,40,37,68,19,106,91,73,73,68,68,19,52,57,57,92,92,92,81,67,103,68],"gold":83,"neow_bonus":"ONE_RANDOM_RARE_CARD","is_prod":false,"is_daily":false,"chose_seed":false,"campfire_upgraded":3,"win_rate":0,"timestamp":1541973702,"path_taken":["M","?","M","M","M","E","M","E","T","E","M","M","M","E","R","BOSS","M","?","?","?","M","E","?","$","T","$","R","M","?","E","R","BOSS","M","M","?","?","?","E","R","?","T","R","$","R","M","M","R","BOSS"],"build_version":"2018-11-08","purchased_purges":1,"victory":true,"max_hp_per_floor":[75,75,76,77,78,79,80,81,81,82,83,84,85,86,86,87,87,88,88,89,90,91,94,94,94,94,94,94,97,102,105,105,106,106,107,110,110,111,111,112,112,117,117,117,117,117,118,121,121,122],"card_choices":[{"not_picked":["Redo","Heatsinks"],"picked":"Hologram","floor":1},{"not_picked":["Coolheaded","Steam Power"],"picked":"Gash","floor":3},{"not_picked":["Steam Power","Gash"],"picked":"Go for the Eyes","floor":4},{"not_picked":["Amplify","Reinforced Body"],"picked":"Redo","floor":5},{"not_picked":["Beam Cell","White Noise"],"picked":"Streamline","floor":6},{"not_picked":["Stack","Redo"],"picked":"Beam Cell","floor":7},{"not_picked":["Static Discharge","Stack"],"picked":"Rebound","floor":8},{"not_picked":["Chill","Redo"],"picked":"Glacier","floor":10},{"not_picked":["Barrage","Force Field"],"picked":"Coolheaded","floor":11},{"not_picked":["Beam Cell","Machine Learning"],"picked":"Leap","floor":12},{"not_picked":["Steam","Hello World"],"picked":"Melter","floor":13},{"not_picked":["Heatsinks","Double Energy"],"picked":"White Noise","floor":14},{"not_picked":["Hyperbeam","Core Surge"],"picked":"Rainbow","floor":16},{"not_picked":["Gash","Redo"],"picked":"Sunder+1","floor":18},{"not_picked":["Barrage+1","Leap"],"picked":"Stack","floor":20},{"not_picked":["Double Energy+1","Cold Snap"],"picked":"Ball Lightning","floor":21},{"not_picked":["Beam Cell","Cold Snap"],"picked":"Ball Lightning","floor":22},{"not_picked":["Rainbow","Force Field+1","Steam Power+1"],"picked":"Singing Bowl","floor":23},{"not_picked":["Barrage","Consume+1","Self Repair"],"picked":"Singing Bowl","floor":29},{"not_picked":["Doom and Gloom+1","Rebound","Compile Driver+1"],"picked":"Singing Bowl","floor":31},{"not_picked":["Thunder Strike","All For One"],"picked":"Electrodynamics","floor":33},{"not_picked":["Steam","Hello World+1"],"picked":"Turbo","floor":35},{"not_picked":["Steam","Barrage+1","Skim+1"],"picked":"Singing Bowl","floor":36},{"not_picked":["Magnetism","Mind Blast"],"picked":"Good Instincts","floor":37},{"not_picked":["Redo+1","Cold Snap+1"],"picked":"Gash+1","floor":38},{"not_picked":["Reinforced Body","Leap+1"],"picked":"Conserve Battery+1","floor":40},{"not_picked":["Conserve Battery","Steam"],"picked":"Defragment","floor":47},{"not_picked":["Core Surge","Darkness","Streamline"],"picked":"Singing Bowl","floor":48}],"player_experience":898388,"relics_obtained":[{"floor":6,"key":"Meat on the Bone"},{"floor":8,"key":"Matryoshka"},{"floor":9,"key":"Ornamental Fan"},{"floor":10,"key":"Mercury Hourglass"},{"floor":14,"key":"Letter Opener"},{"floor":19,"key":"Vajra"},{"floor":19,"key":"Bottled Flame"},{"floor":23,"key":"Singing Bowl"},{"floor":23,"key":"Darkstone Periapt"},{"floor":26,"key":"Gremlin Horn"},{"floor":31,"key":"The Courier"},{"floor":31,"key":"Shuriken"},{"floor":38,"key":"Peace Pipe"},{"floor":39,"key":"PreservedInsect"},{"floor":40,"key":"Bag of Marbles"},{"floor":40,"key":"Happy Flower"},{"floor":43,"key":"Blood Vial"}],"event_choices":[{"damage_healed":0,"gold_gain":0,"player_choice":"Trade","damage_taken":0,"relics_obtained":["FaceOfCleric"],"max_hp_gain":0,"max_hp_loss":0,"event_name":"FaceTrader","floor":2,"gold_loss":0},{"damage_healed":0,"gold_gain":0,"player_choice":"Shed Blood","damage_taken":24,"max_hp_gain":5,"max_hp_loss":0,"event_name":"Forgotten Altar","floor":30,"gold_loss":0},{"damage_healed":0,"gold_gain":0,"player_choice":"Memory 1","damage_taken":0,"max_hp_gain":0,"max_hp_loss":0,"event_name":"SensoryStone","floor":37,"gold_loss":0},{"damage_healed":0,"gold_gain":0,"player_choice":"Fight","damage_taken":0,"max_hp_gain":0,"max_hp_loss":0,"event_name":"MindBloom","floor":38,"gold_loss":0},{"damage_healed":0,"gold_gain":0,"player_choice":"Got Potions","damage_taken":0,"max_hp_gain":0,"max_hp_loss":0,"event_name":"Lab","floor":42,"gold_loss":0}],"is_beta":true,"boss_relics":[{"not_picked":["Tiny House","FrozenCore"],"picked":"Black Star"},{"not_picked":["Nuclear Battery","Pandora\u0027s Box"],"picked":"Inserter"}],"items_purged_floors":[45],"is_endless":false,"potions_floor_spawned":[4,7,8,10,11,20,21,29,33,35,47],"ascension_level":1}