{"gold_per_floor":[115,115,131,131,206,206,250,270,270,270,284,314,333,354,354,354],"floor_reached":16,"playtime":1118,"items_purged":[],"score":127,"play_id":"1da24303-da47-4d6c-a112-71955056b9fc","local_time":"20180910074322","is_ascension_mode":false,"campfire_choices":[{"data":"Neutralize","floor":6,"key":"SMITH"},{"data":"Dash","floor":10,"key":"SMITH"},{"data":"Dagger Spray","floor":15,"key":"SMITH"}],"neow_cost":"","seed_source_timestamp":422555675493387,"circlet_count":0,"master_deck":["Defend_G","Defend_G","Defend_G","Defend_G","Defend_G","Strike_G","Strike_G","Strike_G","Strike_G","Strike_G","Survivor","Neutralize+1","Slice","Dash+1","Cloak And Dagger","Dagger Spray+1","Heel Hook","Poisoned Stab","Prepared"],"relics":["Ring of the Snake","Golden Idol","Mango","Tough Bandages","Boot"],"potions_floor_usage":[7,16],"damage_taken":[{"damage":0,"enemies":"Jaw Worm","floor":1,"turns":6},{"damage":6,"enemies":"2 Louse","floor":3,"turns":3},{"damage":13,"enemies":"Gremlin Nob","floor":7,"turns":4},{"damage":0,"enemies":"Cultist","floor":8,"turns":4},{"damage":0,"enemies":"Large Slime","floor":11,"turns":4},{"damage":1,"enemies":"3 Louse","floor":13,"turns":3},{"damage":0,"enemies":"Blue Slaver","floor":14,"turns":2},{"damage":58,"enemies":"Slime Boss","floor":16,"turns":9}],"seed_played":"-5293667397106448249","potions_obtained":[{"floor":3,"key":"Poison Potion"},{"floor":11,"key":"Regen Potion"},{"floor":13,"key":"LiquidBronze"}],"is_trial":false,"path_per_floor":["M","?","M","?","?","R","E","M","T","R","M","?","M","M","R"],"character_chosen":"THE_SILENT","items_purchased":[],"campfire_rested":0,"item_purchase_floors":[],"current_hp_per_floor":[70,53,47,52,41,41,42,42,42,42,42,42,41,41,41,0],"gold":354,"neow_bonus":"","is_prod":false,"is_daily":false,"chose_seed":false,"campfire_upgraded":3,"win_rate":0,"timestamp":1536554602,"path_taken":["M","?","?","?","?","R","E","M","T","R","M","?","M","M","R","BOSS"],"build_version":"2018-09-06","purchased_purges":0,"victory":false,"max_hp_per_floor":[70,70,70,75,75,75,89,89,89,89,89,89,89,89,89,89],"card_choices":[{"not_picked":["Quick Slash","Acrobatics"],"picked":"Slice","floor":1},{"not_picked":["Backflip","Bane"],"picked":"Dash","floor":3},{"not_picked":["Night Terror","Blade Dance"],"picked":"Cloak And Dagger","floor":7},{"not_picked":["Eviscerate","Outmaneuver"],"picked":"Dagger Spray","floor":8},{"not_picked":["Acrobatics","Poisoned Stab"],"picked":"Heel Hook","floor":11},{"not_picked":["Quick Slash","Dagger Throw"],"picked":"Poisoned Stab","floor":13},{"not_picked":["Noxious Fumes","Terror"],"picked":"Prepared","floor":14}],"player_experience":681120,"relics_obtained":[{"floor":7,"key":"Mango"},{"floor":9,"key":"Tough Bandages"}],"event_choices":[{"event_name":"Golden Idol","player_choice":"Take Damage","floor":2,"damage_taken":0},{"event_name":"Big Fish","player_choice":"Donut","floor":4,"damage_taken":0},{"event_name":"World of Goop","player_choice":"Gather Gold","floor":5,"damage_taken":0},{"event_name":"Dead Adventurer","player_choice":"Searched \u00273\u0027 times","floor":12,"damage_taken":0}],"is_beta":true,"boss_relics":[],"items_purged_floors":[],"is_endless":false,"potions_floor_spawned":[3,11,13],"killed_by":"Slime Boss","ascension_level":0}