{"gold_per_floor":[114,114,39,53,73,73,98,98,98,128,145,145,156,156,156,258,258,271,546,2,26,38,50,99,137,175,219,251,362,394,331,343,460,472,503,425,451,476,537,549,572,584,596,634,662,709,721,19,19,19,19,19,19,53,53],"floor_reached":56,"playtime":3072,"items_purged":["Parasite","Regret"],"score":1413,"play_id":"3bc1448e-c4cc-4c4d-882e-251db1361036","local_time":"20181116143612","is_ascension_mode":true,"campfire_choices":[{"data":"Hologram","floor":6,"key":"SMITH"},{"floor":15,"key":"REST"},{"data":"Defragment","floor":23,"key":"SMITH"},{"data":"Zap","floor":32,"key":"SMITH"},{"floor":40,"key":"REST"},{"data":"Recycle","floor":42,"key":"SMITH"},{"floor":47,"key":"RECALL"},{"data":"Hologram","floor":49,"key":"SMITH"},{"data":"Dualcast","floor":52,"key":"SMITH"}],"neow_cost":"CURSE","seed_source_timestamp":504199634433368,"circlet_count":0,"master_deck":["Strike_B","Strike_B+1","Defend_B+1","Defend_B","Defend_B+1","Defend_B+1","Zap+1","Dualcast+1","Fission+1","Go for the Eyes","Gash+1","Hologram+1","Sweeping Beam+1","Seek","Gash+1","Defragment+1","All For One+1","Conserve Battery+1","Panacea","Genetic Algorithm","Stack","Sunder+1","Loop+1","Aggregate+1","Machine Learning","Creative AI","Recycle+1","BootSequence","Hologram+1","Beam Cell+1","Panache","Turbo"],"relics":["FrozenCore","Molten Egg 2","War Paint","Lantern","Bronze Scales","Toolbox","MawBank","Ornamental Fan","Unceasing Top","Mercury Hourglass","Busted Crown","Ice Cream","Kunai","Ancient Tea Set","Bag of Preparation","Pantograph","Anchor","Turnip"],"potions_floor_usage":[16,18,25,39,45,50,55],"damage_taken":[{"damage":6,"enemies":"Cultist","floor":1,"turns":5},{"damage":0,"enemies":"Small Slimes","floor":4,"turns":2},{"damage":2,"enemies":"2 Louse","floor":5,"turns":2},{"damage":33,"enemies":"Gremlin Nob","floor":7,"turns":5},{"damage":28,"enemies":"Lagavulin","floor":10,"turns":7},{"damage":0,"enemies":"Large Slime","floor":11,"turns":4},{"damage":0,"enemies":"Exordium Thugs","floor":13,"turns":3},{"damage":16,"enemies":"Slime Boss","floor":16,"turns":7},{"damage":13,"enemies":"2 Thieves","floor":18,"turns":3},{"damage":3,"enemies":"3 Byrds","floor":21,"turns":3},{"damage":0,"enemies":"Cultist and Chosen","floor":24,"turns":6},{"damage":13,"enemies":"Slavers","floor":25,"turns":6},{"damage":10,"enemies":"Gremlin Leader","floor":27,"turns":5},{"damage":0,"enemies":"Snecko","floor":28,"turns":4},{"damage":0,"enemies":"Centurion and Healer","floor":30,"turns":4},{"damage":18,"enemies":"Collector","floor":33,"turns":9},{"damage":0,"enemies":"3 Shapes","floor":35,"turns":4},{"damage":0,"enemies":"Orb Walker","floor":37,"turns":3},{"damage":0,"enemies":"3 Darklings","floor":38,"turns":5},{"damage":40,"enemies":"2 Orb Walkers","floor":39,"turns":6},{"damage":0,"enemies":"Writhing Mass","floor":41,"turns":5},{"damage":0,"enemies":"Reptomancer","floor":44,"turns":5},{"damage":0,"enemies":"Transient","floor":45,"turns":5},{"damage":0,"enemies":"Giant Head","floor":46,"turns":5},{"damage":27,"enemies":"Time Eater","floor":50,"turns":10},{"damage":0,"enemies":"Shield and Spear","floor":54,"turns":3},{"damage":31,"enemies":"The Heart","floor":55,"turns":8}],"seed_played":"1354059229193782188","potions_obtained":[{"floor":1,"key":"SneckoOil"},{"floor":10,"key":"FearPotion"},{"floor":13,"key":"Poison Potion"},{"floor":21,"key":"Swift Potion"},{"floor":35,"key":"Block Potion"},{"floor":37,"key":"AttackPotion"},{"floor":39,"key":"Swift Potion"},{"floor":46,"key":"SmokeBomb"}],"is_trial":false,"path_per_floor":["M","T","$","M","M","R","E","?","T","E","M","?","M","?","R","B",null,"M","?","$","M","?","R","M","E","T","E","M","?","M","?","R","B",null,"M","?","M","M","?","R","M","R","T","E","M","E","R","$","R","B",null,"R","$","E","B",null],"character_chosen":"DEFECT","items_purchased":["Toolbox","Panacea","MawBank","Pantograph","Beam Cell+1","Panache","Anchor","PowerPotion","Turbo"],"campfire_rested":2,"item_purchase_floors":[20,20,20,48,48,48,48,48,48],"current_hp_per_floor":[69,69,69,69,67,67,34,34,34,6,6,30,30,16,37,21,72,59,59,59,56,56,56,56,43,43,33,33,33,33,33,33,15,72,72,72,72,72,32,53,53,53,53,53,53,53,53,53,53,45,72,72,72,72,41],"gold":53,"neow_bonus":"THREE_RARE_CARDS","is_prod":false,"is_daily":false,"chose_seed":false,"campfire_upgraded":6,"win_rate":0,"timestamp":1542368172,"path_taken":["M","?","$","M","M","R","E","?","T","E","?","?","M","?","R","BOSS","M","?","?","M","?","R","M","E","T","E","M","?","?","?","R","BOSS","M","?","M","?","?","R","M","R","T","E","M","E","R","$","R","BOSS","R","$","E","BOSS"],"build_version":"2018-11-15","purchased_purges":2,"victory":true,"max_hp_per_floor":[75,75,72,72,72,72,72,72,72,72,72,72,72,72,72,72,72,72,72,72,72,72,72,72,72,72,72,72,72,72,72,72,72,72,72,72,72,72,72,72,72,72,72,72,72,72,72,72,72,72,72,72,72,72,72],"card_choices":[{"not_picked":["Reboot","Machine Learning"],"picked":"Fission","floor":0},{"not_picked":["Compile Driver","Genetic Algorithm"],"picked":"Go for the Eyes","floor":1},{"not_picked":["White Noise","Go for the Eyes+1"],"picked":"Gash+1","floor":4},{"not_picked":["Heatsinks","Barrage+1"],"picked":"Hologram","floor":5},{"not_picked":["White Noise","Conserve Battery"],"picked":"Sweeping Beam+1","floor":7},{"not_picked":["Chaos","Hologram"],"picked":"Seek","floor":10},{"not_picked":["Coolheaded","Ball Lightning+1"],"picked":"Gash+1","floor":11},{"not_picked":["Streamline+1","Gash+1"],"picked":"Defragment","floor":13},{"not_picked":["Hyperbeam+1","Meteor Strike+1"],"picked":"All For One+1","floor":16},{"not_picked":["Compile Driver+1","Streamline+1"],"picked":"Conserve Battery+1","floor":18},{"not_picked":["Streamline+1","Coolheaded+1"],"picked":"Genetic Algorithm","floor":21},{"not_picked":["Go for the Eyes+1","Darkness"],"picked":"Stack","floor":24},{"not_picked":["Stack","Seek"],"picked":"Sunder+1","floor":25},{"not_picked":["Self Repair","Stack+1"],"picked":"Loop+1","floor":27},{"not_picked":["Sweeping Beam+1","Leap"],"picked":"Aggregate+1","floor":28},{"not_picked":["Ball Lightning+1","Leap"],"picked":"Machine Learning","floor":30},{"not_picked":["Thunder Strike+1","Rainbow"],"picked":"Creative AI","floor":33},{"not_picked":[],"picked":"Recycle","floor":35},{"not_picked":["Sweeping Beam+1"],"picked":"SKIP","floor":37},{"not_picked":[],"picked":"BootSequence","floor":38},{"not_picked":[],"picked":"Hologram","floor":41},{"not_picked":["Coolheaded+1"],"picked":"SKIP","floor":44},{"not_picked":["Sunder+1"],"picked":"SKIP","floor":45},{"not_picked":["Force Field"],"picked":"SKIP","floor":46},{"not_picked":["Compile Driver+1"],"picked":"SKIP","floor":54}],"player_experience":910114,"relics_obtained":[{"floor":2,"key":"Molten Egg 2"},{"floor":7,"key":"War Paint"},{"floor":9,"key":"Lantern"},{"floor":10,"key":"Bronze Scales"},{"floor":25,"key":"Unceasing Top"},{"floor":27,"key":"Mercury Hourglass"},{"floor":39,"key":"Ice Cream"},{"floor":43,"key":"Kunai"},{"floor":44,"key":"Ancient Tea Set"},{"floor":46,"key":"Bag of Preparation"},{"floor":54,"key":"Turnip"}],"event_choices":[{"cards_removed":["Strike_B"],"damage_healed":0,"gold_gain":0,"player_choice":"Offered Basic","damage_taken":0,"max_hp_gain":0,"max_hp_loss":0,"event_name":"Bonfire Elementals","floor":8,"gold_loss":0},{"damage_healed":24,"gold_gain":0,"player_choice":"Banana","damage_taken":0,"max_hp_gain":0,"max_hp_loss":0,"event_name":"Big Fish","floor":12,"gold_loss":0},{"damage_healed":0,"gold_gain":0,"player_choice":"Entered Light","damage_taken":14,"max_hp_gain":0,"max_hp_loss":0,"event_name":"Shining Light","floor":14,"gold_loss":0,"cards_upgraded":["Strike_B","Fission"]},{"damage_healed":0,"gold_gain":275,"player_choice":"Desecrate","damage_taken":0,"max_hp_gain":0,"max_hp_loss":0,"event_name":"Golden Shrine","floor":19,"gold_loss":0,"cards_obtained":["Regret"]},{"damage_healed":0,"gold_gain":0,"player_choice":"Opened","damage_taken":0,"relics_obtained":["Ornamental Fan"],"max_hp_gain":0,"max_hp_loss":0,"event_name":"The Mausoleum","floor":22,"gold_loss":0,"cards_obtained":["Writhe"]},{"damage_healed":0,"gold_gain":99,"player_choice":"Stole From Cult","damage_taken":0,"max_hp_gain":0,"max_hp_loss":0,"event_name":"Nest","floor":29,"gold_loss":0},{"cards_removed":["Writhe"],"damage_healed":0,"gold_gain":0,"player_choice":"Gave Gold","damage_taken":0,"max_hp_gain":0,"max_hp_loss":0,"event_name":"Beggar","floor":31,"gold_loss":75},{"cards_removed":["Strike_B"],"damage_healed":0,"gold_gain":0,"player_choice":"Upgrade and Remove","damage_taken":0,"max_hp_gain":0,"max_hp_loss":0,"event_name":"Designer","floor":36,"gold_loss":90,"cards_upgraded":["Defend_B"]},{"damage_healed":0,"gold_gain":0,"player_choice":"Fight","damage_taken":0,"max_hp_gain":0,"max_hp_loss":0,"event_name":"Mysterious Sphere","floor":39,"gold_loss":0}],"is_beta":true,"boss_relics":[{"not_picked":["Black Star","Astrolabe"],"picked":"FrozenCore"},{"not_picked":["Runic Dome","Snecko Eye"],"picked":"Busted Crown"}],"items_purged_floors":[3,20],"is_endless":false,"potions_floor_spawned":[1,10,13,21,35,37,39,46],"ascension_level":1}