{"gold_per_floor":[111,111,36,36,36,77,77,77,146,179,179,198,1,1,1,132,132,102,102,102,102,102,102,102,102,102,102,102,102,102,102,102,102,102,102,102,23,23,23,23,23,23,23,23,23,0,0,0,0,0],"floor_reached":51,"playtime":705,"items_purged":["Defend_R","Strike_R"],"score":750,"play_id":"31b1cba6-7122-4748-8bde-5c065a291cac","local_time":"20190915221419","is_ascension_mode":false,"campfire_choices":[{"data":"Bash","floor":8,"key":"SMITH"},{"data":"Cleave","floor":11,"key":"SMITH"},{"data":"Whirlwind","floor":15,"key":"SMITH"},{"data":"Uppercut","floor":23,"key":"SMITH"},{"data":"Double Tap","floor":25,"key":"SMITH"},{"data":"Seeing Red","floor":30,"key":"SMITH"},{"data":"Sword Boomerang","floor":32,"key":"SMITH"},{"floor":47,"key":"REST"},{"floor":49,"key":"REST"}],"neow_cost":"NONE","seed_source_timestamp":11332994587018,"circlet_count":0,"master_deck":["Strike_R","Defend_R","Defend_R","Defend_R","Bash+1","Headbutt","Sword Boomerang+1","Cleave+1","Uppercut+1","Flex+1","Whirlwind+1","Double Tap+1","Twin Strike+1","Seeing Red+1","True Grit+1","Sword Boomerang+1","Limit Break","Whirlwind","Reckless Charge","Heavy Blade","Heavy Blade+1","True Grit+1"],"relics":["Burning Blood","NeowsBlessing","Vajra","Golden Idol","Charon\u0027s Ashes","PreservedInsect","Paper Frog","Matryoshka","Ectoplasm","MawBank","InkBottle","Pantograph","Runic Dome","Happy Flower","Toxic Egg 2","Red Mask"],"potions_floor_usage":[22,28,40,45,50,50,50],"damage_taken":[{"damage":0,"enemies":"Jaw Worm","floor":1,"turns":1},{"damage":0,"enemies":"3 Sentries","floor":6,"turns":1},{"damage":0,"enemies":"Gremlin Nob","floor":10,"turns":1},{"damage":0,"enemies":"2 Louse","floor":12,"turns":1},{"damage":16,"enemies":"Slime Boss","floor":16,"turns":6},{"damage":15,"enemies":"2 Thieves","floor":18,"turns":2},{"damage":15,"enemies":"Shell Parasite","floor":19,"turns":3},{"damage":6,"enemies":"3 Cultists","floor":21,"turns":3},{"damage":17,"enemies":"Centurion and Healer","floor":22,"turns":2},{"damage":0,"enemies":"Snecko","floor":24,"turns":2},{"damage":16,"enemies":"Book of Stabbing","floor":28,"turns":3},{"damage":0,"enemies":"Cultist and Chosen","floor":31,"turns":3},{"damage":20,"enemies":"Automaton","floor":33,"turns":5},{"damage":39,"enemies":"3 Shapes","floor":35,"turns":2},{"damage":8,"enemies":"3 Darklings","floor":38,"turns":2},{"damage":25,"enemies":"4 Shapes","floor":40,"turns":2},{"damage":0,"enemies":"Transient","floor":41,"turns":5},{"damage":0,"enemies":"Jaw Worm Horde","floor":42,"turns":1},{"damage":28,"enemies":"Writhing Mass","floor":45,"turns":4},{"damage":12,"enemies":"Spire Growth","floor":48,"turns":3},{"damage":66,"enemies":"Donu and Deca","floor":50,"turns":5}],"seed_played":"624211569971295890","potions_obtained":[{"floor":6,"key":"SteroidPotion"},{"floor":12,"key":"Weak Potion"},{"floor":19,"key":"BloodPotion"},{"floor":22,"key":"SkillPotion"},{"floor":28,"key":"Strength Potion"},{"floor":31,"key":"SkillPotion"},{"floor":40,"key":"LiquidBronze"},{"floor":45,"key":"Fire Potion"}],"is_trial":false,"path_per_floor":["M","?","$","?","?","E","?","R","T","E","R","M","$","?","R","B",null,"M","M","?","M","M","R","M","R","T","$","E","$","R","M","R","B",null,"M","?","$","M","?","M","M","M","T","$","M","?","R","M","R","B",null],"character_chosen":"IRONCLAD","items_purchased":["Flex","Whirlwind","Whirlwind"],"campfire_rested":2,"item_purchase_floors":[13,13,37],"current_hp_per_floor":[80,68,68,61,61,67,67,67,67,73,73,74,74,74,74,64,74,65,56,56,56,45,45,51,51,51,51,59,59,59,65,65,60,74,41,41,41,39,39,20,26,32,32,32,10,10,32,26,48,13],"gold":0,"neow_bonus":"THREE_ENEMY_KILL","is_prod":false,"is_daily":false,"chose_seed":false,"campfire_upgraded":7,"win_rate":0,"timestamp":1568607259,"path_taken":["M","?","$","?","?","E","?","R","T","E","R","?","$","?","R","BOSS","M","?","?","?","M","R","M","R","T","?","E","$","R","M","R","BOSS","M","?","$","?","?","?","M","M","T","$","?","?","R","M","R","BOSS"],"build_version":"2019-09-12","purchased_purges":2,"victory":true,"max_hp_per_floor":[80,80,80,80,74,74,74,74,74,74,74,74,74,74,74,74,74,74,74,74,74,74,74,74,74,74,74,74,74,74,74,74,74,74,74,74,74,74,74,74,74,74,74,74,74,74,74,74,74,74],"card_choices":[{"not_picked":["Pommel Strike","Cleave"],"picked":"Headbutt","floor":1},{"not_picked":["Wild Strike","Headbutt"],"picked":"Sword Boomerang","floor":6},{"not_picked":["Perfected Strike","Carnage"],"picked":"Cleave","floor":10},{"not_picked":["Armaments","Corruption"],"picked":"Uppercut","floor":12},{"not_picked":["Offering","Impervious"],"picked":"Double Tap","floor":16},{"not_picked":["Sentinel","Blood for Blood"],"picked":"Twin Strike+1","floor":18},{"not_picked":["Cleave+1","Heavy Blade","Feel No Pain"],"picked":"SKIP","floor":19},{"not_picked":["Shockwave","Uppercut"],"picked":"True Grit+1","floor":21},{"not_picked":["Pommel Strike+1","Rampage"],"picked":"Sword Boomerang+1","floor":22},{"not_picked":["Feel No Pain+1","Uppercut","Sword Boomerang"],"picked":"SKIP","floor":24},{"not_picked":["Offering","Iron Wave+1","Clash"],"picked":"SKIP","floor":28},{"not_picked":["Iron Wave","Pommel Strike","Clash"],"picked":"SKIP","floor":31},{"not_picked":["Offering","Brutality"],"picked":"Limit Break","floor":33},{"not_picked":["Intimidate","Rage","Iron Wave+1"],"picked":"SKIP","floor":35},{"not_picked":["Pommel Strike+1","Corruption","Body Slam+1"],"picked":"SKIP","floor":38},{"not_picked":["Entrench+1","Iron Wave","Havoc+1"],"picked":"SKIP","floor":40},{"not_picked":["Warcry+1","Rupture","Clothesline+1"],"picked":"SKIP","floor":41},{"not_picked":["Headbutt","True Grit"],"picked":"Heavy Blade","floor":42},{"not_picked":["Exhume+1","Havoc+1"],"picked":"Heavy Blade+1","floor":45},{"not_picked":["Havoc+1","Pummel"],"picked":"True Grit+1","floor":48}],"player_experience":1536481,"relics_obtained":[{"floor":6,"key":"Charon\u0027s Ashes"},{"floor":9,"key":"Paper Frog"},{"floor":10,"key":"Matryoshka"},{"floor":26,"key":"MawBank"},{"floor":26,"key":"InkBottle"},{"floor":28,"key":"Pantograph"},{"floor":43,"key":"Happy Flower"},{"floor":43,"key":"Toxic Egg 2"}],"event_choices":[{"damage_healed":0,"gold_gain":0,"player_choice":"Success","damage_taken":12,"relics_obtained":["Vajra"],"max_hp_gain":0,"max_hp_loss":0,"event_name":"Scrap Ooze","floor":2,"gold_loss":0},{"cards_removed":["Strike_R"],"damage_healed":0,"gold_gain":0,"player_choice":"Card Removal","damage_taken":7,"max_hp_gain":0,"max_hp_loss":0,"event_name":"Golden Wing","floor":4,"gold_loss":0},{"damage_healed":0,"gold_gain":0,"player_choice":"Lose Max HP","damage_taken":0,"relics_obtained":["Golden Idol"],"max_hp_gain":0,"max_hp_loss":6,"event_name":"Golden Idol","floor":5,"gold_loss":0},{"damage_healed":0,"gold_gain":0,"player_choice":"Gave Potion","damage_taken":0,"relics_obtained":["PreservedInsect"],"max_hp_gain":0,"max_hp_loss":0,"event_name":"WeMeetAgain","floor":7,"gold_loss":0},{"damage_healed":0,"gold_gain":0,"player_choice":"Upgraded","damage_taken":0,"max_hp_gain":0,"max_hp_loss":0,"event_name":"Upgrade Shrine","floor":14,"gold_loss":0,"cards_upgraded":["Flex"]},{"damage_healed":0,"gold_gain":0,"cards_transformed":["Strike_R"],"player_choice":"Transformed","damage_taken":0,"max_hp_gain":0,"max_hp_loss":0,"event_name":"Transmorgrifier","floor":20,"gold_loss":0,"cards_obtained":["Seeing Red"]},{"damage_healed":0,"gold_gain":300,"player_choice":"Gold","damage_taken":0,"max_hp_gain":0,"max_hp_loss":0,"event_name":"Wheel of Change","floor":36,"gold_loss":0},{"damage_healed":0,"gold_gain":0,"cards_transformed":["Strike_R"],"player_choice":"Transformed","damage_taken":0,"max_hp_gain":0,"max_hp_loss":0,"event_name":"Transmorgrifier","floor":39,"gold_loss":0,"cards_obtained":["Reckless Charge"]},{"damage_healed":0,"gold_gain":0,"player_choice":"Paid","damage_taken":0,"relics_obtained":["Red Mask"],"max_hp_gain":0,"max_hp_loss":0,"event_name":"Tomb of Lord Red Mask","floor":46,"gold_loss":23}],"is_beta":true,"boss_relics":[{"not_picked":["Mark of Pain","Empty Cage"],"picked":"Ectoplasm"},{"not_picked":["SacredBark","Calling Bell"],"picked":"Runic Dome"}],"items_purged_floors":[3,13],"is_endless":false,"potions_floor_spawned":[6,12,19,22,28,31,40,45],"ascension_level":0}