{"gold_per_floor":[112,112,112,112,128,154,184,184,210,237,237,237,267,39,39,135,135,146,146,146,245,255,288,316,344,344,344,344,344,373,406,406,502,502,517,517,517,536,536,536,536,569,595,625,286,286,286,317,317,317],"floor_reached":51,"playtime":2967,"items_purged":["Defend_P","Defend_P"],"score":1172,"play_id":"5ca7c8ea-6945-4a25-a58e-e846de9111fa","local_time":"20190918144448","daily_mods":["Vintage","Heirloom","Time Dilation","Flight"],"is_ascension_mode":true,"campfire_choices":[{"floor":8,"key":"REST"},{"data":"PathToVictory","floor":11,"key":"SMITH"},{"data":"Demon Form","floor":15,"key":"SMITH"},{"data":"DevaForm","floor":27,"key":"SMITH"},{"data":"Alpha","floor":28,"key":"SMITH"},{"data":"MasterReality","floor":29,"key":"SMITH"},{"data":"PathToVictory","floor":32,"key":"SMITH"},{"data":"DevaForm","floor":40,"key":"SMITH"},{"data":"PathToVictory","floor":41,"key":"SMITH"},{"data":"BattleHymn","floor":47,"key":"SMITH"},{"data":"Wraith Form v2","floor":49,"key":"SMITH"}],"neow_cost":"","seed_source_timestamp":181914252890600,"circlet_count":0,"master_deck":["Demon Form+1","Wraith Form v2+1","Echo Form+1","Eruption","Vigilance","CutThroughFate","FlurryOfBlows","PathToVictory+1","MentalFortress","EmptyBody","MasterReality+1","Alpha+1","CurseOfTheBell","Evaluate","PathToVictory+1","Ghostly","Ghostly","Ghostly","Ghostly","Ghostly","Wireheading","DevaForm+1","DevaForm+1","PathToVictory+1","ForeignInfluence+1","BattleHymn+1","Collect","Fasting"],"relics":["PureWater","Turnip","Toy Ornithopter","Ancient Tea Set","Happy Flower","Akabeko","Dream Catcher","Melange","Kunai","Darkstone Periapt","Calling Bell","Art of War","Blue Candle","CaptainsWheel","Prayer Wheel","Matryoshka","Unceasing Top","Eternal Feather","Lantern","Bag of Marbles","Singing Bowl","Orichalcum","Pocketwatch","Coffee Dripper","CloakClasp","Vajra","MealTicket","PreservedInsect","Oddly Smooth Stone","Sundial","Strawberry"],"potions_floor_usage":[10,23,23,50,50],"damage_taken":[{"damage":2,"enemies":"2 Louse","floor":1,"turns":3},{"damage":4,"enemies":"Small Slimes","floor":5,"turns":6},{"damage":22,"enemies":"3 Sentries","floor":6,"turns":4},{"damage":0,"enemies":"Lagavulin","floor":7,"turns":6},{"damage":12,"enemies":"Gremlin Nob","floor":10,"turns":4},{"damage":18,"enemies":"3 Sentries","floor":13,"turns":6},{"damage":13,"enemies":"Hexaghost","floor":16,"turns":6},{"damage":22,"enemies":"Chosen","floor":18,"turns":7},{"damage":1,"enemies":"Spheric Guardian","floor":22,"turns":7},{"damage":7,"enemies":"Book of Stabbing","floor":23,"turns":7},{"damage":5,"enemies":"Gremlin Leader","floor":24,"turns":7},{"damage":15,"enemies":"Book of Stabbing","floor":25,"turns":7},{"damage":21,"enemies":"Slavers","floor":30,"turns":6},{"damage":0,"enemies":"Book of Stabbing","floor":31,"turns":6},{"damage":3,"enemies":"Champ","floor":33,"turns":10},{"damage":29,"enemies":"3 Shapes","floor":35,"turns":6},{"damage":0,"enemies":"3 Darklings","floor":38,"turns":6},{"damage":0,"enemies":"Nemesis","floor":42,"turns":7},{"damage":0,"enemies":"Giant Head","floor":44,"turns":7},{"damage":0,"enemies":"Reptomancer","floor":48,"turns":7},{"damage":1,"enemies":"Awakened One","floor":50,"turns":8}],"seed_played":"-3434494161703171085","potions_obtained":[{"floor":1,"key":"SpeedPotion"},{"floor":7,"key":"PowerPotion"},{"floor":10,"key":"PowerPotion"},{"floor":22,"key":"Energy Potion"},{"floor":23,"key":"SteroidPotion"},{"floor":24,"key":"FearPotion"},{"floor":42,"key":"Energy Potion"}],"is_trial":true,"path_per_floor":["M","?","?","?","M","E","E","R","T","E","R","?","E","$","R","B",null,"M","?","?","?","M","E","E","E","T","R","R","R","E","E","R","B",null,"M","?","?","M","?","R","R","E","T","E","$","?","R","E","R","B",null],"character_chosen":"WATCHER","items_purchased":["MasterReality","BattleHymn","Collect"],"campfire_rested":1,"item_purchase_floors":[14,45,45],"current_hp_per_floor":[63,63,51,51,47,25,25,44,44,37,37,42,24,24,24,11,76,54,54,38,38,37,36,31,16,16,31,38,38,19,21,36,33,42,13,13,13,13,13,28,42,44,44,44,44,44,44,51,51,51],"gold":317,"neow_bonus":"","is_prod":false,"is_daily":false,"chose_seed":false,"campfire_upgraded":10,"win_rate":0,"timestamp":1568807088,"path_taken":["M","?","?","?","?","E","E","R","T","E","R","?","E","$","R","BOSS","M","?","?","?","?","E","E","E","T","R","R","R","E","E","R","BOSS","M","?","?","?","?","R","R","E","T","E","?","?","R","E","R","BOSS"],"build_version":"2019-09-17","purchased_purges":2,"victory":true,"max_hp_per_floor":[65,65,65,65,65,65,65,65,65,65,65,70,70,70,70,70,76,76,76,38,38,38,38,38,38,38,38,38,38,40,42,42,42,42,42,42,42,42,42,42,42,44,44,44,44,44,44,51,51,51],"card_choices":[{"not_picked":["Worship","EmptyMind"],"picked":"CutThroughFate","floor":6},{"not_picked":["Halt","EmptyMind"],"picked":"FlurryOfBlows","floor":7},{"not_picked":["CutThroughFate","Devotion"],"picked":"PathToVictory","floor":8},{"not_picked":["ForeignInfluence","Worship"],"picked":"MentalFortress","floor":10},{"not_picked":["Crescendo","WaveOfTheHand"],"picked":"EmptyBody","floor":13},{"not_picked":["FlowState","Omniscience"],"picked":"Alpha","floor":16},{"not_picked":["Blasphemy","Crescendo"],"picked":"Wireheading","floor":23},{"not_picked":["Weave","TalkToTheHand"],"picked":"DevaForm","floor":24},{"not_picked":["Wireheading","Consecrate","CrushJoints"],"picked":"SKIP","floor":25},{"not_picked":["BowlingBash","FlyingSleeves","Wallop"],"picked":"Singing Bowl","floor":30},{"not_picked":["Crescendo","FollowUp+1","SashWhip"],"picked":"Singing Bowl","floor":31},{"not_picked":["Nirvana","Pray"],"picked":"DevaForm","floor":33},{"not_picked":["CrushJoints+1","ClearTheMind+1","InnerPeace+1"],"picked":"Singing Bowl","floor":42},{"not_picked":["Worship","DeceiveReality"],"picked":"ForeignInfluence+1","floor":44},{"not_picked":["Protect+1","ClearTheMind"],"picked":"Fasting","floor":48}],"player_experience":298213,"relics_obtained":[{"floor":1,"key":"Toy Ornithopter"},{"floor":5,"key":"Happy Flower"},{"floor":6,"key":"Akabeko"},{"floor":7,"key":"Dream Catcher"},{"floor":9,"key":"Melange"},{"floor":10,"key":"Kunai"},{"floor":13,"key":"Darkstone Periapt"},{"floor":17,"key":"Art of War"},{"floor":17,"key":"Blue Candle"},{"floor":17,"key":"CaptainsWheel"},{"floor":18,"key":"Prayer Wheel"},{"floor":22,"key":"Matryoshka"},{"floor":23,"key":"Unceasing Top"},{"floor":24,"key":"Eternal Feather"},{"floor":25,"key":"Lantern"},{"floor":26,"key":"Bag of Marbles"},{"floor":26,"key":"Singing Bowl"},{"floor":30,"key":"Orichalcum"},{"floor":31,"key":"Pocketwatch"},{"floor":35,"key":"CloakClasp"},{"floor":38,"key":"Vajra"},{"floor":42,"key":"MealTicket"},{"floor":43,"key":"PreservedInsect"},{"floor":43,"key":"Oddly Smooth Stone"},{"floor":44,"key":"Sundial"},{"floor":48,"key":"Strawberry"}],"event_choices":[{"damage_healed":0,"gold_gain":0,"player_choice":"Grow","damage_taken":0,"max_hp_gain":0,"max_hp_loss":0,"event_name":"Living Wall","floor":2,"gold_loss":0,"cards_upgraded":["Echo Form"]},{"damage_healed":0,"gold_gain":0,"player_choice":"Success","damage_taken":12,"relics_obtained":["Ancient Tea Set"],"max_hp_gain":0,"max_hp_loss":0,"event_name":"Scrap Ooze","floor":3,"gold_loss":0},{"cards_removed":["Strike_P"],"damage_healed":0,"gold_gain":0,"player_choice":"Purged","damage_taken":0,"max_hp_gain":0,"max_hp_loss":0,"event_name":"Purifier","floor":4,"gold_loss":0},{"damage_healed":0,"gold_gain":0,"player_choice":"Donut","damage_taken":0,"max_hp_gain":5,"max_hp_loss":0,"event_name":"Big Fish","floor":12,"gold_loss":0},{"damage_healed":0,"gold_gain":0,"cards_transformed":["Strike_P","Strike_P"],"player_choice":"Became Test Subject","damage_taken":0,"max_hp_gain":0,"max_hp_loss":0,"event_name":"Drug Dealer","floor":19,"gold_loss":0,"cards_obtained":["Evaluate","PathToVictory"]},{"damage_healed":0,"gold_gain":0,"player_choice":"Became a Ghost","damage_taken":0,"max_hp_gain":0,"max_hp_loss":38,"event_name":"Ghosts","floor":20,"gold_loss":0,"cards_obtained":["Ghostly","Ghostly","Ghostly","Ghostly","Ghostly"]},{"damage_healed":0,"gold_gain":99,"player_choice":"Stole From Cult","damage_taken":0,"max_hp_gain":0,"max_hp_loss":0,"event_name":"Nest","floor":21,"gold_loss":0},{"damage_healed":0,"gold_gain":0,"player_choice":"Ignored","damage_taken":0,"max_hp_gain":0,"max_hp_loss":0,"event_name":"Tomb of Lord Red Mask","floor":36,"gold_loss":0},{"cards_removed":["Strike_P"],"damage_healed":0,"gold_gain":0,"player_choice":"Purged","damage_taken":0,"max_hp_gain":0,"max_hp_loss":0,"event_name":"Purifier","floor":37,"gold_loss":0},{"damage_healed":0,"gold_gain":0,"cards_transformed":["Defend_P"],"player_choice":"Transformed","damage_taken":0,"max_hp_gain":0,"max_hp_loss":0,"event_name":"Transmorgrifier","floor":39,"gold_loss":0,"cards_obtained":["PathToVictory"]},{"cards_removed":["Defend_P"],"damage_healed":0,"gold_gain":0,"player_choice":"Removed Skill","damage_taken":0,"max_hp_gain":0,"max_hp_loss":0,"event_name":"Falling","floor":46,"gold_loss":0}],"is_beta":true,"boss_relics":[{"not_picked":["Astrolabe","Busted Crown"],"picked":"Calling Bell"},{"not_picked":["VioletLotus","Fusion Hammer"],"picked":"Coffee Dripper"}],"items_purged_floors":[14,45],"is_endless":false,"potions_floor_spawned":[1,7,10,22,23,24,33,42],"ascension_level":1}