{"gold_per_floor":[110,124,142,154,165,165,196,196,221,234,184,195,212,223,223,320,320,335,335,335,345,620,620,636,235,258,269,289,389,488,488],"floor_reached":31,"playtime":2245,"items_purged":["Regret"],"score":243,"play_id":"f7f0884f-2d5c-4bd0-8d3a-bb2f0977e002","local_time":"20190905030316","is_ascension_mode":false,"campfire_choices":[{"data":"Zap","floor":6,"key":"SMITH"},{"data":"Fusion","floor":8,"key":"SMITH"},{"data":"Defragment","floor":15,"key":"SMITH"},{"data":"Fusion","floor":23,"key":"SMITH"}],"neow_cost":"NONE","seed_source_timestamp":0,"circlet_count":0,"master_deck":["Strike_B","Strike_B","Strike_B","Defend_B","Defend_B","Defend_B","Defend_B","Zap+1","Dualcast","Machine Learning","Fusion+1","Conserve Battery","Steam","Steam","Fusion+1","Cold Snap","Cold Snap","Lockon","Defragment+1","Ball Lightning","Machine Learning","FTL+1","Writhe","Cold Snap","Steam","Coolheaded","Blizzard","Doom and Gloom+1"],"special_seed":0,"relics":["Cracked Core","Shuriken","Smiling Mask","Busted Crown","Anchor","Enchiridion","Bottled Tornado","Art of War","Thread and Needle","Singing Bowl"],"potions_floor_usage":[4,21,21],"damage_taken":[{"damage":0.0,"enemies":"Cultist","floor":1.0,"turns":3.0},{"damage":2.0,"enemies":"Jaw Worm","floor":2.0,"turns":5.0},{"damage":7,"enemies":"Small Slimes","floor":3,"turns":3},{"damage":0,"enemies":"2 Fungi Beasts","floor":4,"turns":4},{"damage":2,"enemies":"Exordium Thugs","floor":5,"turns":5},{"damage":13,"enemies":"Lagavulin","floor":7,"turns":7},{"damage":7,"enemies":"Blue Slaver","floor":10,"turns":3},{"damage":0,"enemies":"Looter","floor":12,"turns":4},{"damage":3,"enemies":"3 Louse","floor":13,"turns":3},{"damage":1,"enemies":"Blue Slaver","floor":14,"turns":3},{"damage":9,"enemies":"The Guardian","floor":16,"turns":10},{"damage":7,"enemies":"Shell Parasite","floor":18,"turns":4},{"damage":0,"enemies":"2 Thieves","floor":21,"turns":4},{"damage":9,"enemies":"Cultist and Chosen","floor":24,"turns":6},{"damage":1,"enemies":"Sentry and Sphere","floor":27,"turns":5},{"damage":0,"enemies":"3 Cultists","floor":28,"turns":6},{"damage":10,"enemies":"Colosseum Slavers","floor":29,"turns":3},{"damage":49,"enemies":"Colosseum Nobs","floor":29,"turns":4},{"damage":13,"enemies":"Slavers","floor":31,"turns":1}],"seed_played":"1920838714668656644","potions_obtained":[{"floor":2.0,"key":"SkillPotion"},{"floor":4,"key":"Block Potion"},{"floor":12,"key":"GamblersBrew"},{"floor":16,"key":"Dexterity Potion"},{"floor":27,"key":"FairyPotion"},{"floor":28,"key":"Ancient Potion"}],"is_trial":false,"path_per_floor":["M","M","M","M","M","R","E","R","T","M","?","M","M","M","R","B",null,"M","?","?","M","?","R","M","$","T","M","M","?","?","E"],"character_chosen":"DEFECT","items_purchased":["Bottled Tornado","Coolheaded","Blizzard"],"campfire_rested":0,"item_purchase_floors":[25,25,25],"current_hp_per_floor":[75,73,66,66,64,64,51,51,51,44,44,44,41,40,40,31,75,68,68,52,52,52,52,43,43,43,42,42,9,9,0],"gold":488,"neow_bonus":"ONE_RANDOM_RARE_CARD","is_prod":false,"is_daily":false,"chose_seed":false,"campfire_upgraded":4,"win_rate":0,"timestamp":1567674196,"path_taken":["M","?","M","?","M","R","E","R","T","M","?","M","M","M","R","BOSS","M","?","?","M","?","R","M","$","T","?","M","?","?","E"],"build_version":"2019-07-17","purchased_purges":1,"victory":false,"max_hp_per_floor":[75,75,75,75,75,75,75,75,75,75,75,75,75,75,75,75,75,75,75,75,75,75,75,75,75,75,75,75,77,77,77],"card_choices":[{"not_picked":["Coolheaded","Cold Snap"],"picked":"Fusion","floor":1.0},{"not_picked":["Barrage","Turbo"],"picked":"Conserve Battery","floor":2.0},{"not_picked":["Scrape","Reprogram"],"picked":"Steam","floor":3},{"not_picked":["Stack","Turbo"],"picked":"Steam","floor":4},{"not_picked":["Storm","Coolheaded"],"picked":"Fusion","floor":5},{"not_picked":["Barrage","Scrape"],"picked":"Cold Snap","floor":7},{"not_picked":["Coolheaded","Rip and Tear"],"picked":"Cold Snap","floor":10},{"not_picked":["Chill","BootSequence"],"picked":"Lockon","floor":12},{"not_picked":["Core Surge","Barrage"],"picked":"Defragment","floor":13},{"not_picked":["Double Energy","Hologram"],"picked":"Ball Lightning","floor":14},{"not_picked":["Reboot","All For One"],"picked":"Machine Learning","floor":16},{"not_picked":[],"picked":"FTL+1","floor":18},{"not_picked":[],"picked":"Cold Snap","floor":21},{"not_picked":[],"picked":"Steam","floor":24},{"not_picked":["Sweeping Beam"],"picked":"SKIP","floor":27},{"not_picked":[],"picked":"Doom and Gloom+1","floor":28},{"not_picked":["Streamline"],"picked":"Singing Bowl","floor":29}],"player_experience":1715391,"relics_obtained":[{"floor":7,"key":"Shuriken"},{"floor":9,"key":"Smiling Mask"},{"floor":20,"key":"Enchiridion"},{"floor":26,"key":"Art of War"},{"floor":29,"key":"Thread and Needle"},{"floor":29,"key":"Singing Bowl"}],"event_choices":[{"cards_removed":["Strike_B"],"damage_healed":0,"gold_gain":0,"player_choice":"Card Removal","damage_taken":0,"max_hp_gain":0,"max_hp_loss":0,"event_name":"The Cleric","floor":11,"gold_loss":50},{"damage_healed":0,"gold_gain":0,"player_choice":"Opened","damage_taken":0,"relics_obtained":["Anchor"],"max_hp_gain":0,"max_hp_loss":0,"event_name":"The Mausoleum","floor":19,"gold_loss":0,"cards_obtained":["Writhe"]},{"damage_healed":0,"gold_gain":0,"player_choice":"Obtained Book","damage_taken":16,"max_hp_gain":0,"max_hp_loss":0,"event_name":"Cursed Tome","floor":20,"gold_loss":0},{"damage_healed":0,"gold_gain":275,"player_choice":"Desecrate","damage_taken":0,"max_hp_gain":0,"max_hp_loss":0,"event_name":"Golden Shrine","floor":22,"gold_loss":0,"cards_obtained":["Regret"]},{"damage_healed":0,"gold_gain":0,"player_choice":"Fight","damage_taken":0,"max_hp_gain":0,"max_hp_loss":0,"event_name":"Colosseum","floor":29,"gold_loss":0},{"damage_healed":0,"gold_gain":0,"player_choice":"Fought Nobs","damage_taken":0,"max_hp_gain":0,"max_hp_loss":0,"event_name":"Colosseum","floor":29,"gold_loss":0},{"damage_healed":0,"gold_gain":99,"player_choice":"Stole From Cult","damage_taken":0,"max_hp_gain":0,"max_hp_loss":0,"event_name":"Nest","floor":30,"gold_loss":0}],"is_beta":false,"boss_relics":[{"not_picked":["FrozenCore","Velvet Choker"],"picked":"Busted Crown"}],"items_purged_floors":[25],"is_endless":false,"potions_floor_spawned":[2,4,12,16,27,28,29],"killed_by":"Slavers","ascension_level":0}