{"gold_per_floor":[117,67,87,162,87,121,121,21,21,21,196,230,247,267,267,370,370,385,385,385,400,121,121,132,132,179,179,195,117,131,131],"floor_reached":31,"playtime":1011,"items_purged":["Strike_R","Defend_R","Doubt"],"score":293,"play_id":"9ee41d54-0e0d-4e55-8df4-83fab27f120f","local_time":"20190902032315","is_ascension_mode":false,"campfire_choices":[{"data":"Shockwave","floor":7.0,"key":"SMITH"},{"data":"Bash","floor":10.0,"key":"SMITH"},{"data":"Feed","floor":15.0,"key":"SMITH"},{"data":"Feed","floor":23.0,"key":"SMITH"},{"data":"Flex","floor":25.0,"key":"SMITH"},{"data":"Feed","floor":27.0,"key":"SMITH"}],"neow_cost":"NONE","seed_source_timestamp":0,"circlet_count":0,"master_deck":["Strike_R","Strike_R","Strike_R","Defend_R+1","Defend_R","Defend_R+1","Bash+1","Heavy Blade","Shockwave+1","Rampage","Heavy Blade","Feed+1","Feed+1","Clash+1","Flex+1","Feed+1","Iron Wave+1","Whirlwind","Battle Trance"],"special_seed":0,"relics":["Burning Blood","NeowsBlessing","War Paint","Blue Candle","Vajra","Philosopher\u0027s Stone","Blood Vial"],"potions_floor_usage":[],"damage_taken":[{"damage":0.0,"enemies":"2 Louse","floor":1.0,"turns":1.0},{"damage":0.0,"enemies":"Small Slimes","floor":3.0,"turns":1.0},{"damage":0.0,"enemies":"Gremlin Nob","floor":6.0,"turns":1.0},{"damage":35.0,"enemies":"3 Sentries","floor":12.0,"turns":12.0},{"damage":0.0,"enemies":"Jaw Worm","floor":13.0,"turns":3.0},{"damage":10.0,"enemies":"2 Fungi Beasts","floor":14.0,"turns":4.0},{"damage":62.0,"enemies":"Hexaghost","floor":16.0,"turns":11.0},{"damage":1.0,"enemies":"Chosen","floor":18.0,"turns":3.0},{"damage":17.0,"enemies":"Shell Parasite","floor":21.0,"turns":4.0},{"damage":30.0,"enemies":"Cultist and Chosen","floor":24.0,"turns":8.0},{"damage":10.0,"enemies":"Snake Plant","floor":28.0,"turns":3.0},{"damage":20.0,"enemies":"Centurion and Healer","floor":30.0,"turns":5.0},{"damage":0,"enemies":"Slavers","floor":31,"turns":1}],"seed_played":"-5111568023525323733","potions_obtained":[{"floor":6.0,"key":"Strength Potion"},{"floor":12.0,"key":"Poison Potion"},{"floor":13.0,"key":"Regen Potion"},{"floor":24.0,"key":"PowerPotion"}],"is_trial":false,"path_per_floor":["M","?","M","?","$","E","R","$","T","R","?","E","M","M","R","B",null,"M","?","?","M","$","R","M","R","T","R","M","$","M","E"],"character_chosen":"IRONCLAD","items_purchased":["Feed","Whirlwind"],"campfire_rested":0,"item_purchase_floors":[22,29],"current_hp_per_floor":[80,80,80,69,69,75,75,75,75,75,75,46,52,48,48,11,84,88,88,88,80,80,80,64,64,64,64,66,66,58,60],"gold":131,"neow_bonus":"THREE_ENEMY_KILL","is_prod":false,"is_daily":false,"chose_seed":false,"campfire_upgraded":6,"win_rate":0,"timestamp":1567416195,"path_taken":["M","?","M","?","$","E","R","$","T","R","?","E","M","?","R","BOSS","M","?","?","M","$","R","?","R","T","R","M","$","M","E"],"build_version":"2019-07-17","purchased_purges":3,"victory":false,"max_hp_per_floor":[80,80,80,80,80,80,80,80,80,80,80,80,80,80,80,84,84,88,88,88,91,91,91,99,99,99,99,103,103,107,107],"card_choices":[{"not_picked":["Headbutt","Corruption"],"picked":"Heavy Blade","floor":1.0},{"not_picked":["Perfected Strike","Body Slam"],"picked":"Shockwave","floor":3.0},{"not_picked":["Sentinel","Infernal Blade"],"picked":"Rampage","floor":6.0},{"not_picked":["Shrug It Off","Headbutt"],"picked":"Heavy Blade","floor":12.0},{"not_picked":["Cleave","Perfected Strike","Body Slam"],"picked":"SKIP","floor":13.0},{"not_picked":["Twin Strike","Thunderclap"],"picked":"Feed","floor":14.0},{"not_picked":["Offering","Brutality"],"picked":"Feed","floor":16.0},{"not_picked":["Sword Boomerang","Shrug It Off"],"picked":"Clash+1","floor":18.0},{"not_picked":["Clothesline+1","Dual Wield+1","Cleave"],"picked":"SKIP","floor":21.0},{"not_picked":["Iron Wave+1","Spot Weakness+1","Thunderclap"],"picked":"SKIP","floor":24.0},{"not_picked":["Headbutt","Havoc"],"picked":"Iron Wave+1","floor":28.0},{"not_picked":["Burning Pact+1","Battle Trance","Exhume"],"picked":"SKIP","floor":30.0},{"not_picked":["Burning Pact+1","Exhume"],"picked":"Battle Trance","floor":30.0}],"player_experience":1705136,"relics_obtained":[{"floor":6.0,"key":"War Paint"},{"floor":9.0,"key":"Blue Candle"},{"floor":12.0,"key":"Vajra"},{"floor":26.0,"key":"Blood Vial"}],"event_choices":[{"cards_removed":["Strike_R"],"damage_healed":0.0,"max_hp_gain":0.0,"max_hp_loss":0.0,"gold_gain":0.0,"event_name":"The Cleric","player_choice":"Card Removal","floor":2.0,"gold_loss":50.0,"damage_taken":0.0},{"damage_healed":0.0,"max_hp_gain":0.0,"max_hp_loss":0.0,"gold_gain":75.0,"event_name":"World of Goop","player_choice":"Gather Gold","floor":4.0,"gold_loss":0.0,"damage_taken":11.0},{"damage_healed":0.0,"max_hp_gain":0.0,"max_hp_loss":0.0,"gold_gain":175.0,"event_name":"Liars Game","player_choice":"AGREE","floor":11.0,"gold_loss":0.0,"damage_taken":0.0,"cards_obtained":["Doubt"]},{"damage_healed":0.0,"max_hp_gain":0.0,"max_hp_loss":0.0,"gold_gain":0.0,"event_name":"The Library","player_choice":"Read","floor":19.0,"gold_loss":0.0,"damage_taken":0.0,"cards_obtained":["Flex"]},{"damage_healed":0.0,"max_hp_gain":0.0,"max_hp_loss":0.0,"gold_gain":0.0,"event_name":"Vampires","player_choice":"Ignored","floor":20.0,"gold_loss":0.0,"damage_taken":0.0}],"is_beta":false,"boss_relics":[{"not_picked":["Snecko Eye","Velvet Choker"],"picked":"Philosopher\u0027s Stone"}],"items_purged_floors":[5,8,22],"is_endless":false,"potions_floor_spawned":[6,12,13,24],"killed_by":"Slavers","ascension_level":0}