{"gold_per_floor":[109,284,59,59,71,126,126,142,223,24,24,42,42,72,72,172,172,188,61,61,80,80,80,99,119,119,129,129,129,129,156,156,252,252,265,265,31,54,4,4,19,50,77,77],"floor_reached":44,"playtime":1633,"items_purged":["Doubt","Strike_B+1"],"score":477,"play_id":"0e229c96-427f-47da-acde-f88e5c0daae3","local_time":"20180918125921","is_ascension_mode":false,"campfire_choices":[{"data":"Dualcast","floor":7,"key":"SMITH"},{"data":"Zap","floor":11,"key":"SMITH"},{"data":"White Noise","floor":13,"key":"SMITH"},{"data":"Gash","floor":15,"key":"SMITH"},{"data":"Redo","floor":23,"key":"SMITH"},{"data":"Gash","floor":28,"key":"SMITH"},{"data":"Buffer","floor":30,"key":"SMITH"},{"floor":32,"key":"REST"},{"data":"Sunder","floor":40,"key":"SMITH"}],"neow_cost":"NONE","seed_source_timestamp":413324245657710,"circlet_count":0,"master_deck":["Strike_B+1","Strike_B+1","Strike_B+1","Defend_B+1","Defend_B+1","Defend_B+1","Zap+1","Dualcast+1","Rebound","FTL","Stack","Gash+1","White Noise+1","Stack","Buffer+1","Sweeping Beam","Sunder+1","Redo+1","Ball Lightning","Rebound+1","Sunder","Gash+1","Go for the Eyes","RitualDagger","Electrodynamics","Streamline","Apotheosis","Hologram","Recycle+1","Sunder+1"],"relics":["Cracked Core","NeowsBlessing","Vajra","Tiny Chest","Bottled Lightning","Runic Capacitor","Odd Mushroom","Busted Crown","Strawberry","Dodecahedron","Sozu","Smiling Mask","The Courier","Anchor"],"potions_floor_usage":[16,16,25,31,33,33],"damage_taken":[{"damage":0,"enemies":"2 Louse","floor":1,"turns":1},{"damage":0,"enemies":"Jaw Worm","floor":5,"turns":1},{"damage":0,"enemies":"Lagavulin","floor":6,"turns":1},{"damage":0,"enemies":"Cultist","floor":8,"turns":2},{"damage":0,"enemies":"Exordium Wildlife","floor":12,"turns":2},{"damage":13,"enemies":"The Mushroom Lair","floor":14,"turns":3},{"damage":20,"enemies":"Hexaghost","floor":16,"turns":9},{"damage":0,"enemies":"Shell Parasite","floor":18,"turns":6},{"damage":5,"enemies":"Chosen","floor":21,"turns":3},{"damage":0,"enemies":"Centurion and Healer","floor":24,"turns":5},{"damage":0,"enemies":"Snecko","floor":25,"turns":4},{"damage":10,"enemies":"Cultist and Chosen","floor":27,"turns":4},{"damage":26,"enemies":"Book of Stabbing","floor":31,"turns":4},{"damage":39,"enemies":"Automaton","floor":33,"turns":11},{"damage":10,"enemies":"Orb Walker","floor":35,"turns":3},{"damage":17,"enemies":"3 Darklings","floor":41,"turns":4},{"damage":46,"enemies":"2 Orb Walkers","floor":42,"turns":5},{"damage":14,"enemies":"Jaw Worm Horde","floor":44,"turns":1}],"seed_played":"434177981165585761","potions_obtained":[{"floor":1,"key":"Regen Potion"},{"floor":6,"key":"SteroidPotion"},{"floor":14,"key":"Block Potion"},{"floor":24,"key":"Block Potion"},{"floor":27,"key":"Strength Potion"},{"floor":31,"key":"SpeedPotion"},{"floor":33,"key":"Dexterity Potion"}],"is_trial":false,"path_per_floor":["M","?","$","?","M","E","R","M","T","$","R","M","R","?","R","B",null,"M","$","?","M","?","R","M","M","T","M","R","?","R","E","R","B",null,"M","?","$","T","$","R","M","E","T"],"character_chosen":"DEFECT","items_purchased":["Vajra","Runic Capacitor","Sunder","Redo","Apotheosis","Hologram"],"campfire_rested":1,"item_purchase_floors":[3,10,19,19,37,37],"current_hp_per_floor":[75,75,75,68,68,68,68,68,68,68,68,68,68,55,55,35,75,75,75,75,70,70,70,70,70,77,67,67,61,61,35,59,35,82,72,72,72,72,72,72,55,9,9,0],"gold":77,"neow_bonus":"THREE_ENEMY_KILL","is_prod":false,"is_daily":false,"chose_seed":false,"campfire_upgraded":8,"win_rate":0,"timestamp":1537264761,"path_taken":["M","?","?","?","M","E","R","M","T","$","R","?","R","?","R","BOSS","M","$","?","M","?","R","M","?","T","M","R","?","R","E","R","BOSS","M","?","$","?","$","R","M","E","T","M"],"build_version":"2018-09-17","purchased_purges":2,"victory":false,"max_hp_per_floor":[75,75,75,75,75,75,75,75,75,75,75,75,75,75,75,75,75,75,75,75,75,75,75,75,75,82,82,82,82,82,82,82,82,82,82,82,82,82,82,82,82,82,82,82],"card_choices":[{"not_picked":["Rip and Tear","Consume"],"picked":"Rebound","floor":1},{"not_picked":["Steam","Double Energy"],"picked":"FTL","floor":5},{"not_picked":["Chaos","Meteor Strike"],"picked":"Stack","floor":6},{"not_picked":["Defragment","Go for the Eyes"],"picked":"Gash","floor":8},{"not_picked":["Tempest","Cold Snap"],"picked":"White Noise","floor":12},{"not_picked":["Heatsinks","Leap"],"picked":"Stack","floor":14},{"not_picked":["Amplify","Biased Cognition"],"picked":"Buffer","floor":16},{"not_picked":[],"picked":"Sweeping Beam","floor":18},{"not_picked":[],"picked":"Rebound+1","floor":21},{"not_picked":[],"picked":"Sunder","floor":24},{"not_picked":[],"picked":"Gash","floor":25},{"not_picked":[],"picked":"Go for the Eyes","floor":27},{"not_picked":[],"picked":"Static Discharge","floor":31},{"not_picked":[],"picked":"Electrodynamics","floor":33},{"not_picked":[],"picked":"Streamline","floor":35},{"not_picked":[],"picked":"Recycle+1","floor":41},{"not_picked":[],"picked":"Sunder+1","floor":42}],"player_experience":699045,"relics_obtained":[{"floor":6,"key":"Tiny Chest"},{"floor":9,"key":"Bottled Lightning"},{"floor":14,"key":"Odd Mushroom"},{"floor":26,"key":"Strawberry"},{"floor":31,"key":"Dodecahedron"},{"floor":38,"key":"Smiling Mask"},{"floor":42,"key":"The Courier"},{"floor":43,"key":"Anchor"}],"event_choices":[{"event_name":"Liars Game","player_choice":"agreed","floor":2,"damage_taken":0},{"event_name":"Golden Wing","player_choice":"Card Removal","floor":4,"damage_taken":0},{"event_name":"Mushrooms","player_choice":"Fought Mushrooms","floor":14,"damage_taken":0},{"event_name":"The Library","player_choice":"Read","floor":20,"damage_taken":0},{"event_name":"Back to Basics","player_choice":"Simplicity","floor":22,"damage_taken":0},{"event_name":"Nest","player_choice":"Joined the Cult","floor":29,"damage_taken":0},{"event_name":"Falling","player_choice":"Removed Power","floor":36,"damage_taken":0}],"is_beta":true,"boss_relics":[{"not_picked":["Eternal Feather","Black Star"],"picked":"Busted Crown"},{"not_picked":["Nuclear Battery","Lizard Tail"],"picked":"Sozu"}],"items_purged_floors":[3,39],"is_endless":false,"potions_floor_spawned":[1,6,14,24,27,31,33,35],"killed_by":"Jaw Worm Horde","ascension_level":0}