{"path_per_floor":["M","M","?","$","M","E","R","M","T","R","E","M","M","T","R","B",null,"M","M","?","$","?","?","R","M","T","?","M","R","E","?","R","B",null,"M","?","M","M","?","R","M","R","T","R","?","M","M","M","R"],"character_chosen":"DEFECT","items_purchased":["Go for the Eyes","Pear","Reinforced Body"],"gold_per_floor":[117,130,130,30,48,79,79,94,94,94,120,136,147,202,202,307,307,322,333,333,10,0,0,0,18,18,18,29,29,62,62,62,167,167,181,181,196,211,211,211,223,223,248,248,248,261,277,297,297,297],"floor_reached":50,"campfire_rested":2,"playtime":3639,"current_hp_per_floor":[60,60,53,53,53,36,36,30,30,30,24,15,12,12,32,26,68,66,52,52,62,62,62,62,52,52,52,48,48,37,37,37,6,78,69,59,42,31,68,68,45,45,45,45,45,41,20,20,40,0],"items_purged":["Strike_B"],"gold":297,"score":523,"play_id":"17d8ffdb-fd6a-499f-8cb6-79f8eeb2c329","local_time":"20180501231147","is_prod":false,"is_daily":false,"chose_seed":false,"is_ascension_mode":false,"campfire_upgraded":8,"timestamp":1525205507,"path_taken":["M","M","?","?","?","E","R","M","T","R","E","M","M","?","R","BOSS","M","?","?","$","?","?","R","?","T","?","M","R","E","?","R","BOSS","M","?","M","?","?","R","M","R","T","R","?","?","M","M","R","BOSS"],"build_version":"2018-04-30","seed_source_timestamp":176172839430699,"purchased_purges":1,"victory":false,"master_deck":["Strike_B+1","Strike_B+1","Strike_B+1","Defend_B+1","Defend_B+1","Defend_B+1","Defend_B+1","Zap","Dualcast","Chaos+1","Static Discharge+1","Go for the Eyes","Sweeping Beam","Defragment+1","Leap","Amplify+1","Hologram+1","Chill","Redo+1","Streamline","Auto Shields","Reinforced Body","Rebound","Cold Snap+1","Double Energy+1","Seek+1","Beam Cell+1","Skim","Impulse","FTL","Creative AI+1","Go for the Eyes+1","Madness","Madness","Defragment","Coolheaded+1","Aggregate+1","Clumsy","Hologram+1","Conserve Battery+1","Reboot"],"max_hp_per_floor":[68,68,68,68,68,68,68,68,68,68,68,68,68,68,68,68,68,68,68,68,78,78,78,78,78,78,78,78,78,78,78,78,78,78,78,78,78,78,68,68,68,68,68,68,68,68,68,68,68,68],"relics":["Cracked Core","Ginger","Bag of Marbles","Bottled Tornado","Kunai","Peace Pipe","Lantern","Cursed Key","Pear","Bag of Preparation","Shovel","Prayer Wheel","Spirit Poop","Orrery","Omamori"],"card_choices":[{"not_picked":["Capacitor","Axe Kick"],"picked":"Chaos","floor":1},{"not_picked":["Cold Snap","Storm"],"picked":"Static Discharge","floor":2},{"not_picked":["Skim","Force Field"],"picked":"Sweeping Beam","floor":5},{"not_picked":["Go for the Eyes","Beam Cell"],"picked":"Defragment","floor":6},{"not_picked":["Stack","Lockon"],"picked":"Leap","floor":8},{"not_picked":["Coolheaded","Gash"],"picked":"Amplify","floor":11},{"not_picked":["Ball Lightning","Force Field"],"picked":"Hologram","floor":12},{"not_picked":["Lockon","Aggregate"],"picked":"Chill","floor":13},{"not_picked":["Nova","Multi-Cast"],"picked":"Redo","floor":16},{"not_picked":["Leap","Aggregate"],"picked":"Streamline","floor":18},{"not_picked":["Reprogram","Chaos"],"picked":"Auto Shields","floor":19},{"not_picked":["Cold Snap","Static Discharge"],"picked":"Rebound","floor":25},{"not_picked":["Hologram","Gash"],"picked":"Cold Snap","floor":28},{"not_picked":["Skim","Darkness"],"picked":"Double Energy","floor":30},{"not_picked":["Biased Cognition","Hyperbeam"],"picked":"Seek","floor":33},{"not_picked":["Go for the Eyes","Melter"],"picked":"Beam Cell","floor":34},{"not_picked":["Cold Snap","Blaster"],"picked":"Skim","floor":34},{"not_picked":["Ball Lightning","Go for the Eyes"],"picked":"Impulse","floor":34},{"not_picked":["Sweeping Beam","Barrage"],"picked":"FTL","floor":34},{"not_picked":["Streamline","Rebound"],"picked":"Creative AI","floor":34},{"not_picked":["Hologram","Flux Capacitor"],"picked":"Go for the Eyes","floor":35},{"not_picked":["Stack","Blaster"],"picked":"Defragment","floor":37},{"not_picked":["Auto Shields","Capacitor"],"picked":"Coolheaded","floor":38},{"not_picked":["Go for the Eyes","Beam Cell"],"picked":"Aggregate","floor":41},{"not_picked":["Coolheaded","Machine Learning"],"picked":"Streamline","floor":43},{"not_picked":["Leap","Coolheaded"],"picked":"Hologram","floor":46},{"not_picked":["Streamline","Leap"],"picked":"Conserve Battery","floor":47},{"not_picked":["Axe Kick","Cold Snap"],"picked":"Reboot","floor":48}],"player_experience":398091,"potions_floor_usage":[16,30,33,37,50,50],"damage_taken":[{"damage":8,"enemies":"2 Louse","floor":1,"turns":3},{"damage":0,"enemies":"Small Slimes","floor":2,"turns":3},{"damage":0,"enemies":"Cultist","floor":5,"turns":3},{"damage":17,"enemies":"Gremlin Nob","floor":6,"turns":4},{"damage":6,"enemies":"Exordium Thugs","floor":8,"turns":4},{"damage":6,"enemies":"3 Sentries","floor":11,"turns":5},{"damage":9,"enemies":"Gremlin Gang","floor":12,"turns":2},{"damage":3,"enemies":"2 Fungi Beasts","floor":13,"turns":3},{"damage":6,"enemies":"Hexaghost","floor":16,"turns":7},{"damage":2,"enemies":"Spheric Guardian","floor":18,"turns":5},{"damage":14,"enemies":"Chosen","floor":19,"turns":3},{"damage":10,"enemies":"Centurion and Healer","floor":25,"turns":4},{"damage":4,"enemies":"Sentry and Sphere","floor":28,"turns":5},{"damage":11,"enemies":"Gremlin Leader","floor":30,"turns":6},{"damage":31,"enemies":"Champ","floor":33,"turns":14},{"damage":9,"enemies":"Orb Walker","floor":35,"turns":3},{"damage":17,"enemies":"3 Darklings","floor":37,"turns":5},{"damage":11,"enemies":"Sphere and 2 Shapes","floor":38,"turns":4},{"damage":23,"enemies":"Maw","floor":41,"turns":7},{"damage":4,"enemies":"Flame Bruiser 2 Orb","floor":46,"turns":11},{"damage":21,"enemies":"Spire Growth","floor":47,"turns":4},{"damage":0,"enemies":"3 Darklings","floor":48,"turns":8},{"damage":46,"enemies":"Donu and Deca","floor":50,"turns":5}],"event_choices":[{"event_name":"Scrap Ooze","player_choice":"success","floor":3,"damage_taken":7},{"event_name":"Back to Basics","player_choice":"Simplicity","floor":20,"damage_taken":0},{"event_name":"Masked Bandits","player_choice":"Paid Bandits 10 gold","floor":22,"damage_taken":0},{"event_name":"The Mausoleum","player_choice":"Yes","floor":23,"damage_taken":0},{"event_name":"Beggar","player_choice":"Ignored","floor":27,"damage_taken":0},{"event_name":"Bonfire Elementals","player_choice":"CURSE","floor":31,"damage_taken":0},{"event_name":"Winding Halls","player_choice":"Embrace Madness","floor":36,"damage_taken":0},{"event_name":"The Moai Head","player_choice":"Heal","floor":39,"damage_taken":0}],"boss_relics":[{"not_picked":["Tiny House","Nuclear Battery"],"picked":"Cursed Key"},{"not_picked":["Astrolabe","Velvet Choker"],"picked":"Orrery"}],"potions_floor_spawned":[5,8,12,13,16,19,25,38,48],"seed_played":"-9196129382047643479","killed_by":"Donu and Deca","ascension_level":0,"is_trial":false}