{"gold_per_floor":[112,123,141,152,102,102,163,197,273,71,71,71,83,97,97,194,194,207,78,90,90,103,103,130,130,211,229,76,76,103,120,120,219,219,238,253,353,6,23,23,51,51,51,51,51,11,11,37,37,37],"floor_reached":51,"playtime":3172,"items_purged":["Strike_G"],"score":879,"play_id":"cad2ad75-0150-4c9a-af5c-f26cd34858f7","local_time":"20190128114810","is_ascension_mode":true,"campfire_choices":[{"data":"strawberrySpire:Insectonator","floor":6,"key":"SMITH"},{"data":"Malaise","floor":15,"key":"SMITH"},{"data":"Deadly Poison","floor":23,"key":"SMITH"},{"data":"strawberrySpire:DreamfoilDart","floor":32,"key":"SMITH"},{"data":"Well Laid Plans","floor":40,"key":"SMITH"},{"data":"Catalyst","floor":42,"key":"SMITH"},{"data":"Madness","floor":45,"key":"SMITH"},{"floor":47,"key":"RECALL"},{"data":"Madness","floor":49,"key":"SMITH"}],"neow_cost":"NONE","seed_source_timestamp":53467088593106,"circlet_count":0,"master_deck":["Defend_G","Defend_G","Defend_G","Defend_G","Defend_G","Strike_G","Strike_G","Strike_G","Survivor","Neutralize","strawberrySpire:Insectonator+1","Flying Knee","Flying Knee","Riddle With Holes","Choke+1","Malaise+1","Predator","Deflect","Leg Sweep","Escape Plan","Corpse Explosion","Dagger Spray","Escape Plan","Deadly Poison+1","Decay","Catalyst+1","strawberrySpire:DreamfoilDart+1","Dash+1","After Image","Backstab","Malaise+1","Malaise+1","Malaise+1","Malaise+1","Malaise+1","Well Laid Plans+1","Corpse Explosion","Blur+1","Injury","Madness+1","Madness+1","Heel Hook","Calculated Gamble+1"],"relics":["Ring of the Snake","Bird Faced Urn","Happy Flower","Meat on the Bone","strawberrySpire:Starfruit","Cursed Key","strawberrySpire:DirtyLipstick","strawberrySpire:TinySteamboat","Bottled Lightning","strawberrySpire:MawJerky","theJungle:BirthdayCake","Dead Branch","strawberrySpire:Dictionifier","Mango","strawberrySpire:BrokenPrinter","Gremlin Horn","Paper Crane","strawberrySpire:ShipInABottle"],"potions_floor_usage":[7,8,14,16,16,16,20,30,50,50],"damage_taken":[{"damage":0,"enemies":"2 Louse","floor":1,"turns":3},{"damage":0,"enemies":"Small Slimes","floor":2,"turns":3},{"damage":0,"enemies":"Cultist","floor":3,"turns":3},{"damage":7,"enemies":"Blue Slaver","floor":4,"turns":4},{"damage":22,"enemies":"Gremlin Nob","floor":7,"turns":4},{"damage":24,"enemies":"strawberrySpire:EnergyPylons","floor":8,"turns":4},{"damage":1,"enemies":"Red Slaver","floor":13,"turns":3},{"damage":1,"enemies":"Looter","floor":14,"turns":3},{"damage":35,"enemies":"Slime Boss","floor":16,"turns":12},{"damage":12,"enemies":"theJungle:MUSHROOMGANG","floor":18,"turns":3},{"damage":0,"enemies":"theJungle:5_Spyders","floor":20,"turns":3},{"damage":7,"enemies":"theJungle:SlimyTreeVines","floor":22,"turns":6},{"damage":3,"enemies":"theJungle:2_Phrogs","floor":24,"turns":5},{"damage":0,"enemies":"Snake Plant","floor":27,"turns":4},{"damage":25,"enemies":"theJungle:MamaSnecko","floor":30,"turns":7},{"damage":3,"enemies":"theJungle:2_Flameangoes","floor":31,"turns":4},{"damage":5,"enemies":"theJungle:FunGuy","floor":33,"turns":6},{"damage":4,"enemies":"3 Darklings","floor":35,"turns":3},{"damage":5,"enemies":"Orb Walker","floor":36,"turns":5},{"damage":0,"enemies":"Mind Bloom Boss Battle","floor":37,"turns":5},{"damage":2,"enemies":"Spire Growth","floor":39,"turns":7},{"damage":27,"enemies":"Nemesis","floor":41,"turns":13},{"damage":5,"enemies":"strawberrySpire:EssenceStones","floor":48,"turns":2},{"damage":23,"enemies":"Awakened One","floor":50,"turns":16}],"seed_played":"-2717955014488721635","potions_obtained":[{"floor":2,"key":"Weak Potion"},{"floor":7,"key":"Swift Potion"},{"floor":13,"key":"SkillPotion"},{"floor":14,"key":"EntropicBrew"},{"floor":16,"key":"Fire Potion"},{"floor":18,"key":"FearPotion"},{"floor":20,"key":"Explosive Potion"},{"floor":36,"key":"LiquidBronze"}],"is_trial":false,"path_per_floor":["M","M","M","M","?","R","?","E","T","$","?","R","M","M","R","B",null,"M","?","M","?","M","R","E","?","T","M","$","?","E","M","R","B",null,"M","M","?","$","M","R","E","R","T","?","R","$","R","E","R","B",null],"character_chosen":"THE_SILENT","items_purchased":["Predator","Deflect","strawberrySpire:MawJerky","strawberrySpire:BrokenPrinter","Well Laid Plans","Corpse Explosion","Heel Hook"],"campfire_rested":0,"item_purchase_floors":[10,10,28,38,38,38,46],"current_hp_per_floor":[77,77,77,70,70,70,48,24,24,24,24,36,47,46,46,23,89,77,77,77,77,76,76,73,73,73,73,73,103,84,81,81,78,125,121,120,143,143,146,146,133,133,133,114,114,114,114,117,117,106],"gold":37,"neow_bonus":"TEN_PERCENT_HP_BONUS","is_prod":false,"is_daily":false,"chose_seed":false,"campfire_upgraded":8,"win_rate":0,"timestamp":1548665290,"path_taken":["M","M","M","M","?","R","?","E","T","$","?","R","M","M","R","BOSS","M","?","?","?","?","R","E","?","T","?","$","?","E","M","R","BOSS","M","M","?","$","M","R","E","R","T","?","R","$","R","E","R","BOSS"],"build_version":"2019-01-23","purchased_purges":1,"victory":true,"max_hp_per_floor":[77,77,77,77,77,77,77,77,77,77,77,89,89,89,89,89,89,89,89,89,89,89,89,89,89,89,89,89,119,125,125,125,125,125,125,125,146,146,146,146,152,152,152,152,152,152,152,158,158,158],"card_choices":[{"not_picked":["Tactician","Backflip"],"picked":"strawberrySpire:Insectonator","floor":1},{"not_picked":["Dagger Throw","strawberrySpire:Lockstep"],"picked":"Flying Knee","floor":2},{"not_picked":["strawberrySpire:Rummage","strawberrySpire:SideSwipe"],"picked":"Flying Knee","floor":3},{"not_picked":["Leg Sweep","Crippling Poison"],"picked":"Riddle With Holes","floor":4},{"not_picked":["Blade Dance","Bane"],"picked":"Choke","floor":7},{"not_picked":["Dagger Spray","Terror"],"picked":"Malaise","floor":8},{"not_picked":["Bouncing Flask","strawberrySpire:Insectonator"],"picked":"Leg Sweep","floor":13},{"not_picked":["Blade Dance","Terror"],"picked":"Escape Plan","floor":14},{"not_picked":["Wraith Form v2","strawberrySpire:KnifeParty"],"picked":"Corpse Explosion","floor":16},{"not_picked":["Poisoned Stab","Calculated Gamble"],"picked":"Dagger Spray","floor":18},{"not_picked":["Outmaneuver","strawberrySpire:Insectonator"],"picked":"Escape Plan","floor":20},{"not_picked":["strawberrySpire:Pant","Blade Dance"],"picked":"Deadly Poison","floor":22},{"not_picked":["Deflect","Slice","Quick Slash"],"picked":"SKIP","floor":24},{"not_picked":["Blade Dance","strawberrySpire:Momentum"],"picked":"Catalyst","floor":27},{"not_picked":["Cloak And Dagger","Predator+1"],"picked":"strawberrySpire:DreamfoilDart","floor":30},{"not_picked":["strawberrySpire:DeltaFlow","strawberrySpire:Grapple"],"picked":"Dash+1","floor":31},{"not_picked":["strawberrySpire:HotShot","strawberrySpire:KnifeParty"],"picked":"After Image","floor":33},{"not_picked":["Flying Knee+1","Bane+1","Predator"],"picked":"SKIP","floor":35},{"not_picked":["Flying Knee+1","Quick Slash"],"picked":"Backstab","floor":36},{"not_picked":["strawberrySpire:SpinKick+1","Quick Slash","Dodge and Roll+1"],"picked":"SKIP","floor":39},{"not_picked":["strawberrySpire:Pant","Dagger Throw"],"picked":"Blur+1","floor":41},{"not_picked":["Dash","Distraction"],"picked":"Calculated Gamble+1","floor":48}],"player_experience":1107184,"relics_obtained":[{"floor":7,"key":"Bird Faced Urn"},{"floor":8,"key":"Happy Flower"},{"floor":9,"key":"Meat on the Bone"},{"floor":12,"key":"strawberrySpire:Starfruit"},{"floor":24,"key":"strawberrySpire:TinySteamboat"},{"floor":26,"key":"Bottled Lightning"},{"floor":30,"key":"Dead Branch"},{"floor":37,"key":"Mango"},{"floor":41,"key":"Gremlin Horn"},{"floor":43,"key":"Paper Crane"},{"floor":48,"key":"strawberrySpire:ShipInABottle"}],"event_choices":[{"cards_removed":["Strike_G"],"damage_healed":0,"gold_gain":0,"player_choice":"Card Removal","damage_taken":0,"max_hp_gain":0,"max_hp_loss":0,"event_name":"The Cleric","floor":5,"gold_loss":50},{"damage_healed":0,"gold_gain":30,"player_choice":"Searched \u00273\u0027 times","damage_taken":0,"max_hp_gain":0,"max_hp_loss":0,"event_name":"Dead Adventurer","floor":7,"gold_loss":0},{"damage_healed":0,"gold_gain":0,"player_choice":"Paid Gold","damage_taken":0,"relics_obtained":["strawberrySpire:DirtyLipstick"],"max_hp_gain":0,"max_hp_loss":0,"event_name":"WeMeetAgain","floor":19,"gold_loss":129},{"cards_removed":["Clumsy"],"damage_healed":0,"gold_gain":0,"player_choice":"Purged","damage_taken":0,"max_hp_gain":0,"max_hp_loss":0,"event_name":"Purifier","floor":21,"gold_loss":0},{"damage_healed":0,"gold_gain":0,"player_choice":"Upgraded","damage_taken":0,"max_hp_gain":0,"max_hp_loss":0,"event_name":"Upgrade Shrine","floor":25,"gold_loss":0,"cards_upgraded":["Choke"]},{"damage_healed":0,"gold_gain":0,"player_choice":"Fight","damage_taken":0,"max_hp_gain":0,"max_hp_loss":0,"event_name":"MindBloom","floor":37,"gold_loss":0},{"damage_healed":0,"gold_gain":0,"player_choice":"Embrace Madness","damage_taken":19,"max_hp_gain":0,"max_hp_loss":0,"event_name":"Winding Halls","floor":44,"gold_loss":0,"cards_obtained":["Madness","Madness"]}],"is_beta":true,"boss_relics":[{"not_picked":["Runic Pyramid","Coffee Dripper"],"picked":"Cursed Key"},{"not_picked":["Philosopher\u0027s Stone","Fusion Hammer"],"picked":"strawberrySpire:Dictionifier"}],"items_purged_floors":[10],"is_endless":false,"potions_floor_spawned":[2,7,13,14,16,18,20,24,36,41,48],"ascension_level":1}