{"gold_per_floor":[111,111,14,289,300,328,328,328,328,328,345,372,392,427,427,529,529,542,641,651,661,72,72,103,135,135,149,149,179,179,210,210,310,310,322,370,370,387,487,487,487,503,526,526,24,56,68,100,100,100],"floor_reached":51,"playtime":3221,"items_purged":["Regret","strawberrySpire:AngeryBot"],"score":1223,"play_id":"67ecc4f3-86ab-465a-8218-46e1e7d80a74","local_time":"20190116213850","is_ascension_mode":true,"campfire_choices":[{"data":"strawberrySpire:DreamfoilDart","floor":7,"key":"SMITH"},{"data":"strawberrySpire:Flashback","floor":15,"key":"SMITH"},{"data":"strawberrySpire:Flashback","floor":23,"key":"SMITH"},{"data":"Capacitor","floor":28,"key":"SMITH"},{"floor":30,"key":"REST"},{"data":"Panache","floor":32,"key":"SMITH"},{"data":"Echo Form","floor":40,"key":"SMITH"},{"data":"1","floor":41,"key":"LIFT"},{"floor":49,"key":"REST"}],"neow_cost":"","seed_source_timestamp":1204087127630225,"circlet_count":0,"master_deck":["Panache+1","strawberrySpire:Flashback","strawberrySpire:DreamfoilDart+1","Burst","All For One","Glacier+1","Glacier+1","Glacier","Glacier","Glacier","strawberrySpire:Gammacceleration","strawberrySpire:AngeryBot","strawberrySpire:AngeryBot","strawberrySpire:AngeryBot","strawberrySpire:GearCrunch","Auto Shields","Capacitor+1","Capacitor","Echo Form+1","Double Energy+1","strawberrySpire:Flashback","strawberrySpire:Flashback","strawberrySpire:Flashback","Blizzard+1","strawberrySpire:BlasterWyrm","Blizzard"],"relics":["Cracked Core","WingedGreaves","Singing Bowl","Peace Pipe","Darkstone Periapt","War Paint","Kunai","Lizard Tail","Sundial","ClockworkSouvenir","Orichalcum","Ornamental Fan","Pocketwatch","Pen Nib","Dream Catcher","Philosopher\u0027s Stone","Turnip","strawberrySpire:BrokenVision","Girya","strawberrySpire:MawJerky","Gremlin Horn","Mummified Hand","DataDisk","StoneCalendar","Calipers"],"potions_floor_usage":[12,24,24,25,25,33,35,50],"damage_taken":[{"damage":1,"enemies":"2 Louse","floor":1,"turns":4},{"damage":5,"enemies":"Cultist","floor":5,"turns":4},{"damage":10,"enemies":"Lagavulin","floor":6,"turns":6},{"damage":4,"enemies":"Small Slimes","floor":11,"turns":3},{"damage":4,"enemies":"Gremlin Nob","floor":12,"turns":3},{"damage":6,"enemies":"2 Fungi Beasts","floor":13,"turns":4},{"damage":3,"enemies":"3 Sentries","floor":14,"turns":7},{"damage":6,"enemies":"Hexaghost","floor":16,"turns":5},{"damage":0,"enemies":"Chosen","floor":18,"turns":3},{"damage":15,"enemies":"Shell Parasite","floor":20,"turns":4},{"damage":22,"enemies":"Centurion and Healer","floor":21,"turns":6},{"damage":0,"enemies":"Book of Stabbing","floor":24,"turns":4},{"damage":6,"enemies":"Gremlin Leader","floor":25,"turns":6},{"damage":6,"enemies":"Shelled Parasite and Fungi","floor":27,"turns":6},{"damage":30,"enemies":"Slavers","floor":29,"turns":6},{"damage":0,"enemies":"Book of Stabbing","floor":31,"turns":7},{"damage":2,"enemies":"Collector","floor":33,"turns":5},{"damage":21,"enemies":"3 Shapes","floor":35,"turns":3},{"damage":16,"enemies":"2 Orb Walkers","floor":36,"turns":5},{"damage":0,"enemies":"Orb Walker","floor":38,"turns":3},{"damage":0,"enemies":"Mind Bloom Boss Battle","floor":39,"turns":7},{"damage":0,"enemies":"3 Darklings","floor":42,"turns":5},{"damage":0,"enemies":"strawberrySpire:EssenceStones","floor":46,"turns":4},{"damage":0,"enemies":"4 Shapes","floor":47,"turns":1},{"damage":0,"enemies":"Reptomancer","floor":48,"turns":3},{"damage":2,"enemies":"Time Eater","floor":50,"turns":10}],"seed_played":"-4721947143859949766","potions_obtained":[{"floor":6,"key":"Energy Potion"},{"floor":14,"key":"Dexterity Potion"},{"floor":24,"key":"EssenceOfSteel"},{"floor":25,"key":"Ancient Potion"},{"floor":29,"key":"FearPotion"},{"floor":31,"key":"Fire Potion"},{"floor":33,"key":"SkillPotion"},{"floor":36,"key":"EssenceOfSteel"}],"is_trial":true,"path_per_floor":["M","?","$","?","M","E","R","?","T","?","M","E","M","E","R","B",null,"M","?","M","M","$","R","E","E","T","M","R","E","R","E","R","B",null,"M","?","?","M","?","R","R","M","T","T","$","E","M","E","R","B",null],"character_chosen":"DEFECT","items_purchased":["AttackPotion","SkillPotion","Sundial","ClockworkSouvenir","Capacitor","Mummified Hand","DataDisk"],"campfire_rested":2,"item_purchase_floors":[3,3,22,22,22,45,45],"current_hp_per_floor":[74,74,74,74,69,61,61,54,54,54,52,50,46,45,45,41,87,89,89,74,54,54,54,56,50,50,46,46,18,47,49,49,47,99,80,64,30,32,34,34,34,36,36,36,36,40,40,46,81,79],"gold":100,"neow_bonus":"","is_prod":false,"is_daily":false,"chose_seed":false,"campfire_upgraded":6,"win_rate":0,"timestamp":1547663930,"path_taken":["M","?","?","?","?","E","R","?","T","?","?","E","M","E","R","BOSS","M","?","M","M","$","R","E","E","T","M","R","E","R","E","R","BOSS","M","?","?","M","?","R","R","?","T","?","?","E","M","E","R","BOSS"],"build_version":"2019-01-14v2","purchased_purges":2,"victory":true,"max_hp_per_floor":[75,75,75,75,75,77,77,77,77,77,79,81,83,85,85,87,87,89,89,89,91,91,91,93,93,93,95,95,97,97,99,99,99,99,101,101,101,103,105,105,105,107,107,107,107,111,111,117,117,117],"card_choices":[{"not_picked":["strawberrySpire:Disconnect","strawberrySpire:AngeryBot","Stack"],"picked":"SKIP","floor":1},{"not_picked":["strawberrySpire:SearchEngine","Consume"],"picked":"strawberrySpire:GearCrunch","floor":5},{"not_picked":["Ball Lightning","Cold Snap","Darkness"],"picked":"Singing Bowl","floor":6},{"not_picked":["Redo","Stack","Chill"],"picked":"Singing Bowl","floor":11},{"not_picked":["strawberrySpire:Ronchyble","BootSequence","Multi-Cast"],"picked":"Singing Bowl","floor":12},{"not_picked":["Steam Power","Conserve Battery","Compile Driver"],"picked":"Singing Bowl","floor":13},{"not_picked":["Compile Driver","Hello World","Ball Lightning"],"picked":"Singing Bowl","floor":14},{"not_picked":["strawberrySpire:Ronchyble","Seek","Amplify"],"picked":"Singing Bowl","floor":16},{"not_picked":["Conserve Battery","Scrape","Beam Cell"],"picked":"Singing Bowl","floor":18},{"not_picked":["Go for the Eyes","Redo"],"picked":"Auto Shields","floor":20},{"not_picked":["Leap","Redo","strawberrySpire:DataDump"],"picked":"Singing Bowl","floor":21},{"not_picked":["strawberrySpire:Disconnect","Scrape","Leap+1"],"picked":"Singing Bowl","floor":24},{"not_picked":["Rebound","Go for the Eyes"],"picked":"Capacitor","floor":25},{"not_picked":["Genetic Algorithm","Rebound+1","Streamline"],"picked":"Singing Bowl","floor":27},{"not_picked":["Storm+1","strawberrySpire:GearCrunch","Sunder"],"picked":"Singing Bowl","floor":29},{"not_picked":["Sweeping Beam","Conserve Battery","Rainbow"],"picked":"Singing Bowl","floor":31},{"not_picked":["Creative AI","strawberrySpire:Ronchyble"],"picked":"Echo Form","floor":33},{"not_picked":["Lockon+1","Stack+1","Leap+1"],"picked":"Singing Bowl","floor":35},{"not_picked":["Skim+1","Ball Lightning"],"picked":"Double Energy+1","floor":36},{"not_picked":["Defragment+1","Redo","Sweeping Beam"],"picked":"Singing Bowl","floor":38},{"not_picked":["BootSequence+1","Rebound+1","strawberrySpire:Compressor+1"],"picked":"Singing Bowl","floor":39},{"not_picked":["Turbo+1","Sweeping Beam","Go for the Eyes"],"picked":"Singing Bowl","floor":42},{"not_picked":["Reprogram+1","Hologram+1"],"picked":"Blizzard+1","floor":46},{"not_picked":["Rebound+1","Static Discharge+1"],"picked":"strawberrySpire:BlasterWyrm","floor":47},{"not_picked":["Stack","strawberrySpire:NeonFlight","Sweeping Beam"],"picked":"Singing Bowl","floor":48},{"not_picked":["White Noise+1","Coolheaded"],"picked":"Blizzard","floor":49}],"player_experience":1075685,"relics_obtained":[{"floor":6,"key":"Singing Bowl"},{"floor":9,"key":"Darkstone Periapt"},{"floor":12,"key":"War Paint"},{"floor":14,"key":"Kunai"},{"floor":24,"key":"Orichalcum"},{"floor":25,"key":"Ornamental Fan"},{"floor":26,"key":"Pocketwatch"},{"floor":29,"key":"Pen Nib"},{"floor":31,"key":"Dream Catcher"},{"floor":36,"key":"Turnip"},{"floor":39,"key":"Girya"},{"floor":43,"key":"strawberrySpire:MawJerky"},{"floor":44,"key":"Gremlin Horn"},{"floor":46,"key":"StoneCalendar"},{"floor":48,"key":"Calipers"}],"event_choices":[{"cards_removed":["strawberrySpire:AngeryBot"],"damage_healed":0,"gold_gain":0,"player_choice":"Gave Card","damage_taken":0,"relics_obtained":["WingedGreaves"],"max_hp_gain":0,"max_hp_loss":0,"event_name":"WeMeetAgain","floor":2,"gold_loss":0},{"damage_healed":0,"gold_gain":275,"player_choice":"Desecrate","damage_taken":0,"max_hp_gain":0,"max_hp_loss":0,"event_name":"Golden Shrine","floor":4,"gold_loss":0,"cards_obtained":["Regret"]},{"damage_healed":0,"gold_gain":0,"player_choice":"Success","damage_taken":7,"relics_obtained":["Peace Pipe"],"max_hp_gain":0,"max_hp_loss":0,"event_name":"Scrap Ooze","floor":8,"gold_loss":0},{"damage_healed":0,"gold_gain":0,"player_choice":"Upgraded","damage_taken":0,"max_hp_gain":0,"max_hp_loss":0,"event_name":"Upgrade Shrine","floor":10,"gold_loss":0,"cards_upgraded":["strawberrySpire:Flashback"]},{"damage_healed":0,"gold_gain":99,"player_choice":"Stole From Cult","damage_taken":0,"max_hp_gain":0,"max_hp_loss":0,"event_name":"Nest","floor":19,"gold_loss":0},{"damage_healed":0,"gold_gain":0,"player_choice":"Fight","damage_taken":0,"max_hp_gain":0,"max_hp_loss":0,"event_name":"Mysterious Sphere","floor":36,"gold_loss":0},{"damage_healed":0,"gold_gain":0,"player_choice":"Fight","damage_taken":0,"max_hp_gain":0,"max_hp_loss":0,"event_name":"MindBloom","floor":39,"gold_loss":0}],"is_beta":true,"boss_relics":[{"not_picked":["Fusion Hammer","strawberrySpire:CapacitorDischarge"],"picked":"Lizard Tail"},{"not_picked":["FrozenCore","Astrolabe"],"picked":"Philosopher\u0027s Stone"}],"items_purged_floors":[22,45],"is_endless":false,"potions_floor_spawned":[6,11,14,16,24,25,29,31,33,36,42,48],"ascension_level":1}