{"gold_per_floor":[118,193,193,206,224,224,277,292,292,318,335,1,13,50,62,178,190,220,232,244,256,268,280,325,354,366,395,407,429,441,471,483,596,608,635,665,13,27,27,27,27,47,118,148,148,148,148,148,148,148],"floor_reached":51,"playtime":9566,"items_purged":["Defend_B","Bite"],"score":723,"play_id":"a2512372-08bd-4e96-9a94-d385dbf161cd","local_time":"20181007134150","is_ascension_mode":false,"campfire_choices":[{"data":"Zap","floor":6,"key":"SMITH"},{"data":"Dualcast","floor":13,"key":"SMITH"},{"data":"Hologram","floor":15,"key":"SMITH"},{"data":"Genetic Algorithm","floor":23,"key":"SMITH"},{"data":"Hologram","floor":28,"key":"SMITH"},{"data":"RitualDagger","floor":30,"key":"SMITH"},{"data":"Turbo","floor":32,"key":"SMITH"},{"floor":40,"key":"DIG"},{"floor":44,"key":"DIG"},{"floor":45,"key":"DIG"},{"floor":46,"key":"DIG"},{"floor":49,"key":"DIG"}],"neow_cost":"CURSE","seed_source_timestamp":1182236020425088,"circlet_count":0,"master_deck":["Defend_B","Zap+1","Dualcast+1","Undo","Leap","Ball Lightning","Rebound","Hologram+1","Turbo+1","Turbo","Go for the Eyes","Echo Form","Genetic Algorithm+1","Bite","Bite","Bite","Bite","RitualDagger+1","Chaos+1","Hologram+1","Turbo","Compile Driver","Conserve Battery","Creative AI","Loop+1","Apotheosis","Reboot","Heatsinks","Aggregate","Blind","Scrape","Streamline","Beam Cell"],"relics":["FrozenCore","Turnip","Oddly Smooth Stone","Ice Cream","Dead Branch","Membership Card","MawBank","DataDisk","Philosopher\u0027s Stone","Shovel","WingedGreaves","Juzu Bracelet","OrangePellets","Bronze Scales","NlothsMask","Unceasing Top","Symbiotic Virus","Tiny Chest","Potion Belt","Pear","Vajra","Smiling Mask"],"potions_floor_usage":[14,18,25,25,29,29,50,50,50],"damage_taken":[{"damage":10,"enemies":"Small Slimes","floor":1,"turns":3},{"damage":1,"enemies":"Jaw Worm","floor":4,"turns":3},{"damage":0,"enemies":"Cultist","floor":5,"turns":3},{"damage":0,"enemies":"Blue Slaver","floor":8,"turns":4},{"damage":18,"enemies":"3 Sentries","floor":10,"turns":7},{"damage":0,"enemies":"Looter","floor":11,"turns":3},{"damage":2,"enemies":"Gremlin Nob","floor":14,"turns":3},{"damage":2,"enemies":"Hexaghost","floor":16,"turns":9},{"damage":34,"enemies":"3 Byrds","floor":18,"turns":4},{"damage":24,"enemies":"Gremlin Leader","floor":24,"turns":6},{"damage":8,"enemies":"2 Thieves","floor":25,"turns":2},{"damage":13,"enemies":"3 Cultists","floor":27,"turns":4},{"damage":0,"enemies":"Cultist and Chosen","floor":29,"turns":5},{"damage":28,"enemies":"Centurion and Healer","floor":31,"turns":8},{"damage":34,"enemies":"Automaton","floor":33,"turns":10},{"damage":19,"enemies":"3 Shapes","floor":35,"turns":4},{"damage":25,"enemies":"3 Darklings","floor":36,"turns":6},{"damage":2,"enemies":"4 Shapes","floor":38,"turns":5},{"damage":0,"enemies":"Reptomancer","floor":42,"turns":5},{"damage":19,"enemies":"Awakened One","floor":50,"turns":12}],"seed_played":"1658238556278429556","potions_obtained":[{"floor":4,"key":"FearPotion"},{"floor":10,"key":"Fire Potion"},{"floor":11,"key":"SteroidPotion"},{"floor":18,"key":"EssenceOfSteel"},{"floor":25,"key":"AttackPotion"},{"floor":27,"key":"Block Potion"},{"floor":38,"key":"SpeedPotion"},{"floor":42,"key":"Energy Potion"}],"is_trial":false,"path_per_floor":["M","?","?","M","M","R","T","M","T","E","M","$","R","E","R","B",null,"M","?","?","?","?","R","E","M","T","M","R","M","R","M","R","B",null,"M","M","$","M","?","R","T","M","T","R","R","R","T","?","R","B"],"character_chosen":"DEFECT","items_purchased":["Membership Card","Turbo","MawBank","Juzu Bracelet","OrangePellets","Apotheosis","Bronze Scales","Reboot","Heatsinks","Aggregate","Blind","Scrape","Energy Potion","Poison Potion"],"campfire_rested":0,"item_purchase_floors":[12,12,12,37,37,37,37,37,37,37,37,37,37,37],"current_hp_per_floor":[65,54,47,46,46,46,46,46,46,28,28,28,28,26,26,24,75,41,41,41,41,35,35,25,27,27,24,24,44,44,44,44,36,52,45,36,36,47,47,47,47,52,52,52,52,62,62,62,62,52],"gold":148,"neow_bonus":"ONE_RARE_RELIC","is_prod":false,"is_daily":false,"chose_seed":false,"campfire_upgraded":7,"win_rate":0,"timestamp":1538908910,"path_taken":["M","?","?","M","M","R","?","M","T","E","?","?","R","E","R","BOSS","M","?","?","?","?","R","E","?","T","M","R","M","R","?","R","BOSS","M","M","$","M","?","R","?","M","T","R","R","R","?","?","R","BOSS"],"build_version":"2018-10-04","purchased_purges":2,"victory":true,"max_hp_per_floor":[75,75,75,75,75,75,75,75,75,75,75,75,75,75,75,75,75,75,52,52,52,52,52,52,52,52,52,52,52,52,52,52,52,52,52,52,52,52,52,52,52,52,52,52,52,62,62,62,62,62],"card_choices":[{"not_picked":["Redo","Lockon"],"picked":"Undo","floor":1},{"not_picked":["Stack","Storm"],"picked":"Leap","floor":4},{"not_picked":["Steam Power","Beam Cell"],"picked":"Ball Lightning","floor":5},{"not_picked":["Go for the Eyes","Static Discharge"],"picked":"Rebound","floor":8},{"not_picked":["Leap","Machine Learning"],"picked":"Hologram","floor":10},{"not_picked":["Rebound","Compile Driver"],"picked":"Turbo","floor":11},{"not_picked":["Gash","Cold Snap"],"picked":"Go for the Eyes","floor":14},{"not_picked":["Reboot","All For One"],"picked":"Echo Form","floor":16},{"not_picked":["Steam Power","Consume"],"picked":"Genetic Algorithm","floor":18},{"not_picked":["Machine Learning","Rip and Tear"],"picked":"Chaos+1","floor":24},{"not_picked":["Redo","Leap+1"],"picked":"Hologram","floor":25},{"not_picked":["Reinforced Body","Scrape+1"],"picked":"Turbo","floor":27},{"not_picked":["Stack","Hologram+1"],"picked":"Compile Driver","floor":29},{"not_picked":["Melter","Rebound"],"picked":"Conserve Battery","floor":31},{"not_picked":["Multi-Cast","All For One"],"picked":"Creative AI","floor":33},{"not_picked":["Sweeping Beam","Defragment"],"picked":"Loop+1","floor":35},{"not_picked":["Coolheaded","Rebound","Go for the Eyes+1"],"picked":"SKIP","floor":36},{"not_picked":["Coolheaded","Steam+1"],"picked":"Streamline","floor":38},{"not_picked":["Reprogram","Lockon"],"picked":"Beam Cell","floor":42}],"player_experience":745138,"relics_obtained":[{"floor":7,"key":"Oddly Smooth Stone"},{"floor":9,"key":"Ice Cream"},{"floor":10,"key":"Dead Branch"},{"floor":14,"key":"DataDisk"},{"floor":24,"key":"Shovel"},{"floor":26,"key":"WingedGreaves"},{"floor":40,"key":"Unceasing Top"},{"floor":43,"key":"Symbiotic Virus"},{"floor":44,"key":"Tiny Chest"},{"floor":45,"key":"Potion Belt"},{"floor":46,"key":"Pear"},{"floor":47,"key":"Vajra"},{"floor":49,"key":"Smiling Mask"}],"event_choices":[{"event_name":"World of Goop","player_choice":"Gather Gold","floor":2,"damage_taken":0},{"event_name":"Golden Wing","player_choice":"Card Removal","floor":3,"damage_taken":0},{"event_name":"Vampires","player_choice":"Became a vampire","floor":19,"damage_taken":0},{"event_name":"Back to Basics","player_choice":"Elegance","floor":20,"damage_taken":0},{"event_name":"Fountain of Cleansing","player_choice":"Removed Curse","floor":21,"damage_taken":0},{"event_name":"Nest","player_choice":"Joined the Cult","floor":22,"damage_taken":0},{"event_name":"FaceTrader","player_choice":"Trade","floor":39,"damage_taken":0},{"event_name":"Falling","player_choice":"Removed Skill","floor":48,"damage_taken":0}],"is_beta":true,"boss_relics":[{"not_picked":["Ectoplasm","Nuclear Battery"],"picked":"Philosopher\u0027s Stone"},{"not_picked":["Pandora\u0027s Box","Coffee Dripper"],"picked":"FrozenCore"}],"items_purged_floors":[12,37],"is_endless":false,"potions_floor_spawned":[4,10,11,18,25,27,38,42],"ascension_level":0}