{"path_per_floor":["M","M","M","M","M","R","M","M","T","R","M","$","R","?","R","B",null,"M","M","?","M"],"character_chosen":"DEFECT","items_purchased":["FTL","Ancient Tea Set"],"gold_per_floor":[116,130,148,160,173,173,185,196,222,222,242,26,26,26,26,127,127,143,162,162,181,181],"floor_reached":22,"campfire_rested":0,"playtime":1030,"current_hp_per_floor":[74,68,68,59,57,57,56,40,40,40,33,33,33,33,33,7,75,66,68,68,19,0],"items_purged":[],"gold":181,"score":182,"play_id":"c9256e5f-0dca-46d4-ad0d-2a80c4cb836b","local_time":"20180428194632","is_prod":false,"is_daily":false,"chose_seed":false,"is_ascension_mode":false,"campfire_upgraded":4,"timestamp":1524933992,"path_taken":["M","M","?","?","M","R","M","?","T","R","M","?","R","?","R","BOSS","M","M","?","M","M"],"build_version":"2018-04-27v3","seed_source_timestamp":18585224534683,"purchased_purges":0,"victory":false,"master_deck":["Strike_B","Strike_B","Strike_B","Strike_B","Defend_B","Defend_B","Defend_B","Defend_B","Zap","Dualcast","Decay","Beam Cell+1","Coolheaded","Melter","Stack","Chill","Streamline+1","Chaos+1","Blizzard","FTL+1","Amplify","Hologram+1","Impulse"],"max_hp_per_floor":[75,75,75,75,75,75,75,75,75,75,75,75,75,75,75,75,75,75,77,77,77,77],"relics":["Cracked Core","Torii","Singing Bowl","Ancient Tea Set","Inserter","Regal Pillow"],"card_choices":[{"not_picked":["Ball Lightning","Leap"],"picked":"Beam Cell","floor":1},{"not_picked":["Buffer","Skim"],"picked":"Coolheaded","floor":2},{"not_picked":["Blizzard","Leap"],"picked":"Melter","floor":3},{"not_picked":["Ball Lightning","Turbo"],"picked":"Stack","floor":4},{"not_picked":["Fusion","Barrage"],"picked":"Chill","floor":5},{"not_picked":["Gash","Go for the Eyes"],"picked":"Streamline","floor":7},{"not_picked":["Skim","Rip and Tear"],"picked":"Chaos","floor":8},{"not_picked":["Sweeping Beam","Barrage"],"picked":"Blizzard","floor":11},{"not_picked":["Machine Learning","Prime"],"picked":"Amplify","floor":16},{"not_picked":["Double Energy","Skim"],"picked":"Hologram","floor":18},{"not_picked":["Melter","Ball Lightning"],"picked":"Impulse","floor":21}],"player_experience":390201,"potions_floor_usage":[16,16],"damage_taken":[{"damage":1,"enemies":"Cultist","floor":1,"turns":5},{"damage":6,"enemies":"Jaw Worm","floor":2,"turns":3},{"damage":0,"enemies":"2 Louse","floor":3,"turns":3},{"damage":9,"enemies":"Looter","floor":4,"turns":3},{"damage":2,"enemies":"3 Louse","floor":5,"turns":3},{"damage":1,"enemies":"Blue Slaver","floor":7,"turns":4},{"damage":16,"enemies":"Red Slaver","floor":8,"turns":3},{"damage":7,"enemies":"3 Louse","floor":11,"turns":2},{"damage":26,"enemies":"The Guardian","floor":16,"turns":11},{"damage":9,"enemies":"3 Byrds","floor":18,"turns":7},{"damage":0,"enemies":"Chosen","floor":19,"turns":5},{"damage":49,"enemies":"3 Cultists","floor":21,"turns":7},{"damage":20,"enemies":"Centurion and Healer","floor":22,"turns":1}],"event_choices":[{"event_name":"The Cleric","player_choice":"Leave","floor":14,"damage_taken":0},{"event_name":"The Mausoleum","player_choice":"Yes","floor":20,"damage_taken":0}],"boss_relics":[{"not_picked":["Runic Dome","White Beast Statue"],"picked":"Inserter"}],"potions_floor_spawned":[2,5,7,16,19],"seed_played":"-4966623634455502336","killed_by":"Centurion and Healer","ascension_level":0,"is_trial":false}