{"gold_per_floor":[110,129,149,161,173,173,208,224,251,251,285,285,250,280,280,280],"floor_reached":16,"playtime":2567,"items_purged":[],"score":128,"play_id":"e4158bf3-eacc-4d76-9ddc-e4c30e8ccefc","local_time":"20181222092932","is_ascension_mode":true,"campfire_choices":[{"data":"Body Slam","floor":6,"key":"SMITH"},{"floor":10,"key":"REST"},{"data":"Dual Wield","floor":15,"key":"SMITH"}],"neow_cost":"TEN_PERCENT_HP_LOSS","seed_source_timestamp":730484303880004,"circlet_count":0,"master_deck":["Strike_R+1","Strike_R","Strike_R","Strike_R","Strike_R+1","Defend_R","Defend_R","Defend_R","Defend_R","Bash","Secret Weapon","Impatience","Clothesline+1","Inflame","Body Slam+1","Headbutt","Impervious","Rage","Carnage+1","Dual Wield+1"],"relics":["Burning Blood","Lantern","Pen Nib","Whetstone","Bag of Preparation"],"potions_floor_usage":[4,5,11],"damage_taken":[{"damage":1,"enemies":"Cultist","floor":1,"turns":4},{"damage":13,"enemies":"2 Louse","floor":2,"turns":2},{"damage":8,"enemies":"Jaw Worm","floor":3,"turns":4},{"damage":0,"enemies":"3 Louse","floor":4,"turns":3},{"damage":19,"enemies":"Gremlin Gang","floor":5,"turns":7},{"damage":44,"enemies":"3 Sentries","floor":7,"turns":11},{"damage":4,"enemies":"2 Fungi Beasts","floor":8,"turns":3},{"damage":13,"enemies":"Gremlin Nob","floor":11,"turns":4},{"damage":17,"enemies":"Lagavulin","floor":14,"turns":5},{"damage":27,"enemies":"The Guardian","floor":16,"turns":7}],"seed_played":"1811366464121319541","potions_obtained":[{"floor":2,"key":"Fire Potion"},{"floor":3,"key":"Swift Potion"},{"floor":7,"key":"GamblersBrew"}],"is_trial":false,"path_per_floor":["M","M","M","M","M","R","E","M","T","R","E","?","?","E","R","B"],"character_chosen":"IRONCLAD","items_purchased":[],"campfire_rested":1,"item_purchase_floors":[],"current_hp_per_floor":[72,65,63,69,56,56,18,20,20,41,34,20,38,27,27,0],"gold":280,"neow_bonus":"RANDOM_COLORLESS_2","is_prod":false,"is_daily":false,"chose_seed":false,"campfire_upgraded":2,"win_rate":0,"timestamp":1545460172,"path_taken":["M","M","M","M","M","R","E","M","T","R","E","?","?","E","R","BOSS"],"build_version":"2018-12-20","purchased_purges":0,"victory":false,"max_hp_per_floor":[72,72,72,72,72,72,72,72,72,72,72,72,72,72,72,72],"card_choices":[{"not_picked":["Blood for Blood","Fire Breathing"],"picked":"Clothesline","floor":1},{"not_picked":["Second Wind","Flex"],"picked":"Inflame","floor":2},{"not_picked":["Fire Breathing","Anger","Thunderclap"],"picked":"SKIP","floor":3},{"not_picked":["Havoc","Feel No Pain"],"picked":"Body Slam","floor":4},{"not_picked":["Flex","Perfected Strike"],"picked":"Headbutt","floor":5},{"not_picked":["Clash","Flex"],"picked":"Impervious","floor":7},{"not_picked":["Infernal Blade","Cleave"],"picked":"Rage","floor":8},{"not_picked":["Combust","Wild Strike"],"picked":"Carnage","floor":11},{"not_picked":["Feel No Pain","Power Through"],"picked":"Dual Wield","floor":14}],"player_experience":1001045,"relics_obtained":[{"floor":7,"key":"Lantern"},{"floor":9,"key":"Pen Nib"},{"floor":11,"key":"Whetstone"},{"floor":14,"key":"Bag of Preparation"}],"event_choices":[{"damage_healed":0,"gold_gain":0,"player_choice":"Entered Light","damage_taken":14,"max_hp_gain":0,"max_hp_loss":0,"event_name":"Shining Light","floor":12,"gold_loss":0,"cards_upgraded":["Carnage","Strike_R"]},{"damage_healed":18,"gold_gain":0,"player_choice":"Healed","damage_taken":0,"max_hp_gain":0,"max_hp_loss":0,"event_name":"The Cleric","floor":13,"gold_loss":35}],"is_beta":true,"boss_relics":[],"items_purged_floors":[],"is_endless":false,"potions_floor_spawned":[2,3,7],"killed_by":"The Guardian","ascension_level":1}