{"gold_per_floor":[367,383,7,23,42,73,73,102,150,166,341,371,402,414,426,537,549,572,603,615,646,673,685,697,741,753,799,840,870,31,31,31,135,185,202,302,349,14,14,40,40,72,72,72,92,125,125,144,144,144],"floor_reached":50,"playtime":3368,"items_purged":["Doubt"],"score":786,"play_id":"304cb033-ec4c-4f60-a5bd-fc8b37b1c6c9","local_time":"20181219184527","is_ascension_mode":true,"campfire_choices":[{"data":"Hologram","floor":7,"key":"SMITH"},{"floor":15,"key":"REST"},{"data":"Gash","floor":23,"key":"SMITH"},{"floor":32,"key":"REST"},{"floor":41,"key":"RECALL"},{"data":"Fission","floor":44,"key":"SMITH"},{"data":"Gash","floor":47,"key":"SMITH"},{"data":"Dualcast","floor":49,"key":"SMITH"}],"neow_cost":"TEN_PERCENT_HP_LOSS","seed_source_timestamp":503823840745229,"circlet_count":0,"master_deck":["Strike_B","Strike_B","Strike_B","Defend_B","Defend_B","Defend_B","Defend_B","Zap","Dualcast+1","Gash+1","Go for the Eyes+1","Static Discharge+1","Gash+1","Sweeping Beam","Hologram+1","Rebound+1","All For One+1","BootSequence","Steam","Cold Snap+1","Buffer+1","Doom and Gloom+1","Hologram+1","Loop+1","Ball Lightning+1","Beam Cell+1","Fission+1","BootSequence","Turbo+1","Conserve Battery","Self Repair+1","Dark Shackles","Thinking Ahead","Electrodynamics+1","Steam+1","Loop+1","Storm+1","Turbo+1","Loop+1","Hologram+1","Creative AI+1"],"relics":["Cracked Core","Frozen Egg 2","Molten Egg 2","Question Card","Juzu Bracelet","MawBank","Eternal Feather","Bird Faced Urn","Symbiotic Virus","DataDisk","Red Mask","PreservedInsect","Matryoshka","Lantern","Tiny House","Du-Vu Doll","Strawberry","Centennial Puzzle","Membership Card","Cables","Mercury Hourglass","Omamori","Toxic Egg 2","Gremlin Horn","FossilizedHelix"],"potions_floor_usage":[13,13,25,28,33,33,40,50,50],"damage_taken":[{"damage":0,"enemies":"2 Louse","floor":1,"turns":3},{"damage":1,"enemies":"Cultist","floor":2,"turns":3},{"damage":3,"enemies":"Small Slimes","floor":4,"turns":3},{"damage":10,"enemies":"Exordium Thugs","floor":5,"turns":2},{"damage":33,"enemies":"Gremlin Nob","floor":6,"turns":5},{"damage":11,"enemies":"Lagavulin","floor":8,"turns":5},{"damage":1,"enemies":"2 Fungi Beasts","floor":10,"turns":2},{"damage":0,"enemies":"Red Slaver","floor":13,"turns":3},{"damage":5,"enemies":"Hexaghost","floor":16,"turns":8},{"damage":0,"enemies":"Chosen","floor":18,"turns":5},{"damage":17,"enemies":"Spheric Guardian","floor":19,"turns":3},{"damage":13,"enemies":"3 Cultists","floor":21,"turns":3},{"damage":16,"enemies":"Centurion and Healer","floor":22,"turns":12},{"damage":22,"enemies":"Slavers","floor":25,"turns":4},{"damage":21,"enemies":"Book of Stabbing","floor":27,"turns":4},{"damage":6,"enemies":"Masked Bandits","floor":28,"turns":2},{"damage":5,"enemies":"Shelled Parasite and Fungi","floor":29,"turns":5},{"damage":27,"enemies":"Collector","floor":33,"turns":7},{"damage":3,"enemies":"Orb Walker","floor":35,"turns":3},{"damage":22,"enemies":"Mind Bloom Boss Battle","floor":36,"turns":6},{"damage":12,"enemies":"Giant Head","floor":40,"turns":8},{"damage":0,"enemies":"Reptomancer","floor":42,"turns":5},{"damage":0,"enemies":"3 Darklings","floor":45,"turns":3},{"damage":0,"enemies":"Giant Head","floor":46,"turns":6},{"damage":14,"enemies":"Writhing Mass","floor":48,"turns":3},{"damage":91,"enemies":"Awakened One","floor":50,"turns":10}],"seed_played":"-3738580546818551130","potions_obtained":[{"floor":1,"key":"Dexterity Potion"},{"floor":5,"key":"FocusPotion"},{"floor":8,"key":"EssenceOfSteel"},{"floor":13,"key":"Swift Potion"},{"floor":16,"key":"Strength Potion"},{"floor":27,"key":"FocusPotion"},{"floor":29,"key":"SpeedPotion"},{"floor":34,"key":"EssenceOfSteel"},{"floor":36,"key":"Strength Potion"},{"floor":39,"key":"AttackPotion"},{"floor":39,"key":"Regen Potion"},{"floor":40,"key":"Poison Potion"},{"floor":45,"key":"Block Potion"}],"is_trial":false,"path_per_floor":["M","M","$","M","M","E","R","E","T","M","?","?","M","?","R","B",null,"M","M","?","M","M","R","?","E","T","E","?","M","$","?","R","B",null,"M","?","T","$","?","E","R","E","T","R","M","E","R","M","R","B"],"character_chosen":"DEFECT","items_purchased":["Frozen Egg 2","Static Discharge+1","Gash","PreservedInsect","Conserve Battery","Self Repair+1","Dark Shackles","Matryoshka","Thinking Ahead","Membership Card","Cables"],"campfire_rested":2,"item_purchase_floors":[3,3,3,30,30,30,30,30,30,38,38],"current_hp_per_floor":[68,67,67,64,54,21,21,10,10,9,9,9,9,9,29,24,68,68,51,51,40,30,45,45,27,27,10,6,7,7,7,45,34,73,70,67,74,74,74,80,80,80,80,80,80,80,80,68,80,0],"gold":144,"neow_bonus":"TWO_FIFTY_GOLD","is_prod":false,"is_daily":false,"chose_seed":false,"campfire_upgraded":5,"win_rate":0,"timestamp":1545234327,"path_taken":["M","M","$","M","M","E","R","E","T","M","?","?","M","?","R","BOSS","M","M","?","M","M","R","?","E","T","E","?","M","$","?","R","BOSS","M","?","?","$","?","E","R","E","T","R","M","E","R","M","R","BOSS"],"build_version":"2018-12-17","purchased_purges":1,"victory":false,"max_hp_per_floor":[68,68,68,68,68,68,68,68,68,68,68,68,68,68,68,68,68,68,68,68,68,68,68,68,68,68,68,68,68,68,68,68,68,73,73,73,80,80,80,80,80,80,80,80,80,80,80,80,80,80],"card_choices":[{"not_picked":["Heatsinks","Compile Driver"],"picked":"Gash","floor":1},{"not_picked":["Double Energy","Barrage"],"picked":"Go for the Eyes","floor":2},{"not_picked":["Aggregate","Go for the Eyes"],"picked":"Sweeping Beam","floor":4},{"not_picked":["Lockon","Capacitor+1"],"picked":"Hologram","floor":5},{"not_picked":["Beam Cell","Recycle"],"picked":"Rebound","floor":6},{"not_picked":["Blizzard+1","FTL+1"],"picked":"All For One+1","floor":8},{"not_picked":["Reinforced Body","Coolheaded","Compile Driver+1"],"picked":"BootSequence","floor":10},{"not_picked":["Tempest","Auto Shields","White Noise"],"picked":"Steam","floor":13},{"not_picked":["All For One+1","Reboot","Multi-Cast"],"picked":"Buffer+1","floor":16},{"not_picked":["Double Energy+1","Leap","Rebound+1"],"picked":"Doom and Gloom+1","floor":18},{"not_picked":["Redo","Turbo","Fusion"],"picked":"Hologram+1","floor":19},{"not_picked":["Aggregate","Skim","Darkness+1"],"picked":"Loop+1","floor":21},{"not_picked":["Beam Cell+1","Coolheaded","Rebound+1"],"picked":"Ball Lightning+1","floor":22},{"not_picked":["Melter+1","Aggregate+1","Chaos"],"picked":"Beam Cell+1","floor":25},{"not_picked":["Heatsinks+1","Gash+1","Hologram"],"picked":"Fission","floor":27},{"not_picked":["Capacitor+1","Ball Lightning+1","Cold Snap+1"],"picked":"BootSequence","floor":28},{"not_picked":["Go for the Eyes+1","Leap","Barrage+1"],"picked":"Turbo+1","floor":29},{"not_picked":["Meteor Strike+1","Machine Learning+1","Reboot"],"picked":"Electrodynamics+1","floor":33},{"not_picked":["Compile Driver+1","Redo","Go for the Eyes+1"],"picked":"Steam+1","floor":34},{"not_picked":["Sweeping Beam+1","Heatsinks+1","BootSequence"],"picked":"Loop+1","floor":35},{"not_picked":["Ball Lightning+1","Leap","Darkness+1"],"picked":"Storm+1","floor":40},{"not_picked":["Thunder Strike+1","Barrage+1","Coolheaded"],"picked":"Turbo+1","floor":42},{"not_picked":["Stack+1","Coolheaded+1","Barrage+1"],"picked":"Loop+1","floor":45},{"not_picked":["BootSequence+1","Go for the Eyes+1","Compile Driver+1"],"picked":"Hologram+1","floor":46},{"not_picked":["Gash+1","Hologram+1","Static Discharge+1"],"picked":"Creative AI+1","floor":48}],"player_experience":997027,"relics_obtained":[{"floor":6,"key":"Molten Egg 2"},{"floor":8,"key":"Question Card"},{"floor":9,"key":"Juzu Bracelet"},{"floor":25,"key":"Symbiotic Virus"},{"floor":27,"key":"DataDisk"},{"floor":28,"key":"Red Mask"},{"floor":36,"key":"Du-Vu Doll"},{"floor":37,"key":"Strawberry"},{"floor":37,"key":"Centennial Puzzle"},{"floor":40,"key":"Mercury Hourglass"},{"floor":42,"key":"Omamori"},{"floor":43,"key":"Toxic Egg 2"},{"floor":43,"key":"Gremlin Horn"},{"floor":46,"key":"FossilizedHelix"}],"event_choices":[{"damage_healed":0,"gold_gain":175,"player_choice":"AGREE","damage_taken":0,"max_hp_gain":0,"max_hp_loss":0,"event_name":"Liars Game","floor":11,"gold_loss":0,"cards_obtained":["Doubt"]},{"damage_healed":0,"gold_gain":30,"player_choice":"Searched \u00273\u0027 times","damage_taken":0,"relics_obtained":["MawBank"],"max_hp_gain":0,"max_hp_loss":0,"event_name":"Dead Adventurer","floor":12,"gold_loss":0},{"damage_healed":0,"gold_gain":0,"player_choice":"1 cards matched","damage_taken":0,"max_hp_gain":0,"max_hp_loss":0,"event_name":"Match and Keep!","floor":14,"gold_loss":0,"cards_obtained":["Cold Snap"]},{"damage_healed":0,"gold_gain":0,"player_choice":"Opened","damage_taken":0,"relics_obtained":["Bird Faced Urn"],"max_hp_gain":0,"max_hp_loss":0,"event_name":"The Mausoleum","floor":20,"gold_loss":0},{"cards_removed":["Strike_B"],"damage_healed":0,"gold_gain":0,"player_choice":"Card Removal","damage_taken":0,"max_hp_gain":0,"max_hp_loss":0,"event_name":"Wheel of Change","floor":24,"gold_loss":0},{"damage_healed":0,"gold_gain":0,"player_choice":"Fought Bandits","damage_taken":0,"max_hp_gain":0,"max_hp_loss":0,"event_name":"Masked Bandits","floor":28,"gold_loss":0},{"damage_healed":0,"gold_gain":0,"player_choice":"Gave Potion","damage_taken":0,"relics_obtained":["Lantern"],"max_hp_gain":0,"max_hp_loss":0,"event_name":"WeMeetAgain","floor":31,"gold_loss":0},{"damage_healed":0,"gold_gain":0,"player_choice":"Fight","damage_taken":0,"max_hp_gain":0,"max_hp_loss":0,"event_name":"MindBloom","floor":36,"gold_loss":0},{"damage_healed":0,"gold_gain":0,"player_choice":"Got Potions","damage_taken":0,"max_hp_gain":0,"max_hp_loss":0,"event_name":"Lab","floor":39,"gold_loss":0}],"is_beta":true,"boss_relics":[{"not_picked":["Pandora\u0027s Box","Black Star"],"picked":"Eternal Feather"},{"not_picked":["Runic Pyramid","Runic Dome"],"picked":"Tiny House"}],"items_purged_floors":[30],"is_endless":false,"potions_floor_spawned":[1,5,8,13,16,19,21,27,29,36,40,45],"killed_by":"Awakened One","ascension_level":1}