{"gold_per_floor":[113,113,124,124,8,8,41,141,141,155,173,214,235,270,270,391,391,407,60,75,75,100,131,154,197,197,197,212,228,268,268,268,268],"floor_reached":33,"playtime":3237,"items_purged":["Strike_R"],"score":472,"play_id":"36476760-5e6a-4f6d-8131-3d6fedd5f44b","local_time":"20190908185612","is_ascension_mode":true,"campfire_choices":[{"data":"Jack Of All Trades","floor":6,"key":"SMITH"},{"data":"Feed","floor":15,"key":"SMITH"},{"data":"Metallicize","floor":27,"key":"SMITH"},{"data":"Berserk","floor":32,"key":"SMITH"}],"neow_cost":"NONE","seed_source_timestamp":105374568186200,"circlet_count":0,"master_deck":["Strike_R","Strike_R","Strike_R","Strike_R","Defend_R","Defend_R+1","Defend_R","Bash","Reckless Charge","Clash","Corruption","Jack Of All Trades+1","Feed+1","Headbutt","Clothesline","Sever Soul","Shrug It Off+1","Uppercut","Barricade","Body Slam","Shrug It Off","Whirlwind","Shame","Metallicize+1","Evolve","Headbutt","Entrench","Berserk+1","Spot Weakness"],"relics":["Burning Blood","Ornamental Fan","Bloody Idol","Smiling Mask","FossilizedHelix","Mummified Hand","Anchor","Coffee Dripper","Strange Spoon","Dodecahedron","Lantern","Pen Nib","War Paint","Matryoshka"],"potions_floor_usage":[14,30],"damage_taken":[{"damage":2,"enemies":"2 Louse","floor":1,"turns":3},{"damage":1,"enemies":"Cultist","floor":3,"turns":3},{"damage":31,"enemies":"3 Sentries","floor":7,"turns":9},{"damage":0,"enemies":"Small Slimes","floor":10,"turns":2},{"damage":0,"enemies":"Looter","floor":11,"turns":2},{"damage":0,"enemies":"Gremlin Nob","floor":12,"turns":3},{"damage":0,"enemies":"Red Slaver","floor":13,"turns":2},{"damage":4,"enemies":"3 Sentries","floor":14,"turns":7},{"damage":40,"enemies":"The Guardian","floor":16,"turns":12},{"damage":0,"enemies":"Shell Parasite","floor":18,"turns":4},{"damage":0,"enemies":"2 Thieves","floor":20,"turns":3},{"damage":2,"enemies":"Snake Plant","floor":22,"turns":5},{"damage":19,"enemies":"Slavers","floor":23,"turns":4},{"damage":0,"enemies":"Centurion and Healer","floor":24,"turns":5},{"damage":41,"enemies":"Book of Stabbing","floor":25,"turns":6},{"damage":20,"enemies":"Sentry and Sphere","floor":28,"turns":4},{"damage":7,"enemies":"Snecko","floor":29,"turns":4},{"damage":0,"enemies":"Gremlin Leader","floor":30,"turns":12},{"damage":91,"enemies":"Automaton","floor":33,"turns":6}],"seed_played":"-324082158841042805","potions_obtained":[{"floor":7,"key":"Explosive Potion"},{"floor":13,"key":"Ancient Potion"},{"floor":14,"key":"Ancient Potion"},{"floor":23,"key":"Strength Potion"},{"floor":28,"key":"SkillPotion"}],"is_trial":false,"path_per_floor":["M","?","M","?","$","R","E","?","T","M","M","E","M","E","R","B",null,"M","$","M","?","M","E","M","E","T","R","M","M","E","?","R","B"],"character_chosen":"IRONCLAD","items_purchased":["Corruption","Jack Of All Trades","Strange Spoon","Shrug It Off","Whirlwind"],"campfire_rested":0,"item_purchase_floors":[5,5,19,19,19],"current_hp_per_floor":[80,80,80,60,60,60,35,35,35,44,53,62,71,76,76,46,99,103,103,107,107,111,98,104,73,73,73,63,66,76,76,76,0],"gold":268,"neow_bonus":"REMOVE_CARD","is_prod":false,"is_daily":false,"chose_seed":false,"campfire_upgraded":4,"win_rate":0,"timestamp":1567958172,"path_taken":["M","?","?","?","$","R","E","?","T","M","M","E","?","E","R","BOSS","M","$","?","?","M","E","M","E","T","R","M","M","E","?","R","BOSS"],"build_version":"2019-07-17","purchased_purges":1,"victory":false,"max_hp_per_floor":[80,80,80,80,80,80,80,80,80,83,86,89,92,95,95,99,99,103,103,107,107,111,111,111,115,115,115,119,123,127,127,127,127],"card_choices":[{"not_picked":["Body Slam","Sword Boomerang"],"picked":"Reckless Charge","floor":1},{"not_picked":["Body Slam","Seeing Red"],"picked":"Clash","floor":3},{"not_picked":["Shockwave","Perfected Strike"],"picked":"Feed","floor":7},{"not_picked":["Twin Strike","Clothesline"],"picked":"Headbutt","floor":10},{"not_picked":["Brutality","Warcry"],"picked":"Clothesline","floor":11},{"not_picked":["Anger","Reckless Charge"],"picked":"Sever Soul","floor":12},{"not_picked":["Flex","Anger"],"picked":"Shrug It Off","floor":13},{"not_picked":["Clash","Burning Pact"],"picked":"Uppercut","floor":14},{"not_picked":["Offering","Bludgeon"],"picked":"Barricade","floor":16},{"not_picked":["Bloodletting+1","Wild Strike"],"picked":"Body Slam","floor":18},{"not_picked":["Reckless Charge","Searing Blow","Sword Boomerang"],"picked":"SKIP","floor":20},{"not_picked":["Perfected Strike","Fire Breathing","Sentinel"],"picked":"SKIP","floor":22},{"not_picked":["Thunderclap","Body Slam"],"picked":"Metallicize","floor":23},{"not_picked":["Twin Strike","Pommel Strike+1"],"picked":"Evolve","floor":24},{"not_picked":["Clash","Twin Strike"],"picked":"Headbutt","floor":25},{"not_picked":["Pommel Strike","Rage"],"picked":"Entrench","floor":28},{"not_picked":["Wild Strike+1","Thunderclap"],"picked":"Berserk","floor":29},{"not_picked":["Hemokinesis+1","Armaments"],"picked":"Spot Weakness","floor":30}],"player_experience":255524,"relics_obtained":[{"floor":2,"key":"Ornamental Fan"},{"floor":7,"key":"Smiling Mask"},{"floor":9,"key":"FossilizedHelix"},{"floor":12,"key":"Mummified Hand"},{"floor":14,"key":"Anchor"},{"floor":23,"key":"Lantern"},{"floor":25,"key":"Pen Nib"},{"floor":26,"key":"War Paint"},{"floor":30,"key":"Matryoshka"}],"event_choices":[{"damage_healed":0,"gold_gain":0,"player_choice":"Relic","damage_taken":0,"max_hp_gain":0,"max_hp_loss":0,"event_name":"Wheel of Change","floor":2,"gold_loss":0},{"damage_healed":0,"gold_gain":0,"player_choice":"Take Damage","damage_taken":20,"relics_obtained":["Golden Idol"],"max_hp_gain":0,"max_hp_loss":0,"event_name":"Golden Idol","floor":4,"gold_loss":0},{"damage_healed":0,"gold_gain":100,"player_choice":"Pray","damage_taken":0,"max_hp_gain":0,"max_hp_loss":0,"event_name":"Golden Shrine","floor":8,"gold_loss":0},{"damage_healed":0,"gold_gain":0,"player_choice":"Stole Relic","damage_taken":0,"relics_obtained":["Dodecahedron"],"max_hp_gain":0,"max_hp_loss":0,"event_name":"Addict","floor":21,"gold_loss":0,"cards_obtained":["Shame"]},{"damage_healed":0,"gold_gain":0,"player_choice":"Gave Idol","damage_taken":0,"relics_obtained":["Bloody Idol"],"max_hp_gain":0,"max_hp_loss":0,"event_name":"Forgotten Altar","floor":31,"relics_lost":["Golden Idol"],"gold_loss":0}],"is_beta":false,"boss_relics":[{"not_picked":["Tiny House","Velvet Choker"],"picked":"Coffee Dripper"}],"items_purged_floors":[19],"is_endless":false,"potions_floor_spawned":[7,13,14,23,24,28,29],"killed_by":"Automaton","ascension_level":1}