{"gold_per_floor":[119,119,134,134,146,0,0,0,0,0,30,47,58,76,76,175,205,218,218,218,23,38,38],"floor_reached":23,"playtime":920,"items_purged":[],"score":241,"play_id":"61be8fb6-2fad-4675-bbc5-82f43f91e15f","local_time":"20180920202234","is_ascension_mode":false,"campfire_choices":[{"data":"Carnage","floor":7.0,"key":"SMITH"},{"data":"Headbutt","floor":10.0,"key":"SMITH"},{"data":"Barricade","floor":15.0,"key":"SMITH"}],"neow_cost":"NONE","seed_source_timestamp":0,"circlet_count":0,"master_deck":["Strike_R","Strike_R","Strike_R","Strike_R","Strike_R","Defend_R","Defend_R","Defend_R","Bash","Clothesline+1","Headbutt+1","Carnage+1","Shrug It Off","Cleave","Barricade+1","Body Slam","Feed","Pain","Armaments"],"special_seed":0,"relics":["Burning Blood","Lantern","PreservedInsect","Matryoshka","Omamori","Pear","Kunai","Calling Bell","Tiny Chest","Blue Candle","Magic Flower","Mummified Hand","Ancient Tea Set","Oddly Smooth Stone","Toolbox"],"potions_floor_usage":[23,23],"damage_taken":[{"damage":14.0,"enemies":"Small Slimes","floor":1.0,"turns":4.0},{"damage":0.0,"enemies":"Cultist","floor":3.0,"turns":2.0},{"damage":11.0,"enemies":"Jaw Worm","floor":5.0,"turns":3.0},{"damage":0.0,"enemies":"Gremlin Nob","floor":11.0,"turns":2.0},{"damage":0.0,"enemies":"Blue Slaver","floor":12.0,"turns":1.0},{"damage":5.0,"enemies":"Exordium Thugs","floor":13.0,"turns":2.0},{"damage":0.0,"enemies":"Exordium Wildlife","floor":14.0,"turns":4.0},{"damage":22.0,"enemies":"The Guardian","floor":16.0,"turns":9.0},{"damage":49.0,"enemies":"Shell Parasite","floor":18.0,"turns":9.0},{"damage":31.0,"enemies":"3 Byrds","floor":22.0,"turns":9.0},{"damage":40,"enemies":"Gremlin Leader","floor":23,"turns":4}],"seed_played":"-3304131552448766602","potions_obtained":[{"floor":3.0,"key":"Explosive Potion"},{"floor":13.0,"key":"PowerPotion"},{"floor":14.0,"key":"SpeedPotion"},{"floor":22.0,"key":"SpeedPotion"}],"is_trial":false,"path_per_floor":["M","?","M","?","M","$","R","?","T","R","E","M","M","M","R","B",null,"M","?","T","$","M"],"character_chosen":"IRONCLAD","items_purchased":["PreservedInsect","Toolbox"],"campfire_rested":0,"item_purchase_floors":[6,21],"current_hp_per_floor":[72,72,78,78,73,73,73,73,83,83,89,90,90,90,90,74,90,55,55,55,55,39,0],"gold":38,"neow_bonus":"RANDOM_COMMON_RELIC","is_prod":false,"is_daily":false,"chose_seed":false,"campfire_upgraded":3,"win_rate":0,"timestamp":1537464154,"path_taken":["M","?","M","?","?","?","R","?","T","R","E","?","M","M","R","BOSS","M","?","?","$","M","E"],"build_version":"2018-09-19","purchased_purges":0,"victory":false,"max_hp_per_floor":[80,80,80,80,80,80,80,80,90,90,90,90,90,90,90,90,90,93,93,93,93,97,97],"card_choices":[{"not_picked":["True Grit","Iron Wave"],"picked":"Clothesline","floor":1.0},{"not_picked":["Body Slam","Havoc"],"picked":"Headbutt","floor":3.0},{"not_picked":["Combust","Hemokinesis"],"picked":"Carnage","floor":5.0},{"not_picked":["True Grit","Headbutt"],"picked":"Shrug It Off","floor":11.0},{"not_picked":["Thunderclap","Armaments"],"picked":"Cleave","floor":12.0},{"not_picked":["Headbutt","Bloodletting"],"picked":"Barricade","floor":13.0},{"not_picked":["Armaments","Dropkick"],"picked":"Body Slam","floor":14.0},{"not_picked":["Berserk","Fiend Fire"],"picked":"Feed","floor":16.0},{"not_picked":["Warcry","Body Slam"],"picked":"Armaments","floor":18.0},{"not_picked":["Sentinel","Headbutt","Armaments+1"],"picked":"SKIP","floor":22.0}],"player_experience":700678,"relics_obtained":[{"floor":9.0,"key":"Omamori"},{"floor":9.0,"key":"Pear"},{"floor":11.0,"key":"Kunai"},{"floor":17.0,"key":"Tiny Chest"},{"floor":17.0,"key":"Blue Candle"},{"floor":17.0,"key":"Magic Flower"},{"floor":20.0,"key":"Ancient Tea Set"},{"floor":20.0,"key":"Oddly Smooth Stone"}],"event_choices":[{"event_name":"Bonfire Elementals","player_choice":"BASIC","floor":2.0,"damage_taken":0.0},{"event_name":"Living Wall","player_choice":"Grow","floor":4.0,"damage_taken":0.0},{"event_name":"WeMeetAgain","player_choice":"Potion","floor":8.0,"damage_taken":0.0},{"event_name":"The Mausoleum","player_choice":"Yes","floor":19.0,"damage_taken":0.0}],"is_beta":true,"boss_relics":[{"not_picked":["Empty Cage","Runic Cube"],"picked":"Calling Bell"}],"items_purged_floors":[],"is_endless":false,"potions_floor_spawned":[3,13,14,22],"killed_by":"Gremlin Leader","ascension_level":0}