{"gold_per_floor":[115,126,301,301,36,36,63,115,141,157,187,187,187,187,187,315,315,339,339,379,403,313,313,313],"floor_reached":24,"playtime":1303,"items_purged":["Doubt"],"score":236,"play_id":"d00c3559-7079-46e7-9cc8-2d85fac55984","local_time":"20190918113133","is_ascension_mode":true,"campfire_choices":[{"data":"Eruption","floor":6,"key":"SMITH"},{"data":"ForeignInfluence","floor":13,"key":"SMITH"},{"data":"Meditate","floor":15,"key":"SMITH"},{"data":"WindmillStrike","floor":23,"key":"SMITH"}],"neow_cost":"NONE","seed_source_timestamp":173202910005600,"circlet_count":0,"master_deck":["Strike_P","Strike_P","Defend_P+1","Defend_P+1","Defend_P","Defend_P+1","Eruption+1","Vigilance","DeusExMachina","MentalFortress","FearNoEvil","EmptyBody","FollowUp","ForeignInfluence+1","Nirvana","Meditate+1","Judgement","WindmillStrike+1","ForeignInfluence+1","Wallop"],"relics":["PureWater","Sundial","Toolbox","Art of War","War Paint","Regal Pillow","Pen Nib","Golden Idol","Cursed Key","Red Mask"],"potions_floor_usage":[11,11,24],"damage_taken":[{"damage":0,"enemies":"2 Louse","floor":1,"turns":3},{"damage":2,"enemies":"Small Slimes","floor":2,"turns":4},{"damage":13,"enemies":"3 Sentries","floor":7,"turns":7},{"damage":0,"enemies":"Jaw Worm","floor":10,"turns":3},{"damage":0,"enemies":"Lagavulin","floor":11,"turns":2},{"damage":20,"enemies":"Slime Boss","floor":16,"turns":6},{"damage":0,"enemies":"3 Byrds","floor":18,"turns":4},{"damage":21,"enemies":"Masked Bandits","floor":20,"turns":6},{"damage":5,"enemies":"Shell Parasite","floor":21,"turns":4},{"damage":48,"enemies":"Gremlin Leader","floor":24,"turns":9}],"seed_played":"-6434362782674276018","potions_obtained":[{"floor":1,"key":"Fire Potion"},{"floor":7,"key":"GamblersBrew"},{"floor":20,"key":"SkillPotion"}],"is_trial":false,"path_per_floor":["M","M","?","?","$","R","E","T","T","M","E","?","R","?","R","B",null,"M","?","?","M","?","R","E"],"character_chosen":"WATCHER","items_purchased":["EmptyBody","Toolbox"],"campfire_rested":0,"item_purchase_floors":[5,5],"current_hp_per_floor":[65,63,63,51,51,51,38,38,38,38,38,22,22,22,22,2,65,65,65,44,39,39,39,0],"gold":313,"neow_bonus":"ONE_RANDOM_RARE_CARD","is_prod":false,"is_daily":false,"chose_seed":false,"campfire_upgraded":4,"win_rate":0,"timestamp":1568795493,"path_taken":["M","M","?","?","$","R","E","?","T","?","E","?","R","?","R","BOSS","M","?","?","M","?","R","E"],"build_version":"2019-09-17","purchased_purges":1,"victory":false,"max_hp_per_floor":[65,65,65,65,65,65,65,65,65,65,65,65,65,65,65,65,65,65,65,65,65,65,65,65],"card_choices":[{"not_picked":["EmptyMind","Weave"],"picked":"MentalFortress","floor":1},{"not_picked":["Halt","ClearTheMind"],"picked":"FearNoEvil","floor":2},{"not_picked":["Halt","DeusExMachina"],"picked":"FollowUp","floor":7},{"not_picked":["Conclude","ClearTheMind"],"picked":"ForeignInfluence","floor":10},{"not_picked":["FollowUp","Establishment"],"picked":"Nirvana","floor":11},{"not_picked":["Metaphysics","Ragnarok"],"picked":"Judgement","floor":16},{"not_picked":["ClearTheMind","Protect+1"],"picked":"WindmillStrike","floor":18},{"not_picked":["Weave+1","EmptyFist+1"],"picked":"ForeignInfluence+1","floor":20},{"not_picked":["Consecrate","Halt+1"],"picked":"Wallop","floor":21}],"player_experience":295762,"relics_obtained":[{"floor":7,"key":"Art of War"},{"floor":8,"key":"War Paint"},{"floor":9,"key":"Regal Pillow"},{"floor":11,"key":"Pen Nib"},{"floor":20,"key":"Red Mask"}],"event_choices":[{"damage_healed":0,"gold_gain":175,"player_choice":"AGREE","damage_taken":0,"max_hp_gain":0,"max_hp_loss":0,"event_name":"Liars Game","floor":3,"gold_loss":0,"cards_obtained":["Doubt"]},{"damage_healed":0,"gold_gain":0,"player_choice":"Success","damage_taken":12,"relics_obtained":["Sundial"],"max_hp_gain":0,"max_hp_loss":0,"event_name":"Scrap Ooze","floor":4,"gold_loss":0},{"damage_healed":0,"gold_gain":0,"player_choice":"Take Damage","damage_taken":16,"relics_obtained":["Golden Idol"],"max_hp_gain":0,"max_hp_loss":0,"event_name":"Golden Idol","floor":12,"gold_loss":0},{"damage_healed":0,"gold_gain":0,"cards_transformed":["Strike_P"],"player_choice":"Transformed","damage_taken":0,"max_hp_gain":0,"max_hp_loss":0,"event_name":"Transmorgrifier","floor":14,"gold_loss":0,"cards_obtained":["Meditate"]},{"damage_healed":0,"gold_gain":0,"player_choice":"Ignored","damage_taken":0,"max_hp_gain":0,"max_hp_loss":0,"event_name":"Ghosts","floor":19,"gold_loss":0},{"damage_healed":0,"gold_gain":0,"player_choice":"Fought Bandits","damage_taken":0,"max_hp_gain":0,"max_hp_loss":0,"event_name":"Masked Bandits","floor":20,"gold_loss":0},{"cards_removed":["Strike_P"],"damage_healed":0,"gold_gain":0,"player_choice":"Upgrade and Remove","damage_taken":0,"max_hp_gain":0,"max_hp_loss":0,"event_name":"Designer","floor":22,"gold_loss":90,"cards_upgraded":["Defend_P"]}],"is_beta":true,"boss_relics":[{"not_picked":["Calling Bell","Busted Crown"],"picked":"Cursed Key"}],"items_purged_floors":[5],"is_endless":false,"potions_floor_spawned":[1,7,20],"killed_by":"Gremlin Leader","ascension_level":1}