{"gold_per_floor":[110,130,130,401,401,428,428,773,773,773,799,818,849,874,874,969,969,984,1001,1001,1101,1132,1166,1197,1222,1222,1252,1285,1311,1337,37,37,137,137,155,209,221,221,251,280,309,344,344,374,401,401,428,13,13,13],"floor_reached":51,"playtime":2874,"items_purged":[],"score":1364,"play_id":"8dbcfa19-7bca-4718-822a-8e63590a590b","local_time":"20190111215844","daily_mods":["SealedDeck","Specialized","Vintage","Heirloom","Time Dilation","Flight","DeadlyEvents","Elite Swarm"],"is_ascension_mode":false,"campfire_choices":[{"data":"strawberrySpire:DraftPunk","floor":7.0,"key":"SMITH"},{"floor":10.0,"key":"REST"},{"data":"strawberrySpire:Hellbender","floor":15,"key":"SMITH"},{"data":"Dark Embrace","floor":32,"key":"SMITH"},{"data":"1","floor":46,"key":"LIFT"},{"data":"2","floor":49,"key":"LIFT"}],"neow_cost":"","seed_source_timestamp":0,"circlet_count":0,"master_deck":["Perfected Strike","Perfected Strike","Perfected Strike","strawberrySpire:FireDrill","strawberrySpire:GettingOverIt","Uppercut","Havoc","strawberrySpire:DraftPunk+1","Ghostly Armor","strawberrySpire:JustAWound","Wild Strike","Headbutt","Metallicize","Doubt","Demon Form","strawberrySpire:Harvest","strawberrySpire:FortFortyFour","strawberrySpire:Hellbender+1","Limit Break","Offering","Entrench","Immolate","Double Tap","Feed","Dark Embrace+1","Limit Break","infinitespire:Virus","Impervious","Exhume","Shrug It Off","Demon Form","Madness","strawberrySpire:Dropbox","Violence","strawberrySpire:Hellbender","Bludgeon","Offering","Offering+1","Limit Break+1","infinitespire:Virus","infinitespire:Virus","infinitespire:Virus","infinitespire:Virus","infinitespire:Virus","Apotheosis+1"],"special_seed":0,"relics":["Burning Blood","infinitespire:CursedDice","Bird Faced Urn","Red Skull","strawberrySpire:ThornyGelberry","Omamori","PreservedInsect","Bag of Preparation","Gremlin Horn","The Courier","Calipers","Mark of Pain","Blood Vial","Torii","Turnip","strawberrySpire:DirtyLipstick","strawberrySpire:KineticCharger","Kunai","Shuriken","strawberrySpire:ElefentMask","Art of War","Anchor","strawberrySpire:PoopsieRoll","Strawberry","Bottled Flame","StoneCalendar","Meat on the Bone","Matryoshka","strawberrySpire:Flakhammer","Sundial","Pen Nib","Brimstone","strawberrySpire:Dictionifier","Charon\u0027s Ashes","strawberrySpire:IronFlakes","Bag of Marbles","Ice Cream","Thread and Needle","Self Forming Clay","Girya","Toxic Egg 2","Pocketwatch","Question Card","Oddly Smooth Stone","Shovel","strawberrySpire:BrokenPrinter","Boot"],"potions_floor_usage":[16,21,21,25,25,25,29,36,39,39,39,40,40,42,42,42,42,42,45,50,50],"damage_taken":[{"damage":5.0,"enemies":"Cultist","floor":1.0,"turns":3.0},{"damage":6.0,"enemies":"Small Slimes","floor":2.0,"turns":5.0},{"damage":20.0,"enemies":"Lagavulin","floor":6.0,"turns":5.0},{"damage":45.0,"enemies":"strawberrySpire:EnergyPylons","floor":8.0,"turns":5.0},{"damage":20.0,"enemies":"Lagavulin","floor":11.0,"turns":5.0},{"damage":20.0,"enemies":"Jaw Worm","floor":12.0,"turns":6.0},{"damage":16.0,"enemies":"Gremlin Nob","floor":13.0,"turns":3.0},{"damage":9,"enemies":"3 Sentries","floor":14,"turns":8},{"damage":71,"enemies":"The Guardian","floor":16,"turns":12},{"damage":6,"enemies":"Chosen","floor":18,"turns":6},{"damage":16,"enemies":"Spheric Guardian","floor":19,"turns":5},{"damage":28,"enemies":"Colosseum Slavers","floor":21,"turns":3},{"damage":6,"enemies":"Colosseum Nobs","floor":21,"turns":3},{"damage":23,"enemies":"Book of Stabbing","floor":22,"turns":5},{"damage":13,"enemies":"Gremlin Leader","floor":23,"turns":6},{"damage":66,"enemies":"Nightmare","floor":24,"turns":5},{"damage":31,"enemies":"Nightmare","floor":25,"turns":6},{"damage":19,"enemies":"Slavers","floor":27,"turns":3},{"damage":6,"enemies":"Gremlin Leader","floor":28,"turns":6},{"damage":30,"enemies":"Nightmare","floor":29,"turns":5},{"damage":7,"enemies":"Gremlin Leader","floor":30,"turns":3},{"damage":28,"enemies":"Champ","floor":33,"turns":5},{"damage":6,"enemies":"3 Darklings","floor":35,"turns":1},{"damage":8,"enemies":"2 Orb Walkers","floor":36,"turns":3},{"damage":29,"enemies":"3 Shapes","floor":37,"turns":3},{"damage":17,"enemies":"Giant Head","floor":39,"turns":7},{"damage":0,"enemies":"Reptomancer","floor":40,"turns":2},{"damage":0,"enemies":"strawberrySpire:EssenceStones","floor":41,"turns":1},{"damage":40,"enemies":"Nightmare","floor":42,"turns":6},{"damage":1,"enemies":"Reptomancer","floor":44,"turns":2},{"damage":18,"enemies":"Nightmare","floor":45,"turns":1},{"damage":0,"enemies":"Reptomancer","floor":47,"turns":1},{"damage":13,"enemies":"infinitespire:MassOfShapes","floor":50,"turns":4}],"seed_played":"4347741753363151143","potions_obtained":[{"floor":1.0,"key":"SpeedPotion"},{"floor":11.0,"key":"Regen Potion"},{"floor":14,"key":"Poison Potion"},{"floor":18,"key":"SteroidPotion"},{"floor":24,"key":"infinitespire:BlackPotion"},{"floor":24,"key":"AttackPotion"},{"floor":25,"key":"infinitespire:BlackPotion"},{"floor":25,"key":"Fruit Juice"},{"floor":30,"key":"Weak Potion"},{"floor":33,"key":"Fire Potion"},{"floor":36,"key":"Energy Potion"},{"floor":37,"key":"SpeedPotion"},{"floor":40,"key":"Swift Potion"},{"floor":42,"key":"infinitespire:BlackPotion"},{"floor":42,"key":"AttackPotion"},{"floor":45,"key":"infinitespire:BlackPotion"}],"is_trial":true,"path_per_floor":["M","M","?","?","?","E","R","E","T","R","E","M","E","E","R","B",null,"M","M","?","?","E","E","NM","NM","T","E","E","NM","E","$","R","B",null,"M","?","M","?","E","E","E","NM","T","E","NM","R","E","$","R","B",null],"character_chosen":"IRONCLAD","items_purchased":["StoneCalendar","Meat on the Bone","Matryoshka","Shrug It Off","strawberrySpire:Flakhammer","Sundial","Pen Nib","Brimstone","strawberrySpire:BrokenPrinter","Apotheosis+1","Boot"],"campfire_rested":1,"item_purchase_floors":[31,31,31,31,31,31,31,31,48,48,48],"current_hp_per_floor":[80,80,73,73,55,43,43,10,10,34,44,44,38,51,51,23,80,80,76,76,75,80,80,31,32,32,25,53,53,75,75,75,88,92,92,92,77,67,95,95,95,78,78,95,95,95,101,101,101,104],"gold":13,"neow_bonus":"","is_prod":false,"is_daily":false,"chose_seed":false,"campfire_upgraded":3,"win_rate":0,"timestamp":1547233124,"path_taken":["M","?","?","?","?","E","R","E","T","R","E","?","E","?","R","BOSS","M","M","?","?","?","E","NM","NM","T","E","E","NM","E","$","R","BOSS","M","?","?","?","?","E","E","NM","T","E","NM","R","E","?","R","BOSS"],"build_version":"2019-01-10","purchased_purges":0,"victory":true,"max_hp_per_floor":[80,80,80,80,80,80,80,80,80,80,80,80,80,80,80,80,80,80,80,80,80,80,80,80,85,85,85,85,92,92,92,92,92,92,92,92,95,95,95,95,95,95,95,98,101,101,101,101,101,104],"card_choices":[{"not_picked":["Barricade","Impervious"],"picked":"Demon Form","floor":6.0},{"not_picked":["Limit Break","Dark Embrace"],"picked":"strawberrySpire:Harvest","floor":8.0},{"not_picked":["Double Tap","Berserk"],"picked":"strawberrySpire:FortFortyFour","floor":11.0},{"not_picked":["Brutality","Exhume"],"picked":"strawberrySpire:Hellbender","floor":13},{"not_picked":["Bludgeon","Impervious"],"picked":"Limit Break","floor":14},{"not_picked":["Dark Embrace","strawberrySpire:FortFortyFour"],"picked":"Offering","floor":16},{"not_picked":["Flex","strawberrySpire:Spite"],"picked":"Entrench","floor":21},{"not_picked":["Brutality","Berserk"],"picked":"Immolate","floor":22},{"not_picked":["strawberrySpire:Beatdown","Juggernaut"],"picked":"Double Tap","floor":23},{"not_picked":["strawberrySpire:Harvest","Juggernaut"],"picked":"Feed","floor":24},{"not_picked":["Brutality","Berserk"],"picked":"Dark Embrace","floor":25},{"not_picked":["Dark Embrace","Fiend Fire","strawberrySpire:Beatdown"],"picked":"SKIP","floor":27},{"not_picked":["Berserk","strawberrySpire:Harvest"],"picked":"Limit Break","floor":28},{"not_picked":["infinitespire:Menacing","infinitespire:FutureSight"],"picked":"infinitespire:Virus","floor":29},{"not_picked":["Feed","Double Tap"],"picked":"Impervious","floor":29},{"not_picked":["Fiend Fire","Feed"],"picked":"Exhume","floor":30},{"not_picked":["Feed","Exhume"],"picked":"Demon Form","floor":33},{"not_picked":["Bandage Up","HandOfGreed"],"picked":"Madness","floor":38},{"not_picked":["The Bomb","HandOfGreed"],"picked":"strawberrySpire:Dropbox","floor":38},{"not_picked":["Master of Strategy","PanicButton"],"picked":"Violence","floor":38},{"not_picked":["strawberrySpire:Harvest","Double Tap"],"picked":"strawberrySpire:Hellbender","floor":39},{"not_picked":["Double Tap","Brutality","strawberrySpire:Harvest"],"picked":"SKIP","floor":40},{"not_picked":["Brutality","Immolate"],"picked":"Bludgeon","floor":41},{"not_picked":["Barricade","Juggernaut"],"picked":"Offering","floor":42},{"not_picked":["Immolate","Limit Break+1"],"picked":"Offering+1","floor":44},{"not_picked":["strawberrySpire:FortFortyFour+1","Reaper","Brutality"],"picked":"Limit Break+1","floor":45},{"not_picked":["Dark Embrace","Fiend Fire","Berserk","Reaper"],"picked":"SKIP","floor":47}],"player_experience":1068540,"relics_obtained":[{"floor":1.0,"key":"Bird Faced Urn"},{"floor":2.0,"key":"Red Skull"},{"floor":6.0,"key":"Omamori"},{"floor":8.0,"key":"PreservedInsect"},{"floor":9.0,"key":"Bag of Preparation"},{"floor":11.0,"key":"Gremlin Horn"},{"floor":12.0,"key":"The Courier"},{"floor":14,"key":"Calipers"},{"floor":18,"key":"Blood Vial"},{"floor":19,"key":"Torii"},{"floor":21,"key":"Turnip"},{"floor":21,"key":"strawberrySpire:DirtyLipstick"},{"floor":22,"key":"strawberrySpire:KineticCharger"},{"floor":23,"key":"Kunai"},{"floor":24,"key":"Shuriken"},{"floor":25,"key":"strawberrySpire:ElefentMask"},{"floor":26,"key":"Art of War"},{"floor":27,"key":"Anchor"},{"floor":28,"key":"strawberrySpire:PoopsieRoll"},{"floor":29,"key":"Strawberry"},{"floor":30,"key":"Bottled Flame"},{"floor":35,"key":"Charon\u0027s Ashes"},{"floor":36,"key":"strawberrySpire:IronFlakes"},{"floor":37,"key":"Bag of Marbles"},{"floor":39,"key":"Ice Cream"},{"floor":40,"key":"Thread and Needle"},{"floor":41,"key":"Self Forming Clay"},{"floor":42,"key":"Girya"},{"floor":43,"key":"Toxic Egg 2"},{"floor":43,"key":"Pocketwatch"},{"floor":44,"key":"Question Card"},{"floor":45,"key":"Oddly Smooth Stone"},{"floor":47,"key":"Shovel"}],"event_choices":[{"cards_removed":["Perfected Strike"],"damage_healed":0.0,"max_hp_gain":0.0,"max_hp_loss":0.0,"gold_gain":0.0,"event_name":"Golden Wing","player_choice":"Card Removal","floor":3.0,"gold_loss":0.0,"damage_taken":7.0},{"damage_healed":0.0,"max_hp_gain":0.0,"max_hp_loss":0.0,"gold_gain":175.0,"event_name":"Liars Game","player_choice":"AGREE","floor":4.0,"gold_loss":0.0,"damage_taken":0.0,"cards_obtained":["Doubt"]},{"damage_healed":0.0,"max_hp_gain":0.0,"max_hp_loss":0.0,"gold_gain":0.0,"event_name":"Scrap Ooze","player_choice":"Success","floor":5.0,"gold_loss":0.0,"damage_taken":18.0,"relics_obtained":["strawberrySpire:ThornyGelberry"]},{"cards_removed":["Perfected Strike"],"damage_healed":0,"gold_gain":0,"player_choice":"Elegance","damage_taken":0,"max_hp_gain":0,"max_hp_loss":0,"event_name":"Back to Basics","floor":20,"gold_loss":0},{"damage_healed":0,"gold_gain":0,"player_choice":"Fight","damage_taken":0,"max_hp_gain":0,"max_hp_loss":0,"event_name":"Colosseum","floor":21,"gold_loss":0},{"damage_healed":0,"gold_gain":0,"player_choice":"Fought Nobs","damage_taken":0,"max_hp_gain":0,"max_hp_loss":0,"event_name":"Colosseum","floor":21,"gold_loss":0},{"damage_healed":0,"gold_gain":0,"player_choice":"Fight","damage_taken":0,"max_hp_gain":0,"max_hp_loss":0,"event_name":"Mysterious Sphere","floor":36,"gold_loss":0},{"damage_healed":0,"gold_gain":0,"player_choice":"Memory 3","damage_taken":10,"max_hp_gain":0,"max_hp_loss":0,"event_name":"SensoryStone","floor":38,"gold_loss":0}],"is_beta":true,"boss_relics":[{"not_picked":["Runic Pyramid","Busted Crown"],"picked":"Mark of Pain"},{"not_picked":["Black Blood","Lizard Tail"],"picked":"strawberrySpire:Dictionifier"}],"items_purged_floors":[],"is_endless":false,"potions_floor_spawned":[1,11,14,18,24,25,30,33,36,37,40,42,47],"ascension_level":0}