{"gold_per_floor":[118,132,152,172,187,222,222,222,222,222,0,25,25,54,54,151,151,163,178,188,205,205,205,232,232,232,258,270,290,290,300,300,401,401,421,437,5,5,24,24,55,155,231,261,18,0,20,33,33,33,33,33,33,61,61],"floor_reached":56,"playtime":2611,"items_purged":["Strike_G"],"score":1479,"play_id":"ac20395a-2e37-49fc-b018-fc84c7e3fe20","local_time":"20181216004833","is_ascension_mode":true,"campfire_choices":[{"data":"Blade Dance","floor":7,"key":"SMITH"},{"data":"A Thousand Cuts","floor":15,"key":"SMITH"},{"data":"Glass Knife","floor":23,"key":"SMITH"},{"data":"Calculated Gamble","floor":25,"key":"SMITH"},{"data":"Caltrops","floor":30,"key":"SMITH"},{"data":"Blade Dance","floor":32,"key":"SMITH"},{"data":"Burst","floor":40,"key":"SMITH"},{"floor":49,"key":"RECALL"},{"data":"Deflect","floor":52,"key":"SMITH"}],"neow_cost":"NONE","seed_source_timestamp":180378036559661,"circlet_count":0,"master_deck":["Defend_G","Defend_G","Defend_G","Defend_G","Defend_G","Strike_G","Strike_G","Strike_G","Strike_G","Survivor+1","Neutralize","Blade Dance+1","Escape Plan+1","Finisher+1","A Thousand Cuts+1","Backstab","Trip","Blade Dance+1","Dagger Spray","Calculated Gamble+1","Glass Knife+1","Noxious Fumes+1","Escape Plan","Deflect","Escape Plan","Caltrops+1","PiercingWail+1","Choke+1","Burst+1","Cloak And Dagger","Blade Dance","Cloak And Dagger","Deflect+1","Masterful Stab+1","After Image","Backflip+1","Noxious Fumes"],"relics":["Ring of the Serpent","PreservedInsect","Bronze Scales","Gremlin Horn","Letter Opener","Potion Belt","Regal Pillow","Matryoshka","Nunchaku","Runic Dome","Oddly Smooth Stone","Orichalcum","Thread and Needle","Pen Nib","Bottled Flame","Pantograph","Mummified Hand","Red Mask","Blood Vial"],"potions_floor_usage":[12,16,28,33,50,50,55,55,55,55,55,55,55,55,55,55,55,55,55],"damage_taken":[{"damage":1,"enemies":"Cultist","floor":1,"turns":3},{"damage":2,"enemies":"Small Slimes","floor":2,"turns":3},{"damage":0,"enemies":"Jaw Worm","floor":3,"turns":5},{"damage":3,"enemies":"2 Fungi Beasts","floor":4,"turns":6},{"damage":8,"enemies":"Gremlin Gang","floor":5,"turns":7},{"damage":19,"enemies":"3 Sentries","floor":6,"turns":7},{"damage":0,"enemies":"Gremlin Nob","floor":12,"turns":2},{"damage":0,"enemies":"3 Sentries","floor":14,"turns":3},{"damage":11,"enemies":"The Guardian","floor":16,"turns":11},{"damage":14,"enemies":"2 Thieves","floor":18,"turns":3},{"damage":13,"enemies":"Shell Parasite","floor":19,"turns":4},{"damage":17,"enemies":"Centurion and Healer","floor":20,"turns":4},{"damage":6,"enemies":"Cultist and Chosen","floor":21,"turns":4},{"damage":11,"enemies":"Book of Stabbing","floor":24,"turns":4},{"damage":0,"enemies":"Gremlin Leader","floor":27,"turns":3},{"damage":6,"enemies":"Snecko","floor":28,"turns":3},{"damage":9,"enemies":"Shelled Parasite and Fungi","floor":29,"turns":5},{"damage":0,"enemies":"3 Cultists","floor":31,"turns":2},{"damage":29,"enemies":"Collector","floor":33,"turns":6},{"damage":7,"enemies":"3 Darklings","floor":35,"turns":4},{"damage":0,"enemies":"Orb Walker","floor":36,"turns":2},{"damage":12,"enemies":"Jaw Worm Horde","floor":39,"turns":4},{"damage":0,"enemies":"Reptomancer","floor":41,"turns":4},{"damage":0,"enemies":"Mind Bloom Boss Battle","floor":42,"turns":3},{"damage":0,"enemies":"Giant Head","floor":44,"turns":5},{"damage":0,"enemies":"Transient","floor":47,"turns":5},{"damage":0,"enemies":"4 Shapes","floor":48,"turns":3},{"damage":14,"enemies":"Donu and Deca","floor":50,"turns":5},{"damage":25,"enemies":"Shield and Spear","floor":54,"turns":5},{"damage":69,"enemies":"The Heart","floor":55,"turns":8}],"seed_played":"5160499365006000528","potions_obtained":[{"floor":1,"key":"Block Potion"},{"floor":3,"key":"Weak Potion"},{"floor":5,"key":"LiquidBronze"},{"floor":12,"key":"LiquidBronze"},{"floor":16,"key":"PowerPotion"},{"floor":21,"key":"Explosive Potion"},{"floor":24,"key":"SkillPotion"},{"floor":27,"key":"Swift Potion"},{"floor":28,"key":"PowerPotion"},{"floor":33,"key":"SteroidPotion"},{"floor":39,"key":"Ancient Potion"},{"floor":42,"key":"GhostInAJar"}],"is_trial":false,"path_per_floor":["M","M","M","M","M","E","R","?","T","?","$","E","?","E","R","B",null,"M","M","M","M","?","R","E","R","T","E","M","M","R","M","R","B",null,"M","M","$","?","M","R","E","?","T","E","$","?","M","M","R","B",null,"R","$","E","B",null],"character_chosen":"THE_SILENT","items_purchased":["Backstab","Trip","Blade Dance","Cloak And Dagger","Oddly Smooth Stone","GhostInAJar","EntropicBrew","Mummified Hand"],"campfire_rested":0,"item_purchase_floors":[11,11,11,37,37,37,37,45],"current_hp_per_floor":[69,67,67,64,56,37,37,23,23,23,23,23,23,23,23,12,70,56,43,26,20,80,80,69,69,69,69,63,54,54,54,54,25,80,73,73,73,73,61,61,61,61,61,61,61,61,61,61,61,66,80,80,80,55,11],"gold":61,"neow_bonus":"RANDOM_COMMON_RELIC","is_prod":false,"is_daily":false,"chose_seed":false,"campfire_upgraded":8,"win_rate":0,"timestamp":1544910513,"path_taken":["M","M","M","M","M","E","R","?","T","?","?","E","?","E","R","BOSS","M","M","M","?","?","R","E","R","T","E","M","M","R","M","R","BOSS","M","M","$","?","?","R","E","?","T","E","$","?","?","M","R","BOSS","R","$","E","BOSS"],"build_version":"2018-12-13","purchased_purges":1,"victory":true,"max_hp_per_floor":[70,70,70,70,70,70,70,70,70,70,70,70,70,70,70,70,70,70,70,70,70,80,80,80,80,80,80,80,80,80,80,80,80,80,80,80,80,80,80,80,80,80,80,80,80,80,80,80,80,80,80,80,80,80,80],"card_choices":[{"not_picked":["Expertise","Acrobatics"],"picked":"Blade Dance","floor":1},{"not_picked":["Skewer","Slice"],"picked":"Escape Plan","floor":2},{"not_picked":["Blade Dance","Acrobatics"],"picked":"Malaise","floor":3},{"not_picked":["Dodge and Roll","Prepared"],"picked":"Finisher","floor":4},{"not_picked":["Poisoned Stab","Acrobatics"],"picked":"Flying Knee","floor":5},{"not_picked":["Prepared","Finisher"],"picked":"A Thousand Cuts","floor":6},{"not_picked":["Catalyst","Underhanded Strike"],"picked":"Dagger Spray","floor":12},{"not_picked":["Blur","Bane"],"picked":"Calculated Gamble","floor":14},{"not_picked":["Storm of Steel","Night Terror"],"picked":"Glass Knife","floor":16},{"not_picked":["Caltrops","Endless Agony+1"],"picked":"Noxious Fumes+1","floor":18},{"not_picked":["Catalyst","Concentrate"],"picked":"Escape Plan","floor":19},{"not_picked":["Dagger Spray+1","Outmaneuver"],"picked":"Deflect","floor":20},{"not_picked":["All Out Attack","Dagger Throw","Catalyst"],"picked":"SKIP","floor":21},{"not_picked":["Slice+1","Dagger Spray"],"picked":"Escape Plan","floor":24},{"not_picked":["Reflex","Underhanded Strike"],"picked":"Caltrops","floor":27},{"not_picked":["Deadly Poison","Tools of the Trade"],"picked":"PiercingWail+1","floor":28},{"not_picked":["Bane+1","Slice"],"picked":"Choke+1","floor":29},{"not_picked":["Dagger Spray","Deadly Poison","Reflex"],"picked":"SKIP","floor":31},{"not_picked":["A Thousand Cuts","Wraith Form v2"],"picked":"Burst","floor":33},{"not_picked":["Prepared+1","Flechettes"],"picked":"Cloak And Dagger","floor":35},{"not_picked":["Outmaneuver","Catalyst+1"],"picked":"Blade Dance","floor":36},{"not_picked":["Wraith Form v2","Dagger Spray+1","Backflip"],"picked":"SKIP","floor":39},{"not_picked":["Sucker Punch","Deadly Poison+1"],"picked":"Masterful Stab+1","floor":41},{"not_picked":["Prepared","Catalyst"],"picked":"After Image","floor":44},{"not_picked":["Outmaneuver+1","Slice"],"picked":"Backflip+1","floor":47},{"not_picked":["Poisoned Stab","Concentrate+1"],"picked":"Noxious Fumes","floor":48},{"not_picked":["Dagger Throw","Bane+1","Backflip"],"picked":"SKIP","floor":54}],"player_experience":975994,"relics_obtained":[{"floor":6,"key":"Bronze Scales"},{"floor":12,"key":"Gremlin Horn"},{"floor":14,"key":"Potion Belt"},{"floor":24,"key":"Regal Pillow"},{"floor":26,"key":"Matryoshka"},{"floor":27,"key":"Nunchaku"},{"floor":41,"key":"Orichalcum"},{"floor":42,"key":"Thread and Needle"},{"floor":43,"key":"Pen Nib"},{"floor":43,"key":"Bottled Flame"},{"floor":44,"key":"Pantograph"},{"floor":54,"key":"Blood Vial"}],"event_choices":[{"damage_healed":0,"gold_gain":0,"player_choice":"Entered Light","damage_taken":14,"max_hp_gain":0,"max_hp_loss":0,"event_name":"Shining Light","floor":8,"gold_loss":0,"cards_upgraded":["Escape Plan","Survivor"]},{"damage_healed":0,"gold_gain":0,"player_choice":"Grow","damage_taken":0,"max_hp_gain":0,"max_hp_loss":0,"event_name":"Living Wall","floor":10,"gold_loss":0,"cards_upgraded":["Finisher"]},{"cards_removed":["Flying Knee"],"damage_healed":0,"gold_gain":0,"player_choice":"Gave Card","damage_taken":0,"relics_obtained":["Letter Opener"],"max_hp_gain":0,"max_hp_loss":0,"event_name":"WeMeetAgain","floor":13,"gold_loss":0},{"cards_removed":["Malaise"],"damage_healed":50,"gold_gain":0,"player_choice":"Offered Rare","damage_taken":0,"max_hp_gain":10,"max_hp_loss":0,"event_name":"Bonfire Elementals","floor":22,"gold_loss":0},{"damage_healed":0,"gold_gain":0,"player_choice":"1 cards matched","damage_taken":0,"max_hp_gain":0,"max_hp_loss":0,"event_name":"Match and Keep!","floor":38,"gold_loss":0,"cards_obtained":["Deflect"]},{"damage_healed":0,"gold_gain":0,"player_choice":"Fight","damage_taken":0,"max_hp_gain":0,"max_hp_loss":0,"event_name":"MindBloom","floor":42,"gold_loss":0},{"damage_healed":0,"gold_gain":0,"player_choice":"Paid","damage_taken":0,"relics_obtained":["Red Mask"],"max_hp_gain":0,"max_hp_loss":0,"event_name":"Tomb of Lord Red Mask","floor":46,"gold_loss":18}],"is_beta":true,"boss_relics":[{"not_picked":["Tiny House","Runic Pyramid"],"picked":"Ring of the Serpent"},{"not_picked":["WristBlade","Pandora\u0027s Box"],"picked":"Runic Dome"}],"items_purged_floors":[37],"is_endless":false,"potions_floor_spawned":[1,3,5,12,16,21,24,27,28,33,39,42,47],"ascension_level":1}