{"gold_per_floor":[110,125,50,63,74,101,101,112,160,160,177,177,52,52,52,175,175,199,184,184],"floor_reached":20,"playtime":1197,"items_purged":["Strike_B","Injury"],"score":273,"play_id":"cc8cd38c-5bba-4d2c-afc3-4cb5af35c9a4","local_time":"20190921152037","is_ascension_mode":true,"campfire_choices":[{"floor":7.0,"key":"REST"},{"floor":10.0,"key":"REST"},{"floor":15.0,"key":"REST"}],"neow_cost":"NONE","seed_source_timestamp":17414763511505,"circlet_count":0,"master_deck":["AscendersBane","Strike_B","Strike_B","Strike_B","Defend_B","Defend_B","Defend_B","Defend_B","Zap+1","Dualcast","Cold Snap","Capacitor","Gash","Hologram","Biased Cognition","Gash","Cold Snap","Echo Form","Hologram+1","Barrage"],"special_seed":0,"relics":["Cracked Core","Calipers","Oddly Smooth Stone","Golden Idol","Pantograph","Black Star"],"potions_floor_usage":[],"damage_taken":[{"damage":0.0,"enemies":"Small Slimes","floor":1.0,"turns":3.0},{"damage":2.0,"enemies":"Jaw Worm","floor":2.0,"turns":3.0},{"damage":4.0,"enemies":"Cultist","floor":4.0,"turns":3.0},{"damage":12.0,"enemies":"Looter","floor":5.0,"turns":3.0},{"damage":43.0,"enemies":"Gremlin Nob","floor":6.0,"turns":5.0},{"damage":13.0,"enemies":"Blue Slaver","floor":8.0,"turns":3.0},{"damage":16.0,"enemies":"3 Louse","floor":11.0,"turns":3.0},{"damage":11.0,"enemies":"Slime Boss","floor":16.0,"turns":10.0},{"damage":10.0,"enemies":"3 Byrds","floor":18.0,"turns":5.0},{"damage":28.0,"enemies":"2 Thieves","floor":19.0,"turns":4.0},{"damage":36,"enemies":"Snake Plant","floor":20,"turns":4}],"seed_played":"-8084104658800987697","potions_obtained":[{"floor":5.0,"key":"Swift Potion"},{"floor":11.0,"key":"Energy Potion"},{"floor":16.0,"key":"FocusPotion"}],"is_trial":false,"path_per_floor":["M","M","$","M","M","E","R","M","T","R","M","?","$","?","R","B",null,"M","M","M"],"character_chosen":"DEFECT","items_purchased":["Cold Snap"],"campfire_rested":3,"item_purchase_floors":[13],"current_hp_per_floor":[68,66,66,62,50,7,29,16,16,38,22,22,22,10,32,46,68,58,30,0],"gold":184,"neow_bonus":"UPGRADE_CARD","is_prod":false,"is_daily":false,"chose_seed":false,"campfire_upgraded":0,"win_rate":0,"timestamp":1569104437,"path_taken":["M","M","$","M","M","E","R","M","T","R","M","?","$","?","R","BOSS","M","M","M"],"build_version":"2019-07-17","purchased_purges":2,"victory":false,"max_hp_per_floor":[75,75,75,75,75,75,75,75,75,75,75,75,75,75,75,75,75,75,75,75],"card_choices":[{"not_picked":["Consume","Go for the Eyes"],"picked":"Cold Snap","floor":1.0},{"not_picked":["Hologram","Auto Shields"],"picked":"Capacitor","floor":2.0},{"not_picked":["Streamline","Consume"],"picked":"Gash","floor":4.0},{"not_picked":["Steam Power","Compile Driver"],"picked":"Hologram","floor":5.0},{"not_picked":["Fusion","Ball Lightning"],"picked":"Biased Cognition","floor":6.0},{"not_picked":["Steam","Rebound","Leap"],"picked":"SKIP","floor":8.0},{"not_picked":["Rip and Tear","Hello World"],"picked":"Gash","floor":11.0},{"not_picked":["Fission","Machine Learning"],"picked":"Echo Form","floor":16.0},{"not_picked":["Ball Lightning","Sweeping Beam"],"picked":"Hologram+1","floor":18.0},{"not_picked":["Chaos","Tempest"],"picked":"Barrage","floor":19.0}],"player_experience":622243,"relics_obtained":[{"floor":6.0,"key":"Calipers"},{"floor":9.0,"key":"Oddly Smooth Stone"}],"event_choices":[{"damage_healed":0.0,"max_hp_gain":0.0,"max_hp_loss":0.0,"gold_gain":0.0,"event_name":"Golden Idol","player_choice":"Take Wound","floor":12.0,"gold_loss":0.0,"damage_taken":0.0,"relics_obtained":["Golden Idol"],"cards_obtained":["Injury"]},{"damage_healed":0.0,"max_hp_gain":0.0,"max_hp_loss":0.0,"gold_gain":0.0,"event_name":"Scrap Ooze","player_choice":"Success","floor":14.0,"gold_loss":0.0,"damage_taken":12.0,"relics_obtained":["Pantograph"]}],"is_beta":false,"boss_relics":[{"not_picked":["Orrery","Runic Pyramid"],"picked":"Black Star"}],"items_purged_floors":[3,13],"is_endless":false,"potions_floor_spawned":[5,11,16,19],"killed_by":"Snake Plant","ascension_level":11}