{"path_per_floor":["M","M","?","?","?","R","$","?","T","M","M","M","R","M","R","B",null,"M","?","?","M","?","R","T","M","T","?"],"character_chosen":"DEFECT","items_purchased":["Defragment"],"gold_per_floor":[117,128,128,128,78,78,38,38,119,135,153,177,177,201,201,324,324,349,349,380,400,400,400,473,486,510,510,510],"floor_reached":28,"campfire_rested":0,"playtime":1005,"item_purchase_floors":[7],"current_hp_per_floor":[75,75,68,61,61,61,61,43,43,50,49,56,56,61,61,54,75,75,75,37,35,19,19,19,23,23,23,0],"items_purged":[],"gold":510,"score":208,"play_id":"43dd2798-01f2-4a8e-82cf-d2f5a4b22767","local_time":"20180606200535","is_prod":false,"is_daily":false,"chose_seed":false,"is_ascension_mode":false,"campfire_upgraded":4,"win_rate":0,"timestamp":1528304735,"campfire_choices":[{"data":"Zap","floor":6,"key":"SMITH"},{"data":"Defragment","floor":13,"key":"SMITH"},{"data":"Dualcast","floor":15,"key":"SMITH"},{"data":"Creative AI","floor":23,"key":"SMITH"}],"path_taken":["M","M","?","?","?","R","?","?","T","M","M","?","R","M","R","BOSS","M","?","?","?","?","R","?","M","T","?","E"],"build_version":"2018-06-05","seed_source_timestamp":32064268567146,"purchased_purges":0,"victory":false,"master_deck":["Strike_B","Strike_B","Defend_B","Defend_B","Zap+1","Dualcast+1","Steam","Self Repair","Defragment+1","Rebound","Ball Lightning","Undo","Sweeping Beam","Creative AI+1","Leap","Cold Snap","Turbo+1","Necronomicurse","Clumsy","Cold Snap+1","Clumsy"],"max_hp_per_floor":[75,75,75,75,75,75,75,75,75,75,75,75,75,75,75,75,75,75,75,75,75,75,75,75,75,75,75,75],"relics":["Cracked Core","Bronze Scales","Art of War","Golden Idol","Meat on the Bone","Cursed Key","Red Mask","Necronomicon","Symbiotic Virus","Bag of Marbles"],"card_choices":[{"not_picked":["Barrage","Heatsinks"],"picked":"Steam","floor":1},{"not_picked":["Hello World","Redo"],"picked":"Self Repair","floor":2},{"not_picked":["Gash","FTL"],"picked":"Rebound","floor":10},{"not_picked":["Storm","Steam"],"picked":"Ball Lightning","floor":11},{"not_picked":["Redo","Darkness"],"picked":"Undo","floor":12},{"not_picked":["Compile Driver","Stack"],"picked":"Sweeping Beam","floor":14},{"not_picked":["Amplify","Multi-Cast"],"picked":"Creative AI","floor":16},{"not_picked":["Rebound","Tempest"],"picked":"Leap","floor":18},{"not_picked":["Barrage","Conserve Battery"],"picked":"Cold Snap","floor":20},{"not_picked":["Heatsinks","BootSequence"],"picked":"Turbo+1","floor":21},{"not_picked":["Rebound","Ball Lightning+1"],"picked":"Cold Snap+1","floor":25}],"player_experience":483439,"potions_floor_usage":[25,25,28],"damage_taken":[{"damage":0,"enemies":"Cultist","floor":1,"turns":3},{"damage":0,"enemies":"Jaw Worm","floor":2,"turns":3},{"damage":0,"enemies":"Small Slimes","floor":10,"turns":3},{"damage":8,"enemies":"2 Fungi Beasts","floor":11,"turns":4},{"damage":12,"enemies":"Exordium Wildlife","floor":12,"turns":3},{"damage":2,"enemies":"Blue Slaver","floor":14,"turns":3},{"damage":14,"enemies":"The Guardian","floor":16,"turns":9},{"damage":5,"enemies":"Chosen","floor":18,"turns":5},{"damage":57,"floor":20,"turns":5},{"damage":21,"enemies":"2 Thieves","floor":21,"turns":4},{"damage":25,"enemies":"Snecko","floor":25,"turns":5},{"damage":23,"enemies":"Gremlin Leader","floor":28,"turns":4}],"relics_obtained":[{"floor":9,"key":"Meat on the Bone"},{"floor":20,"key":"Red Mask"},{"floor":22,"key":"Necronomicon"},{"floor":24,"key":"Symbiotic Virus"},{"floor":26,"key":"Bag of Marbles"}],"event_choices":[{"event_name":"Golden Wing","player_choice":"Card Removal","floor":3,"damage_taken":0},{"event_name":"Scrap Ooze","player_choice":"success","floor":4,"damage_taken":7},{"event_name":"The Cleric","player_choice":"Card Removal","floor":5,"damage_taken":0},{"event_name":"Golden Idol","player_choice":"Take Damage","floor":8,"damage_taken":0},{"event_name":"Back to Basics","player_choice":"Elegance","floor":19,"damage_taken":0},{"event_name":"Masked Bandits","player_choice":"Fought over 349 gold","floor":20,"damage_taken":0},{"event_name":"Cursed Tome","player_choice":"Obtained Book","floor":22,"damage_taken":0},{"event_name":"Purifier","player_choice":"One Purge","floor":27,"damage_taken":0}],"boss_relics":[{"not_picked":["Tiny House","Velvet Choker"],"picked":"Cursed Key"}],"items_purged_floors":[],"potions_floor_spawned":[1,2,14,18,21],"seed_played":"-2334203066881706967","killed_by":"Gremlin Leader","ascension_level":0,"potions_obtained":[{"floor":1,"key":"Regen Potion"},{"floor":2,"key":"Regen Potion"},{"floor":14,"key":"Weak Potion"},{"floor":18,"key":"SteroidPotion"}],"is_trial":false}