{"gold_per_floor":[113,124,137,153,168,193,193,220,220,246,266,279,279,279,279,380,430,450,450,450,466,466,466,492,492,517,517,550,550,585,596,596,596],"floor_reached":33,"playtime":1494,"items_purged":[],"score":498,"play_id":"6679ce23-6fed-4ae9-aa3b-37f82bf9437a","local_time":"20190124145547","is_ascension_mode":true,"campfire_choices":[{"data":"Corruption","floor":7,"key":"SMITH"},{"data":"Discovery","floor":13,"key":"SMITH"},{"data":"Flame Barrier","floor":15,"key":"SMITH"},{"data":"Juggernaut","floor":23,"key":"SMITH"},{"data":"Feel No Pain","floor":25,"key":"SMITH"},{"data":"Double Tap","floor":27,"key":"SMITH"},{"data":"Berserk","floor":32,"key":"SMITH"}],"neow_cost":"","seed_source_timestamp":149844303487751,"circlet_count":0,"master_deck":["Strike_R","Strike_R","Strike_R","Strike_R","Strike_R","Bash","Shrug It Off+1","Discovery+1","strawberrySpire:CrashLanding","Carnage","Feel No Pain+1","Clothesline","strawberrySpire:ZonePlayer","Iron Wave","Seeing Red","Twin Strike","strawberrySpire:Taunt","Flame Barrier+1","Double Tap+1","Carnage+1","Juggernaut+1","Iron Wave+1","Seeing Red+1","theJungle:Gourd","theJungle:Gourd","theJungle:Gourd","theJungle:Gourd","theJungle:Gourd","strawberrySpire:DebrisPile","Shame","Anger+1","Sword Boomerang+1","strawberrySpire:PowerStomp+1","Berserk+1"],"relics":["Burning Blood","Meat on the Bone","Ornamental Fan","Medical Kit","Vajra","MealTicket","Red Skull","Incense Burner","Molten Egg 2","Self Forming Clay","Tiny House","theJungle:WildStrawberry","theJungle:SneckoAutograph","Darkstone Periapt","Shuriken","Shovel","Orichalcum"],"potions_floor_usage":[6,8,10,18,28,30,33,33],"damage_taken":[{"damage":2,"enemies":"Small Slimes","floor":1,"turns":2},{"damage":0,"enemies":"Cultist","floor":2,"turns":4},{"damage":0,"enemies":"2 Louse","floor":3,"turns":2},{"damage":0,"enemies":"2 Fungi Beasts","floor":4,"turns":2},{"damage":14,"enemies":"Blue Slaver","floor":5,"turns":4},{"damage":23,"enemies":"Lagavulin","floor":6,"turns":8},{"damage":22,"enemies":"Gremlin Nob","floor":8,"turns":4},{"damage":20,"enemies":"strawberrySpire:EnergyPylons","floor":10,"turns":3},{"damage":13,"enemies":"Red Slaver","floor":11,"turns":2},{"damage":0,"enemies":"Looter","floor":12,"turns":1},{"damage":19,"enemies":"Hexaghost","floor":16,"turns":8},{"damage":0,"enemies":"theJungle:Flameango_and_Byrd","floor":18,"turns":4},{"damage":23,"enemies":"Shell Parasite","floor":21,"turns":5},{"damage":3,"enemies":"theJungle:MamaSnecko","floor":24,"turns":7},{"damage":6,"enemies":"theJungle:Cassacara","floor":28,"turns":8},{"damage":0,"enemies":"theJungle:MamaSnecko","floor":30,"turns":4},{"damage":24,"enemies":"theJungle:2_Snecko_Cultists","floor":31,"turns":5},{"damage":63,"enemies":"theJungle:TotemBoss","floor":33,"turns":8}],"seed_played":"691046845446108625","potions_obtained":[{"floor":2,"key":"Strength Potion"},{"floor":4,"key":"BloodPotion"},{"floor":5,"key":"Fire Potion"},{"floor":10,"key":"Regen Potion"},{"floor":17,"key":"Block Potion"},{"floor":18,"key":"Block Potion"},{"floor":21,"key":"Energy Potion"},{"floor":31,"key":"Block Potion"}],"is_trial":false,"path_per_floor":["M","M","M","M","M","E","R","E","T","E","M","M","R","?","R","B",null,"M","?","?","M","?","R","E","R","T","R","E","?","E","M","R","B"],"character_chosen":"IRONCLAD","items_purchased":["Meat on the Bone","Ornamental Fan","Medical Kit","Corruption","Shrug It Off","Discovery","Vajra","MealTicket","strawberrySpire:CrashLanding"],"campfire_rested":0,"item_purchase_floors":[0,0,0,0,0,0,0,0,0],"current_hp_per_floor":[50,56,62,68,60,51,51,47,47,45,50,56,56,56,56,55,85,85,85,78,61,61,61,64,64,64,64,64,34,64,58,58,0],"gold":596,"neow_bonus":"","is_prod":false,"is_daily":false,"chose_seed":false,"campfire_upgraded":7,"win_rate":0,"timestamp":1548330947,"path_taken":["M","M","M","M","M","E","R","E","T","E","M","M","R","?","R","BOSS","M","?","?","M","?","R","E","R","T","R","E","?","E","M","R","BOSS"],"build_version":"2019-01-23","purchased_purges":0,"victory":false,"max_hp_per_floor":[80,80,80,80,80,80,80,80,80,80,80,80,80,80,80,80,85,85,85,92,92,92,92,92,92,92,92,92,92,92,92,92,92],"card_choices":[{"not_picked":["Headbutt","Sever Soul"],"picked":"Carnage","floor":1},{"not_picked":["True Grit","Pummel"],"picked":"Feel No Pain","floor":2},{"not_picked":["Perfected Strike","strawberrySpire:Spite"],"picked":"Clothesline","floor":3},{"not_picked":["Twin Strike","Searing Blow"],"picked":"strawberrySpire:ZonePlayer","floor":4},{"not_picked":["Sword Boomerang","Searing Blow"],"picked":"Iron Wave","floor":5},{"not_picked":["Clothesline","Havoc"],"picked":"Seeing Red","floor":6},{"not_picked":["strawberrySpire:Aggression","Sever Soul"],"picked":"Twin Strike","floor":8},{"not_picked":["Corruption","Havoc"],"picked":"strawberrySpire:Taunt","floor":10},{"not_picked":["Twin Strike+1","Blood for Blood+1"],"picked":"Flame Barrier","floor":11},{"not_picked":["strawberrySpire:Conflagrate","Twin Strike+1"],"picked":"Double Tap","floor":12},{"not_picked":["Brutality","Feed+1"],"picked":"Juggernaut","floor":16},{"not_picked":["Clothesline+1","strawberrySpire:Taunt"],"picked":"Iron Wave+1","floor":17},{"not_picked":["Havoc+1","strawberrySpire:PowerStomp+1"],"picked":"Seeing Red+1","floor":18},{"not_picked":["strawberrySpire:Taunt","Flex"],"picked":"strawberrySpire:DebrisPile","floor":21},{"not_picked":["Rampage+1","Heavy Blade+1"],"picked":"Anger+1","floor":24},{"not_picked":["Pommel Strike+1","Fire Breathing+1"],"picked":"Sword Boomerang+1","floor":28},{"not_picked":["strawberrySpire:Aggression","Perfected Strike+1"],"picked":"strawberrySpire:PowerStomp+1","floor":30},{"not_picked":["Carnage+1","Flex+1"],"picked":"Berserk","floor":31}],"player_experience":1091117,"relics_obtained":[{"floor":6,"key":"Red Skull"},{"floor":8,"key":"Incense Burner"},{"floor":9,"key":"Molten Egg 2"},{"floor":10,"key":"Self Forming Clay"},{"floor":24,"key":"Darkstone Periapt"},{"floor":28,"key":"Shuriken"},{"floor":30,"key":"Orichalcum"}],"event_choices":[{"cards_removed":["Corruption"],"damage_healed":0,"gold_gain":0,"player_choice":"Took Card","damage_taken":0,"max_hp_gain":0,"max_hp_loss":0,"event_name":"NoteForYourself","floor":14,"gold_loss":0,"cards_obtained":["Carnage"]}],"is_beta":true,"boss_relics":[{"not_picked":["Runic Cube","Velvet Choker"],"picked":"Tiny House"}],"items_purged_floors":[],"is_endless":false,"potions_floor_spawned":[2,4,5,10,18,21,31],"killed_by":"theJungle:TotemBoss","ascension_level":1}