{"gold_per_floor":[119,137,152,170,183,208,208,220,220,245,345,371,388,399,399,499,499,509,390,390,35,35,62,80,111,135,161,185,231,243,175,187,304,316,439,451,479,53,67,67],"floor_reached":40,"playtime":2653,"items_purged":["strawberrySpire:HateBit","strawberrySpire:THEL"],"score":827,"play_id":"2c326711-6531-4f4c-905a-b9ca8edcc333","local_time":"20190111144018","is_ascension_mode":true,"campfire_choices":[{"floor":7.0,"key":"REST"},{"data":"Defragment","floor":15,"key":"SMITH"},{"data":"Hologram","floor":30,"key":"SMITH"},{"data":"infinitespire:UltimateForm","floor":32,"key":"SMITH"}],"neow_cost":"","seed_source_timestamp":0,"circlet_count":0,"master_deck":["Dualcast","Defragment","Panache","strawberrySpire:Disreguard","Reinforced Body","strawberrySpire:Adapter","Defragment+1","Turbo","Conserve Battery+1","Go for the Eyes+1","strawberrySpire:AnotherWinter","Conserve Battery","strawberrySpire:BlasterWyrm","Chaos","Electrodynamics","strawberrySpire:BlasterWyrm","Creative AI","Undo","strawberrySpire:BreederCore","strawberrySpire:BiBeamBolt","All For One","strawberrySpire:BlasterWyrm","Turbo+1","Blizzard","Hologram+1","infinitespire:UltimateForm+1","Ball Lightning+1","strawberrySpire:AnotherWinter","Rebound+1","strawberrySpire:Ronchyble"],"special_seed":0,"relics":["Cracked Core","StoneCalendar","Bronze Scales","Happy Flower","The Courier","Oddly Smooth Stone","Whetstone","Pandora\u0027s Box","HandDrill","strawberrySpire:ElefentMask","Pen Nib","Bag of Marbles","MawBank","Boot","strawberrySpire:HandKnitScarf","strawberrySpire:Dictionifier","Runic Capacitor","War Paint","strawberrySpire:ElectricRodnt"],"potions_floor_usage":[13,16,16,16,27,29,29,33,35,37,40],"damage_taken":[{"damage":2.0,"enemies":"Jaw Worm","floor":1.0,"turns":3.0},{"damage":6.0,"enemies":"Cultist","floor":2.0,"turns":3.0},{"damage":1.0,"enemies":"2 Louse","floor":3.0,"turns":3.0},{"damage":7.0,"enemies":"2 Fungi Beasts","floor":4.0,"turns":4.0},{"damage":0.0,"enemies":"Large Slime","floor":5.0,"turns":5.0},{"damage":16.0,"enemies":"Gremlin Nob","floor":6.0,"turns":5.0},{"damage":32.0,"enemies":"Gremlin Gang","floor":8.0,"turns":5.0},{"damage":0.0,"enemies":"Lagavulin","floor":10.0,"turns":7.0},{"damage":0,"enemies":"Nightmare","floor":12,"turns":10},{"damage":0,"enemies":"Red Slaver","floor":13,"turns":3},{"damage":0,"enemies":"Large Slime","floor":14,"turns":6},{"damage":0,"enemies":"The Guardian","floor":16,"turns":8},{"damage":0,"enemies":"Shell Parasite","floor":18,"turns":3},{"damage":1,"enemies":"Nightmare","floor":23,"turns":10},{"damage":0,"enemies":"Chosen","floor":24,"turns":4},{"damage":4,"enemies":"Slavers","floor":25,"turns":2},{"damage":9,"enemies":"strawberrySpire:AncientClocktower","floor":27,"turns":7},{"damage":9,"enemies":"Snake Plant","floor":28,"turns":4},{"damage":22,"enemies":"Nightmare","floor":29,"turns":13},{"damage":0,"enemies":"Automaton","floor":33,"turns":7},{"damage":47,"enemies":"3 Darklings","floor":35,"turns":4},{"damage":0,"enemies":"Orb Walker","floor":37,"turns":3},{"damage":26,"enemies":"3 Darklings","floor":39,"turns":5},{"damage":7,"enemies":"Giant Head","floor":40,"turns":5}],"seed_played":"5368892464593429006","potions_obtained":[{"floor":4.0,"key":"SkillPotion"},{"floor":5.0,"key":"Energy Potion"},{"floor":12,"key":"infinitespire:BlackPotion"},{"floor":12,"key":"PowerPotion"},{"floor":13,"key":"EssenceOfSteel"},{"floor":14,"key":"Weak Potion"},{"floor":23,"key":"infinitespire:BlackPotion"},{"floor":24,"key":"Regen Potion"},{"floor":25,"key":"Ancient Potion"},{"floor":29,"key":"Swift Potion"},{"floor":33,"key":"GamblersBrew"},{"floor":35,"key":"Block Potion"}],"is_trial":false,"path_per_floor":["M","M","M","M","M","E","R","M","T","E","?","NM","M","M","R","B",null,"M","$","?","$","?","NM","M","E","T","E","M","NM","R","?","R","B",null,"M","?","M","$","M","E"],"character_chosen":"DEFECT","items_purchased":["Ball Lightning","Defragment","Panache","strawberrySpire:Disreguard","StoneCalendar","Bronze Scales","Reinforced Body","strawberrySpire:BlasterWyrm","HandDrill","strawberrySpire:ElefentMask","Runic Capacitor","War Paint","strawberrySpire:ElectricRodnt","Energy Potion"],"campfire_rested":1,"item_purchase_floors":[0,0,0,0,0,0,0,19,21,21,38,38,38,38],"current_hp_per_floor":[41,35,34,27,27,11,33,1,1,1,1,1,1,1,1,1,75,75,75,75,75,75,74,74,70,70,61,52,45,45,75,75,75,75,28,28,28,28,2,0],"gold":67,"neow_bonus":"","is_prod":false,"is_daily":false,"chose_seed":false,"campfire_upgraded":3,"win_rate":0,"timestamp":1547206818,"path_taken":["M","M","M","M","M","E","R","M","T","E","?","E","?","M","R","BOSS","M","$","?","$","?","NM","M","E","T","E","M","NM","R","?","R","BOSS","M","?","M","$","M","E"],"build_version":"2019-01-10","purchased_purges":2,"victory":false,"max_hp_per_floor":[75,75,75,75,75,75,75,75,75,75,75,75,75,75,75,75,75,75,75,75,75,75,75,75,75,75,75,75,75,75,75,75,75,75,75,75,75,75,75,75],"card_choices":[{"not_picked":["Coolheaded","Turbo"],"picked":"strawberrySpire:Adapter","floor":1.0},{"not_picked":["Rebound","Streamline"],"picked":"Defragment","floor":2.0},{"not_picked":["Consume","Barrage"],"picked":"Turbo","floor":3.0},{"not_picked":["Compile Driver","strawberrySpire:DataDump"],"picked":"Conserve Battery","floor":4.0},{"not_picked":["Tempest","strawberrySpire:DataDump"],"picked":"Go for the Eyes","floor":5.0},{"not_picked":["strawberrySpire:DataDump","Storm"],"picked":"strawberrySpire:AnotherWinter","floor":6.0},{"not_picked":["Turbo","Steam"],"picked":"Conserve Battery","floor":8.0},{"not_picked":["Sweeping Beam","Turbo","Gash"],"picked":"SKIP","floor":10.0},{"not_picked":["Steam Power","Cold Snap"],"picked":"strawberrySpire:BlasterWyrm","floor":12},{"not_picked":["Sweeping Beam","Skim"],"picked":"Leap","floor":13},{"not_picked":["Consume","FTL"],"picked":"Chaos","floor":14},{"not_picked":["Multi-Cast","strawberrySpire:BiBeamBolt"],"picked":"Electrodynamics","floor":16},{"not_picked":["strawberrySpire:THEL","Redo","Compile Driver"],"picked":"SKIP","floor":18},{"not_picked":["Consume","Force Field"],"picked":"Turbo","floor":23},{"not_picked":["Stack","strawberrySpire:NeonFlight","Doom and Gloom+1"],"picked":"SKIP","floor":24},{"not_picked":["Static Discharge","strawberrySpire:FocalLaser+1","Compile Driver+1"],"picked":"SKIP","floor":25},{"not_picked":["Auto Shields+1","strawberrySpire:ReturnNull+1"],"picked":"Blizzard","floor":27},{"not_picked":["Go for the Eyes","Chaos+1"],"picked":"Hologram","floor":28},{"not_picked":["infinitespire:FinalStrike","infinitespire:Execution"],"picked":"infinitespire:UltimateForm","floor":29},{"not_picked":["Loop","Static Discharge"],"picked":"Ball Lightning+1","floor":29},{"not_picked":["Machine Learning","Rainbow"],"picked":"strawberrySpire:AnotherWinter","floor":33},{"not_picked":["Cold Snap","Beam Cell+1"],"picked":"Rebound+1","floor":35},{"not_picked":["Cold Snap","Reinforced Body","Coolheaded"],"picked":"SKIP","floor":37},{"not_picked":["Redo","Ball Lightning","Barrage+1"],"picked":"SKIP","floor":39}],"player_experience":1059176,"relics_obtained":[{"floor":6.0,"key":"Happy Flower"},{"floor":9.0,"key":"The Courier"},{"floor":10.0,"key":"Oddly Smooth Stone"},{"floor":12,"key":"Whetstone"},{"floor":23,"key":"Pen Nib"},{"floor":25,"key":"Bag of Marbles"},{"floor":27,"key":"MawBank"},{"floor":29,"key":"Boot"}],"event_choices":[{"damage_healed":0.0,"max_hp_gain":0.0,"max_hp_loss":0.0,"gold_gain":100.0,"event_name":"Golden Shrine","player_choice":"Pray","floor":11.0,"gold_loss":0.0,"damage_taken":0.0},{"cards_removed":["Zap"],"damage_healed":0,"gold_gain":0,"player_choice":"Elegance","damage_taken":0,"max_hp_gain":0,"max_hp_loss":0,"event_name":"Back to Basics","floor":20,"gold_loss":0},{"damage_healed":0,"gold_gain":0,"player_choice":"Ignored","damage_taken":0,"max_hp_gain":0,"max_hp_loss":0,"event_name":"Beggar","floor":22,"gold_loss":0},{"damage_healed":0,"gold_gain":0,"cards_transformed":["Leap"],"player_choice":"Transformed","damage_taken":0,"max_hp_gain":0,"max_hp_loss":0,"event_name":"Transmorgrifier","floor":36,"gold_loss":0,"cards_obtained":["strawberrySpire:Ronchyble"]}],"is_beta":true,"boss_relics":[{"not_picked":["Lizard Tail","strawberrySpire:CapacitorDischarge"],"picked":"Pandora\u0027s Box"},{"not_picked":["Black Star","White Beast Statue"],"picked":"strawberrySpire:Dictionifier"}],"items_purged_floors":[19,21],"is_endless":false,"potions_floor_spawned":[4,5,12,13,14,24,25,29,33,35],"killed_by":"Giant Head","ascension_level":1}