{"gold_per_floor":[118,68,68,79,79,107,117,133,133,133,167,167,167],"floor_reached":13,"playtime":352,"items_purged":[],"score":98,"play_id":"fbcf6d65-7549-43cd-a141-f923f80a8756","local_time":"20190128115444","is_ascension_mode":true,"campfire_choices":[],"neow_cost":"PERCENT_DAMAGE","seed_source_timestamp":56708022116915,"circlet_count":0,"master_deck":["Strike_R","Strike_R","Strike_R","Strike_R","Defend_R","Defend_R","Defend_R","Defend_R","Bash","Discovery","Headbutt","Clumsy","strawberrySpire:Incursion","Headbutt","Searing Blow","Ghostly Armor","Dual Wield"],"relics":["Burning Blood","Pen Nib","strawberrySpire:Dreamfruit","Pantograph","Torii"],"potions_floor_usage":[],"damage_taken":[{"damage":2,"enemies":"Small Slimes","floor":1,"turns":4},{"damage":7,"enemies":"Jaw Worm","floor":4,"turns":4},{"damage":18,"enemies":"Lagavulin","floor":6,"turns":5},{"damage":0,"enemies":"2 Louse","floor":7,"turns":2},{"damage":8,"enemies":"Red Slaver","floor":8,"turns":2},{"damage":28,"enemies":"3 Sentries","floor":11,"turns":6},{"damage":31,"enemies":"strawberrySpire:EnergyPylons","floor":13,"turns":4}],"seed_played":"6974451325218970736","potions_obtained":[{"floor":6,"key":"Poison Potion"},{"floor":8,"key":"LiquidBronze"}],"is_trial":false,"path_per_floor":["M","?","?","M","?","E","M","M","T","R","E","T","E"],"character_chosen":"IRONCLAD","items_purchased":[],"campfire_rested":0,"item_purchase_floors":[],"current_hp_per_floor":[60,60,60,59,59,47,53,51,51,51,29,29,0],"gold":167,"neow_bonus":"RANDOM_COLORLESS_2","is_prod":false,"is_daily":false,"chose_seed":false,"campfire_upgraded":0,"win_rate":0,"timestamp":1548665684,"path_taken":["M","?","?","M","?","E","M","?","T","R","E","?","E"],"build_version":"2019-01-23","purchased_purges":0,"victory":false,"max_hp_per_floor":[80,80,80,80,80,80,80,80,80,80,80,80,80],"card_choices":[{"not_picked":["strawberrySpire:DebrisPile","Pommel Strike"],"picked":"Headbutt","floor":1},{"not_picked":["Twin Strike","Wild Strike"],"picked":"strawberrySpire:Incursion","floor":4},{"not_picked":["Ghostly Armor","Iron Wave"],"picked":"Searing Blow","floor":6},{"not_picked":["Thunderclap","Heavy Blade"],"picked":"Ghostly Armor","floor":7},{"not_picked":["Sword Boomerang","strawberrySpire:Endurance","strawberrySpire:Spite"],"picked":"SKIP","floor":8},{"not_picked":["Sever Soul","Spot Weakness"],"picked":"Dual Wield","floor":11}],"player_experience":1110356,"relics_obtained":[{"floor":6,"key":"Pen Nib"},{"floor":10,"key":"strawberrySpire:Dreamfruit"},{"floor":11,"key":"Pantograph"},{"floor":12,"key":"Torii"}],"event_choices":[{"cards_removed":["Forethought"],"damage_healed":0,"gold_gain":0,"player_choice":"Card Removal","damage_taken":0,"max_hp_gain":0,"max_hp_loss":0,"event_name":"The Cleric","floor":2,"gold_loss":50},{"damage_healed":0,"gold_gain":0,"cards_transformed":["Strike_R"],"player_choice":"Transformed","damage_taken":0,"max_hp_gain":0,"max_hp_loss":0,"event_name":"Transmorgrifier","floor":5,"gold_loss":0,"cards_obtained":["Headbutt"]}],"is_beta":true,"boss_relics":[],"items_purged_floors":[],"is_endless":false,"potions_floor_spawned":[6,8],"killed_by":"strawberrySpire:EnergyPylons","ascension_level":1}