{"gold_per_floor":[117,127,302,302,313,313,91,91,140,140,140,72,102,102,102,205,205,216,10,10,40,56,56,81,81,107,107,107,117,129,149,149,246,246,266,1265,1487,1504,1073,1107,1107,1195,1232,888,888,908,923,941,941,941],"floor_reached":51,"playtime":1478,"items_purged":["Doubt","Strike_R","Normality","Normality"],"score":791,"play_id":"fb5a6d08-3da4-4db7-a99f-2c0cb1881220","local_time":"20190920195424","is_ascension_mode":false,"campfire_choices":[{"data":"Bash","floor":6,"key":"SMITH"},{"data":"Intimidate","floor":10,"key":"SMITH"},{"data":"Flex","floor":15,"key":"SMITH"},{"data":"Flex","floor":23,"key":"SMITH"},{"data":"Whirlwind","floor":25,"key":"SMITH"},{"data":"Heavy Blade","floor":27,"key":"SMITH"},{"data":"Inflame","floor":32,"key":"SMITH"},{"floor":41,"key":"DIG"},{"floor":45,"key":"DIG"},{"data":"Demon Form","floor":49,"key":"SMITH"}],"neow_cost":"CURSE","seed_source_timestamp":3181169697745,"circlet_count":0,"master_deck":["Strike_R","Strike_R","Defend_R+1","Defend_R+1","Defend_R","Defend_R","Bash+1","Intimidate+1","Heavy Blade+1","Pommel Strike","Clash","Whirlwind+1","Flex+1","Immolate","Twin Strike+1","Shame","Heavy Blade+1","Flex+1","Searing Blow","Inflame+1","Clash","Demon Form+1","Normality","Parasite"],"relics":["Burning Blood","FossilizedHelix","Vajra","Pen Nib","Red Skull","Bag of Marbles","Velvet Choker","Membership Card","Gremlin Horn","Red Mask","Dream Catcher","War Paint","Cursed Key","Shovel","Centennial Puzzle","HandDrill","Blood Vial","MawBank","Singing Bowl","Bronze Scales","Medical Kit","Orichalcum","Lantern","Oddly Smooth Stone"],"potions_floor_usage":[24,33,33,35,40,50,50,50,50,50,50],"damage_taken":[{"damage":0,"enemies":"2 Louse","floor":1,"turns":3},{"damage":0,"enemies":"Small Slimes","floor":2,"turns":3},{"damage":9,"enemies":"Cultist","floor":5,"turns":5},{"damage":12,"enemies":"Gremlin Nob","floor":13,"turns":4},{"damage":36,"enemies":"The Guardian","floor":16,"turns":7},{"damage":0,"enemies":"Chosen","floor":18,"turns":2},{"damage":0,"enemies":"Masked Bandits","floor":21,"turns":2},{"damage":7,"enemies":"2 Thieves","floor":22,"turns":2},{"damage":4,"enemies":"Slavers","floor":24,"turns":3},{"damage":0,"enemies":"Sentry and Sphere","floor":29,"turns":3},{"damage":0,"enemies":"Snecko","floor":30,"turns":2},{"damage":0,"enemies":"Centurion and Healer","floor":31,"turns":1},{"damage":58,"enemies":"Automaton","floor":33,"turns":7},{"damage":6,"enemies":"3 Shapes","floor":35,"turns":2},{"damage":0,"enemies":"Orb Walker","floor":38,"turns":1},{"damage":9,"enemies":"Giant Head","floor":40,"turns":5},{"damage":0,"enemies":"3 Darklings","floor":46,"turns":3},{"damage":0,"enemies":"4 Shapes","floor":47,"turns":1},{"damage":6,"enemies":"Sphere and 2 Shapes","floor":48,"turns":1},{"damage":29,"enemies":"Donu and Deca","floor":50,"turns":4}],"seed_played":"6975591343992892595","potions_obtained":[{"floor":13,"key":"GamblersBrew"},{"floor":16,"key":"Strength Potion"},{"floor":21,"key":"Strength Potion"},{"floor":22,"key":"LiquidBronze"},{"floor":24,"key":"Energy Potion"},{"floor":47,"key":"Regen Potion"}],"is_trial":false,"path_per_floor":["M","M","?","?","M","R","$","?","T","R","?","$","E","?","R","B",null,"M","$","?","?","M","R","E","R","T","R","?","M","M","M","R","B",null,"M","?","?","M","$","E","R","T","T","$","R","M","M","M","R","B",null],"character_chosen":"IRONCLAD","items_purchased":["Vajra","Whirlwind","Membership Card","Shovel","Centennial Puzzle","HandDrill","Dexterity Potion","Energy Potion","SpeedPotion","Medical Kit","Orichalcum","Lantern","EntropicBrew"],"campfire_rested":0,"item_purchase_floors":[7,12,19,39,39,39,39,39,39,44,44,44,44],"current_hp_per_floor":[80,80,80,80,77,77,77,77,77,77,74,74,68,61,61,31,77,77,77,77,77,76,76,77,77,77,77,77,77,77,77,77,25,77,77,77,77,77,77,74,74,74,74,74,74,79,81,83,83,72],"gold":941,"neow_bonus":"ONE_RARE_RELIC","is_prod":false,"is_daily":false,"chose_seed":false,"campfire_upgraded":8,"win_rate":0,"timestamp":1569030864,"path_taken":["M","M","?","?","?","R","$","?","T","R","?","?","E","?","R","BOSS","M","$","?","?","M","R","E","R","T","R","?","M","M","?","R","BOSS","M","?","?","?","$","E","R","?","T","?","R","M","M","M","R","BOSS"],"build_version":"2019-09-20","purchased_purges":4,"victory":true,"max_hp_per_floor":[80,80,80,80,80,80,80,80,80,80,80,80,80,77,77,77,77,77,77,77,77,77,77,77,77,77,77,77,77,77,77,77,77,77,77,77,77,77,77,77,77,77,77,77,77,79,81,83,83,83],"card_choices":[{"not_picked":["True Grit","Body Slam"],"picked":"Intimidate","floor":1},{"not_picked":["Sever Soul","Body Slam"],"picked":"Heavy Blade","floor":2},{"not_picked":["Corruption","Seeing Red"],"picked":"Clash","floor":5},{"not_picked":["Pommel Strike","Sentinel"],"picked":"Flex","floor":13},{"not_picked":["Fiend Fire","Reaper"],"picked":"Immolate","floor":16},{"not_picked":["Perfected Strike+1","Entrench"],"picked":"Twin Strike+1","floor":18},{"not_picked":["Evolve+1","Havoc"],"picked":"Heavy Blade","floor":21},{"not_picked":["Hemokinesis","Clothesline"],"picked":"Flex","floor":22},{"not_picked":["Sword Boomerang","Power Through","Headbutt"],"picked":"SKIP","floor":24},{"not_picked":["Cleave","Ghostly Armor"],"picked":"Inflame","floor":29},{"not_picked":["Body Slam+1","Armaments","Cleave"],"picked":"SKIP","floor":30},{"not_picked":["Dual Wield","Flame Barrier+1"],"picked":"Clash","floor":31},{"not_picked":["Barricade","Impervious"],"picked":"Demon Form","floor":33},{"not_picked":["Wild Strike","Cleave+1","Iron Wave+1"],"picked":"SKIP","floor":35},{"not_picked":["Carnage+1","Uppercut","Intimidate"],"picked":"SKIP","floor":38},{"not_picked":["Burning Pact","Anger","Disarm"],"picked":"SKIP","floor":40},{"not_picked":["Hemokinesis","Reckless Charge+1","Body Slam"],"picked":"Singing Bowl","floor":46},{"not_picked":["Cleave","Anger+1","Thunderclap"],"picked":"Singing Bowl","floor":47},{"not_picked":["Combust","Fiend Fire","Bloodletting+1"],"picked":"Singing Bowl","floor":48}],"player_experience":1557991,"relics_obtained":[{"floor":9,"key":"Pen Nib"},{"floor":13,"key":"Bag of Marbles"},{"floor":21,"key":"Red Mask"},{"floor":24,"key":"Dream Catcher"},{"floor":26,"key":"War Paint"},{"floor":40,"key":"Blood Vial"},{"floor":41,"key":"MawBank"},{"floor":42,"key":"Singing Bowl"},{"floor":43,"key":"Bronze Scales"},{"floor":45,"key":"Oddly Smooth Stone"}],"event_choices":[{"damage_healed":0,"gold_gain":175,"player_choice":"AGREE","damage_taken":0,"max_hp_gain":0,"max_hp_loss":0,"event_name":"Liars Game","floor":3,"gold_loss":0,"cards_obtained":["Doubt"]},{"damage_healed":0,"gold_gain":0,"cards_transformed":["Strike_R"],"player_choice":"Transformed","damage_taken":0,"max_hp_gain":0,"max_hp_loss":0,"event_name":"Transmorgrifier","floor":4,"gold_loss":0,"cards_obtained":["Pommel Strike"]},{"damage_healed":0,"gold_gain":0,"player_choice":"Grow","damage_taken":0,"max_hp_gain":0,"max_hp_loss":0,"event_name":"Living Wall","floor":8,"gold_loss":0,"cards_upgraded":["Heavy Blade"]},{"damage_healed":0,"gold_gain":0,"player_choice":"Success","damage_taken":3,"relics_obtained":["Red Skull"],"max_hp_gain":0,"max_hp_loss":0,"event_name":"Scrap Ooze","floor":11,"gold_loss":0},{"cards_removed":["Parasite"],"damage_healed":0,"gold_gain":0,"player_choice":"Card Removal","damage_taken":7,"max_hp_gain":0,"max_hp_loss":0,"event_name":"Golden Wing","floor":14,"gold_loss":0},{"damage_healed":0,"gold_gain":0,"player_choice":"Stole Relic","damage_taken":0,"relics_obtained":["Gremlin Horn"],"max_hp_gain":0,"max_hp_loss":0,"event_name":"Addict","floor":20,"gold_loss":0,"cards_obtained":["Shame"]},{"damage_healed":0,"gold_gain":0,"player_choice":"Fought Bandits","damage_taken":0,"max_hp_gain":0,"max_hp_loss":0,"event_name":"Masked Bandits","floor":21,"gold_loss":0},{"damage_healed":0,"gold_gain":0,"cards_transformed":["Strike_R"],"player_choice":"Transformed","damage_taken":0,"max_hp_gain":0,"max_hp_loss":0,"event_name":"Transmorgrifier","floor":28,"gold_loss":0,"cards_obtained":["Searing Blow"]},{"damage_healed":0,"gold_gain":999,"player_choice":"Gold","damage_taken":0,"max_hp_gain":0,"max_hp_loss":0,"event_name":"MindBloom","floor":36,"gold_loss":0,"cards_obtained":["Normality","Normality"]},{"damage_healed":0,"gold_gain":222,"player_choice":"Wore Mask","damage_taken":0,"max_hp_gain":0,"max_hp_loss":0,"event_name":"Tomb of Lord Red Mask","floor":37,"gold_loss":0}],"is_beta":true,"boss_relics":[{"not_picked":["Philosopher\u0027s Stone","Snecko Eye"],"picked":"Velvet Choker"},{"not_picked":["Black Star","SacredBark"],"picked":"Cursed Key"}],"items_purged_floors":[7,19,39,44],"is_endless":false,"potions_floor_spawned":[13,16,21,22,24,30,31,47,48],"ascension_level":0}