{"gold_per_floor":[112,112,112,37,47,77,100,135,135,135,155,155,183,193,193,297,297,308,321,321,321,339,339,368,368,423,423,440,440,466,478,478,576,576,592,592,592,86,86,111,111,136,136,146,156,188,188,24,24,24],"floor_reached":51,"playtime":3907,"items_purged":["Pain","Strike_G","Defend_G"],"score":853,"play_id":"475d8663-2350-4132-be8c-3b45a61f1ad1","local_time":"20190907200325","is_ascension_mode":true,"campfire_choices":[{"data":"Envenom","floor":12,"key":"SMITH"},{"data":"Finisher","floor":15,"key":"SMITH"},{"data":"Cloak And Dagger","floor":23,"key":"SMITH"},{"data":"Endless Agony","floor":25,"key":"SMITH"},{"data":"Cloak And Dagger","floor":27,"key":"SMITH"},{"data":"Dash","floor":32,"key":"SMITH"},{"floor":41,"key":"REST"},{"data":"Dodge and Roll","floor":47,"key":"SMITH"},{"floor":49,"key":"REST"}],"neow_cost":"NONE","seed_source_timestamp":22281157376400,"circlet_count":0,"master_deck":["Strike_G+1","Defend_G","Defend_G","Defend_G","Survivor","Neutralize+1","Finisher+1","Cloak And Dagger+1","Dash+1","Envenom+1","Cloak And Dagger+1","Choke","Dash+1","Dash","Corpse Explosion","Leg Sweep","Writhe","Blade Dance","Predator","Endless Agony+1","Footwork+1","Dagger Spray+1","Heel Hook","Burst","Deflect+1","Madness","Enlightenment","Madness","Madness","Finisher","Backflip+1","PiercingWail+1","Dodge and Roll+1","Calculated Gamble","PiercingWail"],"relics":["Ring of the Snake","WarpedTongs","Pen Nib","Whetstone","Turnip","Juzu Bracelet","Dream Catcher","Philosopher\u0027s Stone","Matryoshka","Bird Faced Urn","Snake Skull","Blood Vial","Oddly Smooth Stone","WristBlade","Thread and Needle","The Specimen","Bronze Scales","Shuriken","Art of War","Happy Flower"],"potions_floor_usage":[13,19,31,33,33,40,50],"damage_taken":[{"damage":0,"enemies":"2 Louse","floor":1,"turns":2},{"damage":0,"enemies":"Jaw Worm","floor":5,"turns":4},{"damage":24,"enemies":"Lagavulin","floor":6,"turns":11},{"damage":9,"enemies":"3 Sentries","floor":8,"turns":8},{"damage":0,"enemies":"Cultist","floor":11,"turns":2},{"damage":0,"enemies":"Lagavulin","floor":13,"turns":6},{"damage":7,"enemies":"Exordium Thugs","floor":14,"turns":4},{"damage":13,"enemies":"The Guardian","floor":16,"turns":11},{"damage":2,"enemies":"Chosen","floor":18,"turns":4},{"damage":16,"enemies":"3 Byrds","floor":19,"turns":3},{"damage":0,"enemies":"Centurion and Healer","floor":22,"turns":5},{"damage":23,"enemies":"Gremlin Leader","floor":24,"turns":7},{"damage":16,"enemies":"Snake Plant","floor":28,"turns":4},{"damage":0,"enemies":"Book of Stabbing","floor":30,"turns":5},{"damage":1,"enemies":"Cultist and Chosen","floor":31,"turns":4},{"damage":9,"enemies":"Automaton","floor":33,"turns":6},{"damage":0,"enemies":"3 Shapes","floor":35,"turns":1},{"damage":42,"enemies":"Nemesis","floor":40,"turns":9},{"damage":4,"enemies":"Giant Head","floor":42,"turns":7},{"damage":0,"enemies":"3 Darklings","floor":44,"turns":2},{"damage":3,"enemies":"4 Shapes","floor":45,"turns":2},{"damage":17,"enemies":"Nemesis","floor":46,"turns":3},{"damage":12,"enemies":"Awakened One","floor":50,"turns":11}],"seed_played":"-953378714049806712","potions_obtained":[{"floor":5,"key":"SneckoOil"},{"floor":6,"key":"EssenceOfSteel"},{"floor":11,"key":"FearPotion"},{"floor":13,"key":"Weak Potion"},{"floor":14,"key":"Swift Potion"},{"floor":19,"key":"EssenceOfSteel"},{"floor":22,"key":"PowerPotion"},{"floor":30,"key":"AttackPotion"},{"floor":33,"key":"GamblersBrew"},{"floor":35,"key":"SteroidPotion"},{"floor":42,"key":"EssenceOfSteel"}],"is_trial":false,"path_per_floor":["M","?","?","$","M","E","T","E","T","?","M","R","E","M","R","B",null,"M","M","?","?","M","R","E","R","T","R","M","?","E","M","R","B",null,"M","?","?","$","?","E","R","E","T","M","M","E","R","$","R","B",null],"character_chosen":"THE_SILENT","items_purchased":["Thread and Needle","Enlightenment","Calculated Gamble"],"campfire_rested":2,"item_purchase_floors":[38,38,48],"current_hp_per_floor":[70,70,70,70,70,46,46,37,37,37,37,37,37,30,30,17,70,68,52,52,52,52,52,29,29,29,29,17,17,23,26,26,25,70,70,70,70,70,61,25,46,48,48,54,53,40,40,40,61,55],"gold":24,"neow_bonus":"TRANSFORM_CARD","is_prod":false,"is_daily":false,"chose_seed":false,"campfire_upgraded":7,"win_rate":0,"timestamp":1567875805,"path_taken":["M","?","?","$","?","E","?","E","T","?","M","R","E","M","R","BOSS","M","M","?","?","M","R","E","R","T","R","M","?","E","M","R","BOSS","M","?","?","?","?","E","R","E","T","M","M","E","R","$","R","BOSS"],"build_version":"2019-07-17","purchased_purges":3,"victory":true,"max_hp_per_floor":[70,70,70,70,70,70,70,70,70,70,70,70,70,70,70,70,70,70,70,70,70,70,70,70,70,70,70,70,70,70,70,70,70,70,70,70,70,70,70,70,70,70,70,70,70,70,70,70,70,70],"card_choices":[{"not_picked":["Dagger Throw","Flechettes"],"picked":"Cloak And Dagger","floor":1},{"not_picked":["Quick Slash","Infinite Blades"],"picked":"Dash","floor":5},{"not_picked":["Prepared","Poisoned Stab"],"picked":"Envenom","floor":6},{"not_picked":["Reflex","Grand Finale"],"picked":"Cloak And Dagger","floor":8},{"not_picked":["Acrobatics","Sucker Punch"],"picked":"Choke","floor":11},{"not_picked":["Poisoned Stab","Prepared"],"picked":"Dash","floor":13},{"not_picked":["Predator","Deadly Poison"],"picked":"Dash","floor":14},{"not_picked":["Unload","Doppelganger"],"picked":"Corpse Explosion","floor":16},{"not_picked":["Concentrate","Dagger Throw","Eviscerate+1"],"picked":"SKIP","floor":18},{"not_picked":["Underhanded Strike+1","Poisoned Stab"],"picked":"Leg Sweep","floor":19},{"not_picked":["Caltrops","Acrobatics","Deadly Poison"],"picked":"SKIP","floor":22},{"not_picked":["Heel Hook","Tools of the Trade"],"picked":"Endless Agony","floor":24},{"not_picked":["Tactician","Deadly Poison"],"picked":"Footwork+1","floor":28},{"not_picked":["Predator+1","Riddle With Holes"],"picked":"Dagger Spray+1","floor":30},{"not_picked":["Flying Knee","Backstab"],"picked":"Heel Hook","floor":31},{"not_picked":["Glass Knife","Wraith Form v2"],"picked":"Burst","floor":33},{"not_picked":["Backstab+1","Blade Dance"],"picked":"Deflect+1","floor":35},{"not_picked":["Bandage Up","Violence"],"picked":"Madness","floor":37},{"not_picked":["Well Laid Plans+1","Acrobatics"],"picked":"Finisher","floor":40},{"not_picked":["Accuracy","Blade Dance"],"picked":"Backflip+1","floor":41},{"not_picked":["Noxious Fumes","Backflip+1"],"picked":"PiercingWail+1","floor":42},{"not_picked":["Outmaneuver","Infinite Blades","Sucker Punch"],"picked":"SKIP","floor":44},{"not_picked":["Concentrate","Prepared","Blade Dance"],"picked":"SKIP","floor":45},{"not_picked":["All Out Attack","Eviscerate"],"picked":"Dodge and Roll","floor":46},{"not_picked":["Crippling Poison","Blade Dance+1"],"picked":"PiercingWail","floor":49}],"player_experience":250458,"relics_obtained":[{"floor":6,"key":"Pen Nib"},{"floor":7,"key":"Whetstone"},{"floor":8,"key":"Turnip"},{"floor":9,"key":"Juzu Bracelet"},{"floor":13,"key":"Dream Catcher"},{"floor":24,"key":"Bird Faced Urn"},{"floor":26,"key":"Snake Skull"},{"floor":26,"key":"Blood Vial"},{"floor":30,"key":"Oddly Smooth Stone"},{"floor":40,"key":"The Specimen"},{"floor":42,"key":"Bronze Scales"},{"floor":43,"key":"Shuriken"},{"floor":43,"key":"Art of War"},{"floor":46,"key":"Happy Flower"}],"event_choices":[{"damage_healed":0,"gold_gain":0,"player_choice":"Grow","damage_taken":0,"max_hp_gain":0,"max_hp_loss":0,"event_name":"Living Wall","floor":2,"gold_loss":0,"cards_upgraded":["Neutralize"]},{"damage_healed":0,"gold_gain":0,"player_choice":"Rummage","damage_taken":0,"relics_obtained":["WarpedTongs"],"max_hp_gain":0,"max_hp_loss":0,"event_name":"Accursed Blacksmith","floor":3,"gold_loss":0,"cards_obtained":["Pain"]},{"cards_removed":["Defend_G"],"damage_healed":0,"gold_gain":0,"player_choice":"Purged","damage_taken":0,"max_hp_gain":0,"max_hp_loss":0,"event_name":"Purifier","floor":10,"gold_loss":0},{"damage_healed":0,"gold_gain":0,"player_choice":"Opened","damage_taken":0,"relics_obtained":["Matryoshka"],"max_hp_gain":0,"max_hp_loss":0,"event_name":"The Mausoleum","floor":20,"gold_loss":0,"cards_obtained":["Writhe"]},{"damage_healed":0,"gold_gain":0,"cards_transformed":["Strike_G","Strike_G"],"player_choice":"Became Test Subject","damage_taken":0,"max_hp_gain":0,"max_hp_loss":0,"event_name":"Drug Dealer","floor":21,"gold_loss":0,"cards_obtained":["Blade Dance","Predator"]},{"damage_healed":0,"gold_gain":0,"player_choice":"Ignored","damage_taken":0,"max_hp_gain":0,"max_hp_loss":0,"event_name":"Vampires","floor":29,"gold_loss":0},{"damage_healed":0,"gold_gain":0,"player_choice":"Ignored","damage_taken":0,"max_hp_gain":0,"max_hp_loss":0,"event_name":"Tomb of Lord Red Mask","floor":36,"gold_loss":0},{"damage_healed":0,"gold_gain":0,"player_choice":"Memory 1","damage_taken":0,"max_hp_gain":0,"max_hp_loss":0,"event_name":"SensoryStone","floor":37,"gold_loss":0},{"damage_healed":0,"gold_gain":0,"player_choice":"Embrace Madness","damage_taken":9,"max_hp_gain":0,"max_hp_loss":0,"event_name":"Winding Halls","floor":39,"gold_loss":0,"cards_obtained":["Madness","Madness"]}],"is_beta":false,"boss_relics":[{"not_picked":["Pandora\u0027s Box","Tiny House"],"picked":"Philosopher\u0027s Stone"},{"not_picked":["Busted Crown","Orrery"],"picked":"WristBlade"}],"items_purged_floors":[4,38,48],"is_endless":false,"potions_floor_spawned":[5,6,11,13,14,19,22,30,33,35,42],"ascension_level":1}