{"gold_per_floor":[110,35,50,50,50,63,63,103,126,144,185,10,44,60,60,181,244,262,312,327,327,347,387,387,428,499,499],"floor_reached":27,"playtime":1028,"items_purged":["Regret"],"score":337,"play_id":"9b25240e-ffab-4732-951c-605b5db9eb65","local_time":"20181128231134","is_ascension_mode":true,"campfire_choices":[{"data":"Zap","floor":7,"key":"SMITH"},{"floor":15,"key":"REST"},{"floor":24,"key":"REST"}],"neow_cost":"CURSE","seed_source_timestamp":745699020609045,"circlet_count":0,"master_deck":["Strike_B","Strike_B+1","Strike_B","Strike_B","Defend_B","Defend_B","Defend_B","Defend_B","Zap+1","Dualcast","Creative AI+1","Ball Lightning","Hologram+1","Rebound","Cold Snap","Go for the Eyes","Core Surge","Flash of Steel","Turbo","FTL","Ball Lightning","All For One","Melter","Ball Lightning+1","Leap+1"],"relics":["Cracked Core","Golden Idol","Vajra","DataDisk","Singing Bowl","Bottled Tornado","Tiny House","Boot","Thread and Needle","Toxic Egg 2"],"potions_floor_usage":[11,11,14,22,25,25,25],"damage_taken":[{"damage":19,"enemies":"Jaw Worm","floor":1,"turns":6},{"damage":0,"enemies":"Small Slimes","floor":3,"turns":2},{"damage":0,"enemies":"Cultist","floor":6,"turns":2},{"damage":13,"enemies":"Lagavulin","floor":8,"turns":7},{"damage":0,"enemies":"Large Slime","floor":10,"turns":5},{"damage":7,"enemies":"Gremlin Nob","floor":11,"turns":3},{"damage":5,"enemies":"Lagavulin","floor":13,"turns":6},{"damage":13,"enemies":"Gremlin Gang","floor":14,"turns":3},{"damage":0,"enemies":"Slime Boss","floor":16,"turns":5},{"damage":35,"enemies":"2 Thieves","floor":18,"turns":3},{"damage":5,"enemies":"3 Byrds","floor":20,"turns":4},{"damage":18,"enemies":"Centurion and Healer","floor":22,"turns":5},{"damage":49,"enemies":"Book of Stabbing","floor":23,"turns":5},{"damage":19,"enemies":"Gremlin Leader","floor":25,"turns":4},{"damage":12,"enemies":"Snake Plant","floor":27,"turns":1}],"seed_played":"-2550699543645080427","potions_obtained":[{"floor":1,"key":"Poison Potion"},{"floor":10,"key":"Energy Potion"},{"floor":11,"key":"LiquidBronze"},{"floor":13,"key":"Ancient Potion"},{"floor":17,"key":"FairyPotion"},{"floor":20,"key":"Regen Potion"},{"floor":22,"key":"Ancient Potion"},{"floor":23,"key":"AttackPotion"}],"is_trial":false,"path_per_floor":["M","$","M","?","?","M","R","E","T","M","E","$","E","M","R","B",null,"M","?","M","?","M","E","R","E","T","M"],"character_chosen":"DEFECT","items_purchased":["Flash of Steel","Turbo","FTL"],"campfire_rested":2,"item_purchase_floors":[12,12,12],"current_hp_per_floor":[56,56,56,56,41,41,41,28,28,28,21,21,16,5,28,28,82,49,49,44,44,38,4,29,12,12,0],"gold":499,"neow_bonus":"THREE_RARE_CARDS","is_prod":false,"is_daily":false,"chose_seed":false,"campfire_upgraded":1,"win_rate":0,"timestamp":1543435894,"path_taken":["M","$","M","?","?","M","R","E","T","M","E","$","E","M","R","BOSS","M","?","?","?","M","E","R","E","T","M"],"build_version":"2018-11-15","purchased_purges":1,"victory":false,"max_hp_per_floor":[75,75,75,75,75,75,75,75,75,75,75,75,75,77,77,77,82,84,84,84,84,84,86,86,88,88,88],"card_choices":[{"not_picked":["Rainbow","Multi-Cast"],"picked":"Creative AI","floor":0},{"not_picked":["Steam Power","Leap"],"picked":"Ball Lightning","floor":1},{"not_picked":["Steam","Beam Cell"],"picked":"Hologram","floor":3},{"not_picked":["Steam","FTL"],"picked":"Rebound","floor":6},{"not_picked":["Force Field","Stack"],"picked":"Cold Snap","floor":8},{"not_picked":["Cold Snap","Meteor Strike"],"picked":"Go for the Eyes","floor":10},{"not_picked":["Go for the Eyes","BootSequence"],"picked":"Core Surge","floor":11},{"not_picked":["Melter","Barrage"],"picked":"Ball Lightning","floor":13},{"not_picked":["Barrage","Turbo","Coolheaded"],"picked":"Singing Bowl","floor":14},{"not_picked":["Rainbow","Core Surge"],"picked":"All For One","floor":16},{"not_picked":["Streamline","Redo"],"picked":"Melter","floor":17},{"not_picked":["Turbo","Coolheaded","Compile Driver"],"picked":"Singing Bowl","floor":18},{"not_picked":["Loop","Compile Driver+1"],"picked":"Ball Lightning+1","floor":20},{"not_picked":["Redo","Consume"],"picked":"Leap+1","floor":22},{"not_picked":["Genetic Algorithm","Turbo","Force Field"],"picked":"Singing Bowl","floor":23},{"not_picked":["Barrage","Skim+1","Stack"],"picked":"Singing Bowl","floor":25}],"player_experience":940852,"relics_obtained":[{"floor":8,"key":"Vajra"},{"floor":9,"key":"DataDisk"},{"floor":11,"key":"Singing Bowl"},{"floor":13,"key":"Bottled Tornado"},{"floor":23,"key":"Boot"},{"floor":25,"key":"Thread and Needle"},{"floor":26,"key":"Toxic Egg 2"}],"event_choices":[{"damage_healed":0,"gold_gain":0,"player_choice":"Take Wound","damage_taken":0,"relics_obtained":["Golden Idol"],"max_hp_gain":0,"max_hp_loss":0,"event_name":"Golden Idol","floor":4,"gold_loss":0,"cards_obtained":["Injury"]},{"damage_healed":0,"gold_gain":0,"player_choice":"Entered Light","damage_taken":15,"max_hp_gain":0,"max_hp_loss":0,"event_name":"Shining Light","floor":5,"gold_loss":0,"cards_upgraded":["Creative AI","Hologram"]},{"damage_healed":0,"gold_gain":100,"player_choice":"Bet on Murderer","damage_taken":0,"max_hp_gain":0,"max_hp_loss":0,"event_name":"The Joust","floor":19,"gold_loss":50},{"cards_removed":["Injury"],"damage_healed":0,"gold_gain":0,"player_choice":"Elegance","damage_taken":0,"max_hp_gain":0,"max_hp_loss":0,"event_name":"Back to Basics","floor":21,"gold_loss":0}],"is_beta":true,"boss_relics":[{"not_picked":["Runic Pyramid","Orrery"],"picked":"Tiny House"}],"items_purged_floors":[2],"is_endless":false,"potions_floor_spawned":[1,10,11,13,20,22,23],"killed_by":"Snake Plant","ascension_level":1}