{"gold_per_floor":[114,132,145,145,161,188,188,205,205,205,94,114,114,171,171,267,267,280,280,295,17,92,72,54,80,80,90,90,90,90,123,123,222,222,240,240,257,94,94,94,125,125,150,28,47,0,0,11,11,11],"floor_reached":51,"playtime":1730,"items_purged":[],"score":836,"play_id":"e7ae5e5c-845a-401c-95bd-3caf78e78929","local_time":"20190829225602","is_ascension_mode":false,"campfire_choices":[{"data":"Perfected Strike","floor":7.0,"key":"SMITH"},{"data":"Bash","floor":10.0,"key":"SMITH"},{"data":"Twin Strike","floor":13.0,"key":"SMITH"},{"data":"Wild Strike","floor":15.0,"key":"SMITH"},{"data":"Intimidate","floor":28,"key":"SMITH"},{"floor":32,"key":"REST"},{"data":"Demon Form","floor":40,"key":"SMITH"},{"data":"Demon Form","floor":47,"key":"SMITH"},{"floor":49,"key":"REST"}],"neow_cost":"NONE","seed_source_timestamp":0,"circlet_count":0,"master_deck":["Strike_R+1","Strike_R+1","Strike_R+1","Strike_R+1","Strike_R+1","Defend_R+1","Defend_R+1","Defend_R+1","Defend_R+1","Bash+1","Perfected Strike+1","Intimidate+1","Twin Strike","Twin Strike+1","Headbutt","Wild Strike+1","Wild Strike","Demon Form+1","Wild Strike","Wild Strike","Perfected Strike+1","Pommel Strike","True Grit+1","Demon Form+1","Immolate","Metallicize+1","Flame Barrier+1"],"special_seed":0,"relics":["Burning Blood","Boot","Singing Bowl","The Courier","Meat on the Bone","Mark of Pain","Paper Frog","DollysMirror","Juzu Bracelet","PreservedInsect","Bottled Lightning","Ancient Tea Set","Sozu","Incense Burner","Medical Kit","Self Forming Clay","Ginger","Red Skull","Strawberry","Red Mask"],"potions_floor_usage":[25,25,33,33,33],"damage_taken":[{"damage":5.0,"enemies":"Cultist","floor":1.0,"turns":4.0},{"damage":0.0,"enemies":"Small Slimes","floor":2.0,"turns":2.0},{"damage":8.0,"enemies":"Jaw Worm","floor":3.0,"turns":2.0},{"damage":0.0,"enemies":"Large Slime","floor":5.0,"turns":4.0},{"damage":15.0,"enemies":"Gremlin Nob","floor":6.0,"turns":4.0},{"damage":10.0,"enemies":"Red Slaver","floor":8.0,"turns":4.0},{"damage":3.0,"enemies":"3 Louse","floor":12.0,"turns":4.0},{"damage":18.0,"enemies":"Gremlin Nob","floor":14.0,"turns":4.0},{"damage":0.0,"enemies":"Slime Boss","floor":16.0,"turns":4.0},{"damage":0.0,"enemies":"Spheric Guardian","floor":18.0,"turns":2.0},{"damage":7.0,"enemies":"Chosen","floor":20.0,"turns":4.0},{"damage":54,"enemies":"Book of Stabbing","floor":25,"turns":6},{"damage":0,"enemies":"Sentry and Sphere","floor":27,"turns":3},{"damage":24,"enemies":"Gremlin Leader","floor":31,"turns":4},{"damage":49,"enemies":"Champ","floor":33,"turns":7},{"damage":0,"enemies":"Orb Walker","floor":35,"turns":2},{"damage":22,"enemies":"3 Darklings","floor":37,"turns":4},{"damage":0,"enemies":"Nemesis","floor":41,"turns":4},{"damage":0,"enemies":"Maw","floor":45,"turns":6},{"damage":33,"enemies":"4 Shapes","floor":48,"turns":6},{"damage":83,"enemies":"Donu and Deca","floor":50,"turns":8}],"seed_played":"-7175651673947189020","potions_obtained":[{"floor":2.0,"key":"EssenceOfSteel"},{"floor":8.0,"key":"Fire Potion"},{"floor":12.0,"key":"AttackPotion"},{"floor":14.0,"key":"SpeedPotion"},{"floor":23,"key":"EssenceOfSteel"},{"floor":25,"key":"EssenceOfSteel"},{"floor":27,"key":"Weak Potion"}],"is_trial":false,"path_per_floor":["M","M","M","$","M","E","R","M","T","R","$","M","R","?","R","B",null,"M","?","M","$","?","?","$","E","T","M","R","?","$","E","R","B",null,"M","?","M","$","T","R","E","$","T","$","M","?","R","M","R","B",null],"character_chosen":"IRONCLAD","items_purchased":["Twin Strike","Headbutt","Wild Strike","DollysMirror","Juzu Bracelet","Pommel Strike","Medical Kit","Strawberry"],"campfire_rested":2,"item_purchase_floors":[11,11,11,21,21,24,38,44],"current_hp_per_floor":[80,80,78,78,80,73,73,69,69,69,69,74,74,62,62,68,84,84,84,83,83,75,75,75,39,39,59,59,59,59,53,78,47,86,86,86,72,72,72,72,80,80,80,87,95,95,95,68,97,32],"gold":11,"neow_bonus":"RANDOM_COMMON_RELIC","is_prod":false,"is_daily":false,"chose_seed":false,"campfire_upgraded":7,"win_rate":0,"timestamp":1567140962,"path_taken":["M","?","M","$","M","E","R","M","T","R","?","M","R","?","R","BOSS","M","?","M","$","?","?","?","E","T","M","R","?","$","E","R","BOSS","M","?","M","?","?","R","E","$","T","$","M","?","R","M","R","BOSS"],"build_version":"2019-07-17","purchased_purges":0,"victory":true,"max_hp_per_floor":[80,80,80,80,80,82,82,82,82,82,82,84,84,84,84,84,84,84,84,84,84,84,84,84,84,84,86,86,86,86,86,86,86,86,86,86,88,88,88,88,90,90,90,97,99,99,99,99,99,99],"card_choices":[{"not_picked":["Cleave","Havoc"],"picked":"Perfected Strike","floor":1.0},{"not_picked":["Sword Boomerang","Iron Wave"],"picked":"Intimidate","floor":2.0},{"not_picked":["Iron Wave","Anger","Pummel"],"picked":"SKIP","floor":3.0},{"not_picked":["Searing Blow","Hemokinesis","Bloodletting"],"picked":"SKIP","floor":5.0},{"not_picked":["Battle Trance","Inflame","Shrug It Off"],"picked":"Singing Bowl","floor":6.0},{"not_picked":["Headbutt","Cleave"],"picked":"Twin Strike","floor":8.0},{"not_picked":["Headbutt","Havoc","True Grit"],"picked":"Singing Bowl","floor":12.0},{"not_picked":["Clash","Combust"],"picked":"Wild Strike","floor":14.0},{"not_picked":["Fiend Fire","Exhume"],"picked":"Demon Form","floor":16.0},{"not_picked":["Rampage","Armaments"],"picked":"Wild Strike","floor":18.0},{"not_picked":["Hemokinesis","Iron Wave"],"picked":"Wild Strike","floor":20.0},{"not_picked":["Feel No Pain","Intimidate+1"],"picked":"True Grit+1","floor":25},{"not_picked":["Carnage+1","Seeing Red","Shrug It Off"],"picked":"Singing Bowl","floor":27},{"not_picked":["Shrug It Off+1","Clothesline"],"picked":"Demon Form","floor":31},{"not_picked":["Exhume","Bludgeon"],"picked":"Immolate","floor":33},{"not_picked":["Body Slam","Entrench"],"picked":"Metallicize+1","floor":35},{"not_picked":["Shrug It Off","Clash","Cleave"],"picked":"Singing Bowl","floor":37},{"not_picked":["Burning Pact","Sword Boomerang+1","Reckless Charge"],"picked":"Singing Bowl","floor":41},{"not_picked":["Anger","Combust+1","Spot Weakness"],"picked":"Singing Bowl","floor":45},{"not_picked":["Intimidate","Power Through"],"picked":"Flame Barrier+1","floor":48}],"player_experience":1695503,"relics_obtained":[{"floor":6.0,"key":"Singing Bowl"},{"floor":9.0,"key":"The Courier"},{"floor":14.0,"key":"Meat on the Bone"},{"floor":25,"key":"PreservedInsect"},{"floor":26,"key":"Bottled Lightning"},{"floor":31,"key":"Ancient Tea Set"},{"floor":36,"key":"Incense Burner"},{"floor":39,"key":"Self Forming Clay"},{"floor":41,"key":"Ginger"},{"floor":43,"key":"Red Skull"}],"event_choices":[{"damage_healed":0.0,"max_hp_gain":0.0,"max_hp_loss":0.0,"gold_gain":0.0,"event_name":"Dead Adventurer","player_choice":"Searched \u00271\u0027 times","floor":14.0,"gold_loss":0.0,"damage_taken":0.0},{"damage_healed":0.0,"max_hp_gain":0.0,"max_hp_loss":0.0,"gold_gain":0.0,"event_name":"The Mausoleum","player_choice":"Opened","floor":19.0,"gold_loss":0.0,"damage_taken":0.0,"relics_obtained":["Paper Frog"]},{"damage_healed":0,"gold_gain":75,"player_choice":"Touch","damage_taken":8,"max_hp_gain":0,"max_hp_loss":0,"event_name":"FaceTrader","floor":22,"gold_loss":0},{"damage_healed":0,"gold_gain":0,"player_choice":"Bought 1 Potion","damage_taken":0,"max_hp_gain":0,"max_hp_loss":0,"event_name":"The Woman in Blue","floor":23,"gold_loss":0},{"damage_healed":0,"gold_gain":0,"player_choice":"Simplicity","damage_taken":0,"max_hp_gain":0,"max_hp_loss":0,"event_name":"Back to Basics","floor":29,"gold_loss":0,"cards_upgraded":["Strike_R","Strike_R","Strike_R","Strike_R","Strike_R","Defend_R","Defend_R","Defend_R","Defend_R"]},{"damage_healed":0,"gold_gain":0,"player_choice":"Relic","damage_taken":0,"max_hp_gain":0,"max_hp_loss":0,"event_name":"Wheel of Change","floor":36,"gold_loss":0},{"damage_healed":0,"gold_gain":0,"player_choice":"Paid","damage_taken":0,"relics_obtained":["Red Mask"],"max_hp_gain":0,"max_hp_loss":0,"event_name":"Tomb of Lord Red Mask","floor":46,"gold_loss":47}],"is_beta":false,"boss_relics":[{"not_picked":["Eternal Feather","Empty Cage"],"picked":"Mark of Pain"},{"not_picked":["Runic Dome","Velvet Choker"],"picked":"Sozu"}],"items_purged_floors":[],"is_endless":false,"potions_floor_spawned":[2,8,12,14,25,27,35,37],"ascension_level":0}