{"gold_per_floor":[14,14,14,26,26,26,53,53,80,110,120,138,138,156,156,156],"floor_reached":16,"playtime":747,"items_purged":[],"score":110,"play_id":"849c495b-2e6e-4d3d-afeb-f123dfce2d1c","local_time":"20180729085541","is_ascension_mode":false,"campfire_choices":[{"data":"Zap","floor":6,"key":"SMITH"},{"data":"Dualcast","floor":8,"key":"SMITH"},{"data":"Hologram","floor":13,"key":"SMITH"},{"floor":15,"key":"REST"}],"neow_cost":"NO_GOLD","seed_source_timestamp":374151738095451,"circlet_count":0,"master_deck":["Strike_B","Strike_B","Strike_B","Strike_B","Defend_B","Defend_B","Defend_B","Defend_B","Zap+1","Dualcast+1","Amplify","Hologram+1","Chill","Storm","Hologram","Conserve Battery","Rebound","Turbo"],"relics":["Cracked Core","Boot","Oddly Smooth Stone","Dodecahedron"],"potions_floor_usage":[12,14,16],"damage_taken":[{"damage":1,"enemies":"Jaw Worm","floor":1,"turns":3},{"damage":1,"enemies":"Cultist","floor":4,"turns":4},{"damage":48,"enemies":"Gremlin Nob","floor":7,"turns":5},{"damage":22,"enemies":"Lagavulin","floor":10,"turns":8},{"damage":0,"enemies":"2 Louse","floor":11,"turns":1},{"damage":0,"enemies":"Looter","floor":12,"turns":3},{"damage":0,"enemies":"3 Louse","floor":14,"turns":1},{"damage":37,"enemies":"Slime Boss","floor":16,"turns":10}],"seed_played":"-6680194320408074465","potions_obtained":[{"floor":2,"key":"SpeedPotion"},{"floor":2,"key":"Swift Potion"},{"floor":2,"key":"Dexterity Potion"},{"floor":4,"key":"Explosive Potion"},{"floor":7,"key":"SteroidPotion"}],"is_trial":false,"path_per_floor":["M","?","?","M","?","R","E","R","T","E","M","M","R","M","R"],"character_chosen":"DEFECT","items_purchased":[],"campfire_rested":1,"item_purchase_floors":[],"current_hp_per_floor":[74,74,74,73,78,78,30,30,30,8,8,8,8,8,32,0],"gold":156,"neow_bonus":"THREE_RARE_CARDS","is_prod":false,"is_daily":false,"chose_seed":false,"campfire_upgraded":3,"win_rate":0,"timestamp":1532843741,"path_taken":["M","?","?","?","?","R","E","R","T","E","M","M","R","M","R","BOSS"],"build_version":"2018-07-26","purchased_purges":0,"victory":false,"max_hp_per_floor":[75,75,75,75,80,80,80,80,80,80,80,80,80,80,80,80],"card_choices":[{"not_picked":["Thunder Strike","Reboot"],"picked":"Amplify","floor":0},{"not_picked":["Static Discharge","Undo"],"picked":"Hologram","floor":1},{"not_picked":["Coolheaded","Scrape"],"picked":"Chill","floor":4},{"not_picked":["Tempest","Hologram"],"picked":"Storm","floor":7},{"not_picked":["Barrage","Blizzard"],"picked":"Hologram","floor":10},{"not_picked":["Ball Lightning","Barrage"],"picked":"Conserve Battery","floor":11},{"not_picked":["Biased Cognition","Stack"],"picked":"Rebound","floor":12},{"not_picked":["Conserve Battery","Coolheaded"],"picked":"Turbo","floor":14}],"player_experience":573467,"relics_obtained":[{"floor":7,"key":"Boot"},{"floor":9,"key":"Oddly Smooth Stone"},{"floor":10,"key":"Dodecahedron"}],"event_choices":[{"event_name":"The Lab","player_choice":"Got Potions","floor":2,"damage_taken":0},{"event_name":"The Cleric","player_choice":"Leave","floor":3,"damage_taken":0},{"event_name":"Big Fish","player_choice":"Donut","floor":5,"damage_taken":0}],"is_beta":true,"boss_relics":[],"items_purged_floors":[],"is_endless":false,"potions_floor_spawned":[4,7,11],"killed_by":"Slime Boss","ascension_level":0}