{"gold_per_floor":[113,129,179,189,200,200,125,125,125,125,139,139,159,159,159,263,263,277,187,205,105,121,121,121,137,188,188,188,63,63,73,73,73],"floor_reached":33,"playtime":2697,"items_purged":["Strike_G","Strike_G","Strike_G"],"score":262,"play_id":"7d58b3c7-7d6f-4660-ad3b-78fd04724723","local_time":"20190805235349","is_ascension_mode":false,"campfire_choices":[{"data":"Bouncing Flask","floor":6,"key":"SMITH"},{"data":"Neutralize","floor":8,"key":"SMITH"},{"data":"Corpse Explosion","floor":12,"key":"SMITH"},{"data":"Footwork","floor":15,"key":"SMITH"},{"data":"Leg Sweep","floor":23,"key":"SMITH"},{"data":"Dodge and Roll","floor":24,"key":"SMITH"},{"data":"Survivor","floor":27,"key":"SMITH"},{"data":"Flying Knee","floor":28,"key":"SMITH"},{"data":"After Image","floor":32,"key":"SMITH"}],"neow_cost":"NONE","seed_source_timestamp":4428241077347,"circlet_count":0,"master_deck":["Strike_G","Defend_G+1","Defend_G","Defend_G","Defend_G","Defend_G+1","Survivor+1","Neutralize+1","Dodge and Roll+1","Leg Sweep+1","Flying Knee+1","Bouncing Flask+1","Corpse Explosion+1","Footwork+1","Corpse Explosion+1","Leg Sweep+1","Dodge and Roll+1","Catalyst+1","After Image+1"],"relics":["Ring of the Serpent","NeowsBlessing","Bronze Scales","WingedGreaves","War Paint"],"potions_floor_usage":[11,18,22,31],"damage_taken":[{"damage":0,"enemies":"Cultist","floor":1,"turns":1},{"damage":0,"enemies":"Small Slimes","floor":2,"turns":1},{"damage":0,"enemies":"2 Louse","floor":4,"turns":1},{"damage":29,"enemies":"Gremlin Gang","floor":5,"turns":5},{"damage":12,"enemies":"Lots of Slimes","floor":11,"turns":3},{"damage":4,"enemies":"Exordium Thugs","floor":13,"turns":5},{"damage":12,"enemies":"Slime Boss","floor":16,"turns":13},{"damage":16,"enemies":"2 Thieves","floor":18,"turns":3},{"damage":0,"enemies":"Chosen","floor":20,"turns":4},{"damage":0,"enemies":"Centurion and Healer","floor":22,"turns":5},{"damage":14,"enemies":"Sentry and Sphere","floor":25,"turns":4},{"damage":0,"enemies":"Cultist and Chosen","floor":31,"turns":3},{"damage":77,"enemies":"Collector","floor":33,"turns":7}],"seed_played":"8973600966702722009","potions_obtained":[{"floor":5,"key":"PowerPotion"},{"floor":16,"key":"Poison Potion"},{"floor":20,"key":"Block Potion"},{"floor":22,"key":"Weak Potion"}],"is_trial":false,"path_per_floor":["M","M","T","M","M","R","$","R","T","?","M","R","M","?","R","B",null,"M","?","M","$","M","R","R","M","T","R","R","$","?","M","R","B"],"character_chosen":"THE_SILENT","items_purchased":[],"campfire_rested":0,"item_purchase_floors":[],"current_hp_per_floor":[70,70,70,70,41,41,41,41,41,41,29,29,25,48,48,36,70,54,54,54,54,54,54,54,40,40,40,40,40,70,70,70,0],"gold":73,"neow_bonus":"THREE_ENEMY_KILL","is_prod":false,"is_daily":false,"chose_seed":false,"campfire_upgraded":9,"win_rate":0,"timestamp":1565070829,"path_taken":["M","M","?","M","M","R","$","R","T","?","?","R","M","?","R","BOSS","M","?","?","$","M","R","R","?","T","R","R","?","?","M","R","BOSS"],"build_version":"2019-07-17","purchased_purges":3,"victory":false,"max_hp_per_floor":[70,70,70,70,70,70,70,70,70,70,70,70,70,70,70,70,70,70,70,70,70,70,70,70,70,70,70,70,70,70,70,70,70],"card_choices":[{"not_picked":["Acrobatics","Flying Knee"],"picked":"Dodge and Roll","floor":1},{"not_picked":["Dodge and Roll","Blade Dance"],"picked":"Leg Sweep","floor":2},{"not_picked":["Dodge and Roll","Acrobatics"],"picked":"Flying Knee","floor":4},{"not_picked":["Masterful Stab","Cloak And Dagger"],"picked":"Bouncing Flask","floor":5},{"not_picked":["Expertise","Caltrops"],"picked":"Corpse Explosion","floor":11},{"not_picked":["Dagger Spray","Choke"],"picked":"Footwork","floor":13},{"not_picked":["Adrenaline","Envenom"],"picked":"Corpse Explosion","floor":16},{"not_picked":["Dodge and Roll","Slice","Acrobatics"],"picked":"SKIP","floor":18},{"not_picked":["Flechettes","Setup"],"picked":"Leg Sweep+1","floor":20},{"not_picked":["Terror","Poisoned Stab+1"],"picked":"Dodge and Roll+1","floor":22},{"not_picked":["Deadly Poison","Dodge and Roll"],"picked":"Catalyst+1","floor":25},{"not_picked":["Dagger Spray","Expertise+1"],"picked":"After Image","floor":31}],"player_experience":1629871,"relics_obtained":[{"floor":3,"key":"Bronze Scales"},{"floor":9,"key":"WingedGreaves"},{"floor":26,"key":"War Paint"}],"event_choices":[{"damage_healed":0,"gold_gain":0,"player_choice":"Bought 0 Potions","damage_taken":0,"max_hp_gain":0,"max_hp_loss":0,"event_name":"The Woman in Blue","floor":10,"gold_loss":0},{"damage_healed":23,"gold_gain":0,"player_choice":"Banana","damage_taken":0,"max_hp_gain":0,"max_hp_loss":0,"event_name":"Big Fish","floor":14,"gold_loss":0},{"cards_removed":["Strike_G"],"damage_healed":0,"gold_gain":0,"player_choice":"Upgrade and Remove","damage_taken":0,"max_hp_gain":0,"max_hp_loss":0,"event_name":"Designer","floor":19,"gold_loss":90,"cards_upgraded":["Corpse Explosion"]},{"damage_healed":30,"gold_gain":0,"player_choice":"Full Heal","damage_taken":0,"max_hp_gain":0,"max_hp_loss":0,"event_name":"Wheel of Change","floor":30,"gold_loss":0}],"is_beta":false,"boss_relics":[{"not_picked":["Orrery","Runic Pyramid"],"picked":"Ring of the Serpent"}],"items_purged_floors":[7,21,29],"is_endless":false,"potions_floor_spawned":[5,16,20,22],"killed_by":"Collector","ascension_level":0}