{"gold_per_floor":[418,418,436,450,4,4,29,29,29,29,48,48,63,90,90,193,243,261,261,278,278,297,327,327,360,411,411],"floor_reached":27,"playtime":1148,"items_purged":[],"score":300,"play_id":"c0ad23dd-acc4-43b5-9452-3f47bdef0472","local_time":"20190918135401","is_ascension_mode":true,"campfire_choices":[{"data":"Corpse Explosion","floor":6,"key":"SMITH"},{"data":"Footwork","floor":8,"key":"SMITH"},{"data":"Neutralize","floor":10,"key":"SMITH"},{"data":"Survivor","floor":12,"key":"SMITH"},{"data":"Backflip","floor":15,"key":"SMITH"},{"data":"Defend_G","floor":24,"key":"SMITH"}],"neow_cost":"PERCENT_DAMAGE","seed_source_timestamp":181914252890600,"circlet_count":0,"master_deck":["Strike_G","Strike_G","Strike_G","Strike_G","Defend_G","Defend_G","Defend_G+1","Defend_G","Defend_G+1","Survivor+1","Neutralize+1","Dagger Throw","Outmaneuver","Backflip+1","Footwork+1","Corpse Explosion+1","Finesse+1","Corpse Explosion+1","Escape Plan+1","PiercingWail+1","Burst+1","Dodge and Roll+1","Deadly Poison+1","Calculated Gamble+1","Acrobatics+1","Deflect+1","Bouncing Flask+1"],"relics":["Ring of the Snake","Old Coin","Toxic Egg 2","The Courier","Girya","Tiny House","Question Card","Letter Opener","Ninja Scroll","Blood Vial"],"potions_floor_usage":[14,25,27],"damage_taken":[{"damage":0,"enemies":"Small Slimes","floor":1,"turns":4},{"damage":1,"enemies":"2 Louse","floor":3,"turns":4},{"damage":5,"enemies":"Jaw Worm","floor":4,"turns":4},{"damage":6,"enemies":"3 Sentries","floor":7,"turns":5},{"damage":0,"enemies":"Exordium Wildlife","floor":11,"turns":3},{"damage":0,"enemies":"Blue Slaver","floor":13,"turns":3},{"damage":12,"enemies":"Gremlin Nob","floor":14,"turns":3},{"damage":16,"enemies":"Hexaghost","floor":16,"turns":10},{"damage":4,"enemies":"Spheric Guardian","floor":18,"turns":6},{"damage":7,"enemies":"2 Thieves","floor":20,"turns":4},{"damage":6,"enemies":"Centurion and Healer","floor":22,"turns":5},{"damage":24,"enemies":"Book of Stabbing","floor":23,"turns":5},{"damage":14,"enemies":"Gremlin Leader","floor":25,"turns":7},{"damage":25,"enemies":"Book of Stabbing","floor":27,"turns":5}],"seed_played":"1021201511209905975","potions_obtained":[{"floor":7,"key":"Weak Potion"},{"floor":13,"key":"Ancient Potion"},{"floor":17,"key":"LiquidBronze"},{"floor":23,"key":"GamblersBrew"}],"is_trial":false,"path_per_floor":["M","?","M","M","$","R","E","R","T","R","M","R","M","E","R","B",null,"M","?","M","?","M","E","R","E","T","E"],"character_chosen":"THE_SILENT","items_purchased":["Corpse Explosion","Toxic Egg 2","Finesse+1","Poison Potion"],"campfire_rested":0,"item_purchase_floors":[5,5,5,5],"current_hp_per_floor":[49,49,48,43,43,43,37,37,37,37,37,37,37,25,25,9,75,71,71,64,64,58,34,34,20,20,0],"gold":411,"neow_bonus":"ONE_RARE_RELIC","is_prod":false,"is_daily":false,"chose_seed":false,"campfire_upgraded":6,"win_rate":0,"timestamp":1568804041,"path_taken":["M","?","M","M","$","R","E","R","T","R","M","R","M","E","R","BOSS","M","?","M","?","M","E","R","E","T","E"],"build_version":"2019-09-17","purchased_purges":0,"victory":false,"max_hp_per_floor":[70,70,70,70,70,70,70,70,70,70,70,70,70,70,70,70,75,75,75,75,75,75,75,75,75,75,75],"card_choices":[{"not_picked":["Prepared","Concentrate"],"picked":"Dagger Throw","floor":1},{"not_picked":["Acrobatics","Prepared"],"picked":"Backflip","floor":3},{"not_picked":["Flechettes","Backflip"],"picked":"Footwork","floor":4},{"not_picked":["Predator","Flying Knee"],"picked":"Corpse Explosion+1","floor":7},{"not_picked":["Tactician+1","Bane"],"picked":"Escape Plan+1","floor":11},{"not_picked":["Flechettes","Bane","Outmaneuver+1"],"picked":"SKIP","floor":13},{"not_picked":["Choke","Die Die Die"],"picked":"PiercingWail+1","floor":14},{"not_picked":["After Image","Tools of the Trade"],"picked":"Burst+1","floor":16},{"not_picked":["Accuracy","Sucker Punch"],"picked":"Dodge and Roll+1","floor":17},{"not_picked":["Well Laid Plans","Dodge and Roll+1"],"picked":"Deadly Poison+1","floor":18},{"not_picked":["Slice","Blade Dance+1"],"picked":"Calculated Gamble+1","floor":20},{"not_picked":["Terror+1","Reflex+1","Poisoned Stab+1"],"picked":"Acrobatics+1","floor":22},{"not_picked":["Poisoned Stab","Outmaneuver+1","Die Die Die"],"picked":"Deflect+1","floor":23},{"not_picked":["Flying Knee+1","Eviscerate+1","Tactician+1"],"picked":"Bouncing Flask+1","floor":25}],"player_experience":297065,"relics_obtained":[{"floor":7,"key":"The Courier"},{"floor":14,"key":"Girya"},{"floor":23,"key":"Letter Opener"},{"floor":25,"key":"Ninja Scroll"},{"floor":26,"key":"Blood Vial"}],"event_choices":[{"damage_healed":0,"gold_gain":0,"cards_transformed":["Strike_G"],"player_choice":"Change","damage_taken":0,"max_hp_gain":0,"max_hp_loss":0,"event_name":"Living Wall","floor":2,"gold_loss":0,"cards_obtained":["Outmaneuver"]},{"damage_healed":0,"gold_gain":0,"player_choice":"Ignored","damage_taken":0,"max_hp_gain":0,"max_hp_loss":0,"event_name":"Ghosts","floor":19,"gold_loss":0},{"damage_healed":0,"gold_gain":0,"player_choice":"Opened","damage_taken":0,"relics_obtained":["Question Card"],"max_hp_gain":0,"max_hp_loss":0,"event_name":"The Mausoleum","floor":21,"gold_loss":0}],"is_beta":true,"boss_relics":[{"not_picked":["Velvet Choker","SacredBark"],"picked":"Tiny House"}],"items_purged_floors":[],"is_endless":false,"potions_floor_spawned":[7,13,18,22,23],"killed_by":"Book of Stabbing","ascension_level":1}