{"gold_per_floor":[111,131,146,146,146,146,146,177,231,251,271,271,44,59,59,184,184,208,232,12,25,300,300,341,341,391,422,440,440,484,523,523,648,648,669,684,1017,1036,457,482,482,507,588,588,613,624,638,652,652,652],"floor_reached":51,"playtime":2659,"items_purged":["strawberrySpire:Teyered"],"score":917,"play_id":"24eb0c8e-c62b-4f51-9cf7-38fa011ba229","local_time":"20190416073303","is_ascension_mode":false,"campfire_choices":[{"data":"Zap","floor":6,"key":"SMITH"},{"data":"Redo","floor":12,"key":"SMITH"},{"floor":23,"key":"REST"},{"floor":25,"key":"REST"},{"floor":29,"key":"REST"},{"floor":32,"key":"REST"},{"floor":44,"key":"REST"},{"floor":49,"key":"REST"}],"neow_cost":"","seed_source_timestamp":234587177523985,"circlet_count":0,"master_deck":["Strike_B","Strike_B","Defend_B","Defend_B","Defend_B","Defend_B","Zap+1","Dualcast","Hologram","All For One","Redo+1","Ball Lightning","Reinforced Body","Conserve Battery","Cold Snap","Go for the Eyes","Clumsy","Creative AI","strawberrySpire:Compressor","Mayhem","Gash","Fission","strawberrySpire:Adapter","Steam","strawberrySpire:BlasterWyrm+1","Conserve Battery","Leap","Streamline","All For One","Consume+1","strawberrySpire:BiBeamBolt","Beam Cell+1","Reprogram+1","Chill+1","Auto Shields+1","Stack","Enlightenment","Heatsinks","Hologram+1","Gash+1","Streamline+1","Steam+1","Gash+1"],"relics":["Cracked Core","PreservedInsect","strawberrySpire:Flakhammer","MealTicket","Regal Pillow","Vajra","strawberrySpire:Sunfruit","Fusion Hammer","Membership Card","strawberrySpire:PoopsieRoll","strawberrySpire:ElectricRodnt","WingedGreaves","Anchor","Pen Nib","Astrolabe","Gambling Chip","Medical Kit","strawberrySpire:ElefentMask","strawberrySpire:KineticCharger","Shuriken","Kunai","Du-Vu Doll"],"potions_floor_usage":[8,16,16,16,24,27,30,33,40,42,50,50],"damage_taken":[{"damage":0,"enemies":"Jaw Worm","floor":1,"turns":3},{"damage":0,"enemies":"Small Slimes","floor":2,"turns":2},{"damage":2,"enemies":"Cultist","floor":3,"turns":3},{"damage":17,"enemies":"Gremlin Nob","floor":8,"turns":4},{"damage":7,"enemies":"Looter","floor":10,"turns":3},{"damage":8,"enemies":"Lots of Slimes","floor":11,"turns":3},{"damage":3,"enemies":"3 Louse","floor":14,"turns":3},{"damage":3,"enemies":"Slime Boss","floor":16,"turns":5},{"damage":12,"enemies":"2 Thieves","floor":18,"turns":4},{"damage":29,"enemies":"Shell Parasite","floor":19,"turns":7},{"damage":27,"enemies":"Cultist and Chosen","floor":21,"turns":8},{"damage":32,"enemies":"strawberrySpire:AncientClocktower","floor":24,"turns":7},{"damage":3,"enemies":"Book of Stabbing","floor":27,"turns":5},{"damage":6,"enemies":"Shelled Parasite and Fungi","floor":28,"turns":8},{"damage":2,"enemies":"Slavers","floor":30,"turns":4},{"damage":20,"enemies":"Book of Stabbing","floor":31,"turns":5},{"damage":59,"enemies":"Collector","floor":33,"turns":8},{"damage":0,"enemies":"Orb Walker","floor":35,"turns":3},{"damage":0,"enemies":"3 Shapes","floor":36,"turns":6},{"damage":14,"enemies":"Jaw Worm Horde","floor":38,"turns":5},{"damage":31,"enemies":"Nemesis","floor":40,"turns":5},{"damage":28,"enemies":"Reptomancer","floor":42,"turns":8},{"damage":44,"enemies":"strawberrySpire:EssenceStones","floor":45,"turns":6},{"damage":0,"enemies":"Transient","floor":46,"turns":5},{"damage":12,"enemies":"3 Darklings","floor":47,"turns":4},{"damage":1,"enemies":"Jaw Worm Horde","floor":48,"turns":4},{"damage":36,"enemies":"Time Eater","floor":50,"turns":10}],"seed_played":"-3209336514592090302","potions_obtained":[{"floor":1,"key":"EssenceOfSteel"},{"floor":10,"key":"EssenceOfSteel"},{"floor":11,"key":"SkillPotion"},{"floor":14,"key":"EssenceOfSteel"},{"floor":18,"key":"EssenceOfSteel"},{"floor":21,"key":"Energy Potion"},{"floor":24,"key":"Regen Potion"},{"floor":28,"key":"Block Potion"},{"floor":35,"key":"PowerPotion"},{"floor":38,"key":"Explosive Potion"},{"floor":40,"key":"Ancient Potion"}],"is_trial":false,"path_per_floor":["M","M","M","?","?","R","?","E","T","M","M","R","$","M","R","B",null,"M","M","$","M","?","R","E","R","T","E","M","R","E","E","R","B",null,"M","M","?","M","$","E","?","E","T","R","E","M","M","M","R","B",null],"character_chosen":"DEFECT","items_purchased":["PreservedInsect","strawberrySpire:Flakhammer","MealTicket","Hologram","All For One","Redo","Ball Lightning","Reinforced Body","Mayhem","Gash","Membership Card","Steam","Gambling Chip","Medical Kit","strawberrySpire:ElefentMask","Enlightenment","Heatsinks","Transmutation","EssenceOfSteel"],"campfire_rested":6,"item_purchase_floors":[0,0,0,0,0,0,0,0,13,13,20,20,39,39,39,39,39,39,39],"current_hp_per_floor":[75,75,73,55,55,55,48,31,31,24,16,16,31,28,28,28,75,63,37,40,16,19,59,30,70,73,72,69,75,73,55,75,31,75,75,75,75,61,75,44,90,62,65,90,46,49,40,42,87,54],"gold":652,"neow_bonus":"","is_prod":false,"is_daily":false,"chose_seed":false,"campfire_upgraded":2,"win_rate":0.0,"timestamp":1555389183,"path_taken":["M","M","M","?","?","R","?","E","T","M","M","R","$","M","R","BOSS","M","M","?","M","?","R","E","R","T","E","?","R","E","E","R","BOSS","M","M","?","M","$","E","?","E","T","R","E","M","M","?","R","BOSS"],"build_version":"2019-01-23","purchased_purges":1,"victory":true,"max_hp_per_floor":[75,75,75,75,75,75,75,75,75,75,75,75,75,75,75,75,75,75,75,75,75,75,75,75,75,75,75,75,75,75,75,75,75,75,75,75,75,75,75,75,90,90,90,90,90,90,90,90,90,90],"card_choices":[{"not_picked":["strawberrySpire:NeonFlight","Coolheaded"],"picked":"Conserve Battery","floor":1},{"not_picked":["Compile Driver","Amplify"],"picked":"Cold Snap","floor":2},{"not_picked":["strawberrySpire:Disconnect","Compile Driver"],"picked":"Go for the Eyes","floor":3},{"not_picked":["strawberrySpire:HateBit","strawberrySpire:SearchEngine"],"picked":"Creative AI","floor":8},{"not_picked":["Conserve Battery","Cold Snap","Go for the Eyes"],"picked":"SKIP","floor":10},{"not_picked":["Fusion","strawberrySpire:SearchEngine"],"picked":"strawberrySpire:Compressor","floor":11},{"not_picked":["Barrage","Sweeping Beam","strawberrySpire:ReturnNull"],"picked":"SKIP","floor":14},{"not_picked":["Rainbow","Biased Cognition"],"picked":"Fission","floor":16},{"not_picked":["strawberrySpire:NeonFlight","Double Energy","Compile Driver"],"picked":"SKIP","floor":18},{"not_picked":["Melter","Chaos"],"picked":"strawberrySpire:Adapter","floor":19},{"not_picked":["strawberrySpire:THEL","strawberrySpire:NeonFlight"],"picked":"strawberrySpire:BlasterWyrm+1","floor":21},{"not_picked":["Steam","Storm"],"picked":"Conserve Battery","floor":24},{"not_picked":["strawberrySpire:NeonFlight","Steam"],"picked":"Leap","floor":27},{"not_picked":["Barrage","Coolheaded"],"picked":"Streamline","floor":28},{"not_picked":["strawberrySpire:Adapter+1","Heatsinks"],"picked":"All For One","floor":30},{"not_picked":["Reboot","Melter+1"],"picked":"Consume+1","floor":31},{"not_picked":["Machine Learning","strawberrySpire:Refactor"],"picked":"strawberrySpire:BiBeamBolt","floor":33},{"not_picked":["strawberrySpire:NeonFlight+1","Barrage+1"],"picked":"Chill+1","floor":35},{"not_picked":["strawberrySpire:NeonFlight+1","Gash+1"],"picked":"Auto Shields+1","floor":36},{"not_picked":["Sweeping Beam","Leap"],"picked":"Stack","floor":38},{"not_picked":["Cold Snap+1","Double Energy+1"],"picked":"Hologram+1","floor":40},{"not_picked":["strawberrySpire:Adapter","Redo","Chaos+1"],"picked":"SKIP","floor":42},{"not_picked":["Defragment","Leap"],"picked":"Gash+1","floor":45},{"not_picked":["Ball Lightning","strawberrySpire:FocalLaser+1"],"picked":"Streamline+1","floor":46},{"not_picked":["Ball Lightning","Storm"],"picked":"Steam+1","floor":47},{"not_picked":["Compile Driver+1","Go for the Eyes+1"],"picked":"Gash+1","floor":48}],"player_experience":102421,"relics_obtained":[{"floor":8,"key":"Regal Pillow"},{"floor":9,"key":"Vajra"},{"floor":15,"key":"strawberrySpire:Sunfruit"},{"floor":24,"key":"strawberrySpire:PoopsieRoll"},{"floor":26,"key":"strawberrySpire:ElectricRodnt"},{"floor":27,"key":"WingedGreaves"},{"floor":30,"key":"Anchor"},{"floor":31,"key":"Pen Nib"},{"floor":40,"key":"strawberrySpire:KineticCharger"},{"floor":42,"key":"Shuriken"},{"floor":43,"key":"Kunai"},{"floor":45,"key":"Du-Vu Doll"}],"event_choices":[{"damage_healed":0,"gold_gain":0,"player_choice":"Take Damage","damage_taken":18,"relics_obtained":["Golden Idol"],"max_hp_gain":0,"max_hp_loss":0,"event_name":"Golden Idol","floor":4,"gold_loss":0},{"damage_healed":0,"gold_gain":0,"player_choice":"Damaged","damage_taken":7,"max_hp_gain":0,"max_hp_loss":0,"event_name":"Wheel of Change","floor":7,"gold_loss":0},{"damage_healed":0,"gold_gain":275,"player_choice":"Desecrate","damage_taken":0,"max_hp_gain":0,"max_hp_loss":0,"event_name":"Golden Shrine","floor":22,"gold_loss":0,"cards_obtained":["Regret"]},{"damage_healed":0,"gold_gain":333,"player_choice":"Gave Idol","damage_taken":0,"max_hp_gain":0,"max_hp_loss":0,"event_name":"The Moai Head","floor":37,"relics_lost":["Golden Idol"],"gold_loss":0},{"cards_removed":["Transmutation"],"damage_healed":28,"gold_gain":0,"player_choice":"Offered Rare","damage_taken":0,"max_hp_gain":10,"max_hp_loss":0,"event_name":"Bonfire Elementals","floor":41,"gold_loss":0}],"is_beta":false,"boss_relics":[{"not_picked":["Runic Dome","strawberrySpire:SolarisEssence"],"picked":"Fusion Hammer"},{"not_picked":["Coffee Dripper","Eternal Feather"],"picked":"Astrolabe"}],"items_purged_floors":[39],"is_endless":false,"potions_floor_spawned":[1,10,11,14,18,21,24,28,35,38,40],"ascension_level":0}