{"gold_per_floor":[119,132,147,166,180,212,212,247,247,278,353,363,363,379,379,474,474,491,491,504,518,544,544,555,567,567,592,603,34,34,64,64,64],"floor_reached":33,"playtime":1894,"items_purged":["Strike_R"],"score":377,"play_id":"097a3f95-c737-489a-9bb8-4d465140ca44","local_time":"20181118164624","is_ascension_mode":true,"campfire_choices":[{"data":"Whirlwind","floor":7.0,"key":"SMITH"},{"data":"Rage","floor":13.0,"key":"SMITH"},{"floor":15.0,"key":"REST"},{"floor":23,"key":"REST"},{"floor":30,"key":"REST"},{"floor":32,"key":"REST"}],"neow_cost":"NONE","seed_source_timestamp":0,"circlet_count":0,"master_deck":["Strike_R","Strike_R","Defend_R","Defend_R","Defend_R","Defend_R","Bash","Feed","Clothesline","Clash","Iron Wave","Carnage","Whirlwind+1","Entrench","Rage+1","Anger","Impervious","Trip","Blind","Swift Strike","Enlightenment","Ghostly Armor","Shockwave","Headbutt+1","Pommel Strike+1","Finesse","Iron Wave+1"],"special_seed":0,"relics":["Burning Blood","Champion Belt","Calipers","Gambling Chip","Darkstone Periapt","Empty Cage","Red Mask","StoneCalendar","Ginger","Omamori"],"potions_floor_usage":[21,22,22,24,27,33],"damage_taken":[{"damage":7.0,"enemies":"2 Louse","floor":1.0,"turns":3.0},{"damage":0.0,"enemies":"Cultist","floor":2.0,"turns":2.0},{"damage":6.0,"enemies":"Jaw Worm","floor":3.0,"turns":4.0},{"damage":2.0,"enemies":"Blue Slaver","floor":4.0,"turns":2.0},{"damage":6.0,"enemies":"2 Fungi Beasts","floor":5.0,"turns":5.0},{"damage":22.0,"enemies":"Gremlin Nob","floor":6.0,"turns":4.0},{"damage":26.0,"enemies":"Lagavulin","floor":8.0,"turns":4.0},{"damage":18.0,"enemies":"3 Sentries","floor":10.0,"turns":5.0},{"damage":25.0,"enemies":"Exordium Thugs","floor":12.0,"turns":3.0},{"damage":5.0,"enemies":"Looter","floor":14.0,"turns":3.0},{"damage":32.0,"enemies":"The Guardian","floor":16.0,"turns":13.0},{"damage":37.0,"enemies":"Chosen","floor":18.0,"turns":8.0},{"damage":2.0,"enemies":"Shell Parasite","floor":20.0,"turns":5.0},{"damage":27,"enemies":"3 Cultists","floor":21,"turns":6},{"damage":0,"enemies":"Masked Bandits","floor":22,"turns":5},{"damage":10,"enemies":"Sentry and Sphere","floor":24,"turns":4},{"damage":33,"enemies":"Cultist and Chosen","floor":25,"turns":11},{"damage":38,"enemies":"Slavers","floor":27,"turns":8},{"damage":0,"enemies":"Chosen and Byrds","floor":28,"turns":7},{"damage":13,"enemies":"Gremlin Leader","floor":31,"turns":6},{"damage":107,"enemies":"Automaton","floor":33,"turns":14}],"seed_played":"-8127054036799472453","potions_obtained":[{"floor":1.0,"key":"Poison Potion"},{"floor":6.0,"key":"Swift Potion"},{"floor":8.0,"key":"Explosive Potion"},{"floor":10.0,"key":"EssenceOfSteel"},{"floor":12.0,"key":"Weak Potion"},{"floor":22,"key":"Energy Potion"},{"floor":25,"key":"BloodPotion"},{"floor":28,"key":"SneckoOil"}],"is_trial":false,"path_per_floor":["M","M","M","M","M","E","R","E","T","E","?","M","R","M","R","B",null,"M","?","M","M","?","R","M","M","T","E","M","$","R","E","R","B"],"character_chosen":"IRONCLAD","items_purchased":["Finesse","Ginger","FairyPotion"],"campfire_rested":4,"item_purchase_floors":[29,29,29],"current_hp_per_floor":[82,86,89,92,95,82,82,62,62,53,42,23,23,24,54,31,104,76,26,30,12,21,54,53,29,29,8,14,14,49,42,77,0],"gold":64,"neow_bonus":"ONE_RANDOM_RARE_CARD","is_prod":false,"is_daily":false,"chose_seed":false,"campfire_upgraded":2,"win_rate":0,"timestamp":1542548784,"path_taken":["M","M","M","M","M","E","R","E","T","E","?","M","R","M","R","BOSS","M","?","?","M","?","R","M","M","T","E","M","?","R","E","R","BOSS"],"build_version":"2018-11-15","purchased_purges":1,"victory":false,"max_hp_per_floor":[83,86,89,92,95,98,98,98,98,101,101,101,101,101,101,104,104,107,107,107,110,113,113,116,119,119,119,119,119,119,119,119,119],"card_choices":[{"not_picked":["Rampage","Clash"],"picked":"Clothesline","floor":1.0},{"not_picked":["Corruption","Fire Breathing"],"picked":"Clash","floor":2.0},{"not_picked":["Searing Blow","Rampage"],"picked":"Iron Wave","floor":3.0},{"not_picked":["Wild Strike","Perfected Strike","Feel No Pain"],"picked":"SKIP","floor":4.0},{"not_picked":["Perfected Strike","Rupture"],"picked":"Carnage","floor":5.0},{"not_picked":["Pommel Strike","Armaments"],"picked":"Whirlwind","floor":6.0},{"not_picked":["Fire Breathing","Uppercut"],"picked":"Entrench","floor":8.0},{"not_picked":["Sentinel","Rupture","Clash"],"picked":"SKIP","floor":10.0},{"not_picked":["Anger","Rampage"],"picked":"Rage","floor":12.0},{"not_picked":["Armaments","Clash"],"picked":"Anger","floor":14.0},{"not_picked":["Feed","Double Tap"],"picked":"Impervious","floor":16.0},{"not_picked":["Warcry","Clothesline","Heavy Blade"],"picked":"SKIP","floor":18.0},{"not_picked":["Heavy Blade","Sword Boomerang"],"picked":"Ghostly Armor","floor":20.0},{"not_picked":["Battle Trance","Heavy Blade"],"picked":"Shockwave","floor":21},{"not_picked":["Twin Strike+1","Limit Break"],"picked":"Headbutt+1","floor":24},{"not_picked":["Havoc","Armaments","Clash"],"picked":"SKIP","floor":25},{"not_picked":["Spot Weakness","Rampage","Limit Break"],"picked":"SKIP","floor":27},{"not_picked":["Sword Boomerang","Perfected Strike+1"],"picked":"Pommel Strike+1","floor":28},{"not_picked":["Second Wind","Shockwave"],"picked":"Iron Wave+1","floor":31}],"player_experience":918306,"relics_obtained":[{"floor":6.0,"key":"Champion Belt"},{"floor":8.0,"key":"Calipers"},{"floor":9.0,"key":"Gambling Chip"},{"floor":10.0,"key":"Darkstone Periapt"},{"floor":22,"key":"Red Mask"},{"floor":27,"key":"StoneCalendar"},{"floor":31,"key":"Omamori"}],"event_choices":[{"damage_healed":0.0,"max_hp_gain":0.0,"max_hp_loss":0.0,"gold_gain":75.0,"event_name":"World of Goop","player_choice":"Gather Gold","floor":11.0,"gold_loss":0.0,"damage_taken":11.0},{"damage_healed":0.0,"max_hp_gain":0.0,"max_hp_loss":0.0,"gold_gain":0.0,"event_name":"Knowing Skull","player_choice":"CARD CARD CARD CARD ","floor":19.0,"potions_obtained":[],"gold_loss":0.0,"damage_taken":50.0,"cards_obtained":["Trip","Blind","Swift Strike","Enlightenment"]},{"damage_healed":0,"gold_gain":0,"player_choice":"Fought Bandits","damage_taken":0,"max_hp_gain":0,"max_hp_loss":0,"event_name":"Masked Bandits","floor":22,"gold_loss":0}],"is_beta":true,"boss_relics":[{"not_picked":["Ectoplasm","Coffee Dripper"],"picked":"Empty Cage"}],"items_purged_floors":[29],"is_endless":false,"potions_floor_spawned":[1,6,8,10,12,20,22,25,28],"killed_by":"Automaton","ascension_level":1}