{"gold_per_floor":[119,135,67,342,353,385,385,401,476,476,491,521,538,572,572,671,671,688,688,703,703,717,717,717,717,717,741,817,830,859,876,876,979,979,996,88,0,0,10,10,45,57,69,81,113,125,149,33,33,33,33,33,11,41,41],"floor_reached":56,"playtime":4158,"items_purged":["Regret","Strike_G"],"score":1369,"play_id":"71fbc1f4-579b-4051-95d1-8f0ae8b303c4","local_time":"20181102213008","is_ascension_mode":false,"campfire_choices":[{"data":"Dash","floor":7.0,"key":"SMITH"},{"data":"Neutralize","floor":10.0,"key":"SMITH"},{"floor":15.0,"key":"REST"},{"data":"Cloak And Dagger","floor":23.0,"key":"SMITH"},{"floor":25,"key":"RECALL"},{"data":"Bullet Time","floor":32,"key":"SMITH"},{"data":"Envenom","floor":40,"key":"SMITH"},{"data":"Noxious Fumes","floor":42,"key":"SMITH"},{"data":"Accuracy","floor":44,"key":"SMITH"},{"data":"Apotheosis","floor":46,"key":"SMITH"},{"data":"Footwork","floor":49,"key":"SMITH"},{"data":"Ghostly","floor":52,"key":"SMITH"}],"neow_cost":"NONE","seed_source_timestamp":0,"circlet_count":0,"master_deck":["Defend_G","Defend_G","Defend_G+1","Defend_G","Defend_G","Strike_G","Strike_G","Strike_G","Strike_G","Survivor","Neutralize+1","Backstab","Flying Knee","Dodge and Roll","PiercingWail","Backflip","Dash+1","Endless Agony","Quick Slash","Well Laid Plans","Cloak And Dagger+1","PiercingWail","Envenom+1","Blur+1","Ghostly+1","Ghostly","Ghostly","Ghostly+1","Ghostly","PiercingWail+1","Infinite Blades","Distraction+1","Bullet Time+1","Calculated Gamble+1","After Image","Deadly Poison+1","Apotheosis+1","Accuracy+1","Noxious Fumes+1","Well Laid Plans+1","Skewer+1","Dagger Spray+1","Footwork+1","Poisoned Stab","Deflect"],"special_seed":0,"relics":["Ring of the Serpent","NeowsBlessing","Dead Branch","Mummified Hand","Regal Pillow","Anchor","Eternal Feather","Smiling Mask","Omamori","War Paint","Bottled Lightning","FossilizedHelix","Ninja Scroll","Boot","Toy Ornithopter","Red Mask","Spirit Poop","MawBank","Sundial","Snake Skull"],"potions_floor_usage":[55,55,55],"damage_taken":[{"damage":0.0,"enemies":"Cultist","floor":1.0,"turns":1.0},{"damage":0.0,"enemies":"Small Slimes","floor":2.0,"turns":1.0},{"damage":0.0,"enemies":"2 Louse","floor":5.0,"turns":1.0},{"damage":42.0,"enemies":"Gremlin Nob","floor":6.0,"turns":6.0},{"damage":4.0,"enemies":"Blue Slaver","floor":8.0,"turns":3.0},{"damage":2.0,"enemies":"Looter","floor":11.0,"turns":3.0},{"damage":1.0,"enemies":"3 Sentries","floor":12.0,"turns":7.0},{"damage":3.0,"enemies":"Large Slime","floor":13.0,"turns":5.0},{"damage":12.0,"enemies":"Lagavulin","floor":14.0,"turns":7.0},{"damage":18.0,"enemies":"Hexaghost","floor":16.0,"turns":12.0},{"damage":0.0,"enemies":"Shell Parasite","floor":18.0,"turns":7.0},{"damage":4.0,"enemies":"Chosen","floor":20.0,"turns":8.0},{"damage":0.0,"enemies":"Centurion and Healer","floor":22.0,"turns":11.0},{"damage":7,"enemies":"Sentry and Sphere","floor":29,"turns":7},{"damage":4,"enemies":"Book of Stabbing","floor":30,"turns":5},{"damage":0,"enemies":"Snake Plant","floor":31,"turns":5},{"damage":0,"enemies":"Automaton","floor":33,"turns":12},{"damage":0,"enemies":"Orb Walker","floor":35,"turns":4},{"damage":0,"enemies":"3 Shapes","floor":39,"turns":4},{"damage":0,"enemies":"Nemesis","floor":41,"turns":5},{"damage":0,"enemies":"Transient","floor":45,"turns":5},{"damage":0,"enemies":"Writhing Mass","floor":47,"turns":7},{"damage":9,"enemies":"Time Eater","floor":50,"turns":13},{"damage":0,"enemies":"Shield and Spear","floor":54,"turns":7},{"damage":2,"enemies":"The Heart","floor":55,"turns":10}],"seed_played":"1783081697897857957","potions_obtained":[{"floor":1.0,"key":"SpeedPotion"},{"floor":6.0,"key":"Weak Potion"},{"floor":11.0,"key":"EssenceOfSteel"},{"floor":13.0,"key":"Block Potion"},{"floor":18.0,"key":"FearPotion"},{"floor":22.0,"key":"Strength Potion"},{"floor":35,"key":"Block Potion"}],"is_trial":false,"path_per_floor":["M","M","$","?","M","E","R","M","T","R","M","E","M","E","R","B",null,"M","?","M","?","M","R","T","R","T","T","T","M","E","M","R","B",null,"M","$","?","?","M","R","E","R","T","R","M","R","M","$","R","B",null,"R","$","E","B",null],"character_chosen":"THE_SILENT","items_purchased":["Dodge and Roll","PiercingWail","Apotheosis","Ninja Scroll","Accuracy","Boot","Toy Ornithopter","Footwork","Poisoned Stab"],"campfire_rested":1,"item_purchase_floors":[3,3,36,36,36,36,36,48,53],"current_hp_per_floor":[70,70,70,70,70,28,28,24,24,24,22,21,18,6,42,24,70,70,35,31,31,31,35,35,35,35,35,35,28,24,24,35,35,35,35,35,35,35,35,35,35,35,35,35,35,35,35,35,35,26,35,35,35,35,35],"gold":41,"neow_bonus":"THREE_ENEMY_KILL","is_prod":false,"is_daily":false,"chose_seed":false,"campfire_upgraded":10,"win_rate":0,"timestamp":1541183408,"path_taken":["M","?","$","?","M","E","R","M","T","R","?","E","?","E","R","BOSS","M","?","M","?","M","R","?","R","T","?","?","?","E","M","R","BOSS","M","$","?","?","M","R","E","R","T","R","M","R","M","$","R","BOSS","R","$","E","BOSS"],"build_version":"2018-11-01v2","purchased_purges":2,"victory":true,"max_hp_per_floor":[70,70,70,70,70,70,70,70,70,70,70,70,70,70,70,70,70,70,35,35,35,35,35,35,35,35,35,35,35,35,35,35,35,35,35,35,35,35,35,35,35,35,35,35,35,35,35,35,35,35,35,35,35,35,35],"card_choices":[{"not_picked":["Caltrops","Footwork"],"picked":"Backstab","floor":1.0},{"not_picked":["Bane","Sucker Punch"],"picked":"Flying Knee","floor":2.0},{"not_picked":["PiercingWail","Prepared"],"picked":"Backflip","floor":5.0},{"not_picked":["Burst","Accuracy"],"picked":"Dash","floor":6.0},{"not_picked":["Underhanded Strike","All Out Attack"],"picked":"Endless Agony","floor":8.0},{"not_picked":["Deadly Poison","All Out Attack"],"picked":"Quick Slash","floor":11.0},{"not_picked":["Quick Slash","Terror"],"picked":"Well Laid Plans","floor":12.0},{"not_picked":["Riddle With Holes","Bane"],"picked":"Cloak And Dagger","floor":13.0},{"not_picked":["Tools of the Trade","Outmaneuver"],"picked":"PiercingWail","floor":14.0},{"not_picked":["Grand Finale","Tools of the Trade"],"picked":"Envenom","floor":16.0},{"not_picked":["Well Laid Plans","Sucker Punch"],"picked":"Blur+1","floor":18.0},{"not_picked":["Sucker Punch","Leg Sweep+1"],"picked":"PiercingWail+1","floor":20.0},{"not_picked":["Sucker Punch","Prepared+1"],"picked":"Infinite Blades","floor":22.0},{"not_picked":["Terror+1","Slice+1"],"picked":"Distraction+1","floor":29},{"not_picked":["Deflect+1","Deadly Poison+1"],"picked":"Bullet Time","floor":30},{"not_picked":["Well Laid Plans","Underhanded Strike"],"picked":"Calculated Gamble+1","floor":31},{"not_picked":["Tools of the Trade","Night Terror"],"picked":"After Image","floor":33},{"not_picked":["All Out Attack","Dagger Spray+1"],"picked":"Deadly Poison+1","floor":35},{"not_picked":["Flying Knee+1","Acrobatics+1"],"picked":"Noxious Fumes","floor":39},{"not_picked":["Poisoned Stab+1","Dagger Throw"],"picked":"Well Laid Plans+1","floor":41},{"not_picked":["Concentrate","Quick Slash+1"],"picked":"Skewer+1","floor":45},{"not_picked":["Tactician","Cloak And Dagger"],"picked":"Dagger Spray+1","floor":47},{"not_picked":["Catalyst+1","Dagger Throw+1"],"picked":"Deflect","floor":54}],"player_experience":866516,"relics_obtained":[{"floor":6.0,"key":"Dead Branch"},{"floor":9.0,"key":"Mummified Hand"},{"floor":12.0,"key":"Regal Pillow"},{"floor":14.0,"key":"Anchor"},{"floor":26,"key":"Omamori"},{"floor":27,"key":"War Paint"},{"floor":28,"key":"Bottled Lightning"},{"floor":30,"key":"FossilizedHelix"},{"floor":41,"key":"MawBank"},{"floor":43,"key":"Sundial"},{"floor":54,"key":"Snake Skull"}],"event_choices":[{"damage_healed":0.0,"max_hp_gain":0.0,"max_hp_loss":0.0,"gold_gain":275.0,"event_name":"Golden Shrine","player_choice":"Desecrate","floor":4.0,"gold_loss":0.0,"damage_taken":0.0,"cards_obtained":["Regret"]},{"damage_healed":0.0,"max_hp_gain":0.0,"max_hp_loss":35.0,"gold_gain":0.0,"event_name":"Ghosts","player_choice":"Became a Ghost","floor":19.0,"gold_loss":0.0,"damage_taken":0.0,"cards_obtained":["Ghostly","Ghostly","Ghostly","Ghostly","Ghostly"]},{"damage_healed":0.0,"max_hp_gain":0.0,"max_hp_loss":0.0,"gold_gain":0.0,"event_name":"The Mausoleum","player_choice":"Opened","floor":21.0,"gold_loss":0.0,"damage_taken":0.0,"relics_obtained":["Smiling Mask"],"cards_obtained":["Writhe"]},{"damage_healed":0,"gold_gain":0,"player_choice":"Paid","damage_taken":0,"relics_obtained":["Red Mask"],"max_hp_gain":0,"max_hp_loss":0,"event_name":"Tomb of Lord Red Mask","floor":37,"gold_loss":88},{"cards_removed":["Writhe"],"damage_healed":0,"gold_gain":0,"player_choice":"Offered Curse","damage_taken":0,"relics_obtained":["Spirit Poop"],"max_hp_gain":0,"max_hp_loss":0,"event_name":"Bonfire Elementals","floor":38,"gold_loss":0}],"is_beta":true,"boss_relics":[{"not_picked":["Lizard Tail","White Beast Statue"],"picked":"Eternal Feather"},{"not_picked":["Philosopher\u0027s Stone","Pandora\u0027s Box"],"picked":"Ring of the Serpent"}],"items_purged_floors":[36,48],"is_endless":false,"potions_floor_spawned":[1,6,11,12,13,18,22,33,35,47],"ascension_level":0}