{"gold_per_floor":[112,124,124,144,160,160,192,192,192,192,203,203,214,249,249,249],"floor_reached":16,"playtime":520,"items_purged":[],"score":118,"play_id":"c439aa4a-6152-4eeb-9d33-ed93b3c5a38d","local_time":"20190126111405","is_ascension_mode":true,"campfire_choices":[{"data":"Armaments","floor":6,"key":"SMITH"},{"data":"Searing Blow+1","floor":10,"key":"SMITH"},{"data":"Searing Blow+2","floor":15,"key":"SMITH"}],"neow_cost":"PERCENT_DAMAGE","seed_source_timestamp":59562234851219,"circlet_count":0,"master_deck":["Strike_R","Strike_R","Strike_R","Strike_R","Defend_R","Defend_R","Defend_R","Defend_R","Bash","Juggernaut","strawberrySpire:Taunt","Searing Blow+3","Armaments+1","Seeing Red","strawberrySpire:DraftPunk","Shrug It Off","strawberrySpire:Overwork"],"relics":["Burning Blood","strawberrySpire:PoopsieRoll","Magic Flower","strawberrySpire:MawJerky","Du-Vu Doll"],"potions_floor_usage":[7,13,14],"damage_taken":[{"damage":12,"enemies":"Small Slimes","floor":1,"turns":5},{"damage":0,"enemies":"2 Louse","floor":2,"turns":5},{"damage":6,"enemies":"Jaw Worm","floor":4,"turns":4},{"damage":12,"enemies":"3 Louse","floor":5,"turns":5},{"damage":21,"enemies":"Gremlin Nob","floor":7,"turns":4},{"damage":0,"enemies":"2 Fungi Beasts","floor":11,"turns":1},{"damage":13,"enemies":"Exordium Thugs","floor":13,"turns":3},{"damage":31,"enemies":"3 Sentries","floor":14,"turns":6},{"damage":25,"enemies":"Hexaghost","floor":16,"turns":9}],"seed_played":"-4149780817507304814","potions_obtained":[{"floor":1,"key":"Poison Potion"},{"floor":5,"key":"EssenceOfSteel"},{"floor":13,"key":"Fruit Juice"}],"is_trial":false,"path_per_floor":["M","M","?","M","M","R","E","?","T","R","M","T","M","E","R","B"],"character_chosen":"IRONCLAD","items_purchased":[],"campfire_rested":0,"item_purchase_floors":[],"current_hp_per_floor":[50,56,49,49,43,43,28,28,28,28,37,37,33,25,25,0],"gold":249,"neow_bonus":"THREE_RARE_CARDS","is_prod":false,"is_daily":false,"chose_seed":false,"campfire_upgraded":3,"win_rate":0,"timestamp":1548490445,"path_taken":["M","M","?","M","M","R","E","?","T","R","M","?","M","E","R","BOSS"],"build_version":"2019-01-23","purchased_purges":0,"victory":false,"max_hp_per_floor":[80,80,80,80,80,80,80,80,80,80,80,80,80,89,89,89],"card_choices":[{"not_picked":["strawberrySpire:Harvest","Berserk"],"picked":"Juggernaut","floor":0},{"not_picked":["Evolve","strawberrySpire:Endurance"],"picked":"strawberrySpire:Taunt","floor":1},{"not_picked":["Wild Strike","Bloodletting"],"picked":"Searing Blow","floor":2},{"not_picked":["Rupture","Blood for Blood"],"picked":"Armaments","floor":4},{"not_picked":["strawberrySpire:Spite","Clash"],"picked":"Seeing Red","floor":5},{"not_picked":["Anger","Burning Pact"],"picked":"strawberrySpire:DraftPunk","floor":7},{"not_picked":["True Grit","Pommel Strike"],"picked":"Shrug It Off","floor":11},{"not_picked":["Cleave","Battle Trance"],"picked":"strawberrySpire:Overwork","floor":13},{"not_picked":["Carnage","strawberrySpire:PowerStomp","Fiend Fire"],"picked":"SKIP","floor":14}],"player_experience":1096351,"relics_obtained":[{"floor":7,"key":"strawberrySpire:PoopsieRoll"},{"floor":9,"key":"Magic Flower"},{"floor":12,"key":"strawberrySpire:MawJerky"},{"floor":14,"key":"Du-Vu Doll"}],"event_choices":[{"cards_removed":["Strike_R"],"damage_healed":0,"gold_gain":0,"player_choice":"Card Removal","damage_taken":7,"max_hp_gain":0,"max_hp_loss":0,"event_name":"Golden Wing","floor":3,"gold_loss":0},{"damage_healed":0,"gold_gain":0,"player_choice":"Grow","damage_taken":0,"max_hp_gain":0,"max_hp_loss":0,"event_name":"Living Wall","floor":8,"gold_loss":0,"cards_upgraded":["Searing Blow"]}],"is_beta":true,"boss_relics":[],"items_purged_floors":[],"is_endless":false,"potions_floor_spawned":[1,5,13],"killed_by":"Hexaghost","ascension_level":1}