{"gold_per_floor":[109,121,121,121,121,121,155,155,209,236,236,253,272,302,302,404,404,417,417,5,21,41,59,94,94,94,109,109,126,226,257,257,355,355,373,390,390,390,390,390,0,25,25,25,52,52,52],"floor_reached":48,"playtime":6246,"items_purged":["Strike_R"],"score":844,"play_id":"abf564b9-04ce-43c9-880d-91442921a839","local_time":"20181026132642","is_ascension_mode":false,"campfire_choices":[{"data":"Bash","floor":6,"key":"SMITH"},{"data":"Shrug It Off","floor":8,"key":"SMITH"},{"data":"Carnage","floor":11,"key":"SMITH"},{"data":"Shrug It Off","floor":15,"key":"SMITH"},{"data":"Barricade","floor":25,"key":"SMITH"},{"data":"True Grit","floor":32,"key":"SMITH"},{"data":"Body Slam","floor":40,"key":"SMITH"},{"data":"Body Slam","floor":44,"key":"SMITH"}],"neow_cost":"NONE","seed_source_timestamp":93879250454450,"circlet_count":0,"master_deck":["Strike_R","Strike_R","Strike_R","Defend_R","Defend_R","Defend_R","Bash+1","Flame Barrier+1","Shrug It Off+1","Impervious","Carnage+1","Headbutt","Shrug It Off+1","Shrug It Off","Barricade+1","Body Slam+1","Whirlwind+1","Clothesline+1","Body Slam+1","Warcry+1","True Grit+1","Offering","Juggernaut","Iron Wave+1","Body Slam+1","Entrench+1","Reaper","Intimidate"],"relics":["Burning Blood","Bronze Scales","Pen Nib","Letter Opener","Gremlin Horn","Runic Dome","Pear","Juzu Bracelet","Strange Spoon","Centennial Puzzle","PreservedInsect","Incense Burner","Ornamental Fan","Dream Catcher","Orrery","Gambling Chip","Bird Faced Urn","Kunai","Singing Bowl"],"potions_floor_usage":[10,14,16,30,30,30,47,47,47],"damage_taken":[{"damage":3,"enemies":"2 Louse","floor":1,"turns":4},{"damage":0,"enemies":"Small Slimes","floor":2,"turns":5},{"damage":20,"enemies":"3 Sentries","floor":7,"turns":13},{"damage":16,"enemies":"Lagavulin","floor":10,"turns":9},{"damage":0,"enemies":"Jaw Worm","floor":12,"turns":2},{"damage":5,"enemies":"Lots of Slimes","floor":13,"turns":4},{"damage":0,"enemies":"Gremlin Nob","floor":14,"turns":2},{"damage":7,"enemies":"The Guardian","floor":16,"turns":12},{"damage":0,"enemies":"3 Byrds","floor":18,"turns":3},{"damage":0,"enemies":"Chosen","floor":21,"turns":5},{"damage":5,"enemies":"Shelled Parasite and Fungi","floor":22,"turns":3},{"damage":6,"enemies":"Centurion and Healer","floor":23,"turns":5},{"damage":12,"enemies":"Book of Stabbing","floor":24,"turns":4},{"damage":0,"enemies":"Snecko","floor":27,"turns":5},{"damage":3,"enemies":"Shelled Parasite and Fungi","floor":29,"turns":4},{"damage":0,"enemies":"Colosseum Slavers","floor":30,"turns":3},{"damage":0,"enemies":"Colosseum Nobs","floor":30,"turns":2},{"damage":2,"enemies":"Slavers","floor":31,"turns":4},{"damage":1,"enemies":"Collector","floor":33,"turns":3},{"damage":27,"enemies":"3 Darklings","floor":35,"turns":4},{"damage":0,"enemies":"3 Shapes","floor":36,"turns":3},{"damage":1,"enemies":"Giant Head","floor":42,"turns":7},{"damage":27,"enemies":"Nemesis","floor":45,"turns":4},{"damage":20,"enemies":"Awakened One","floor":47,"turns":11}],"seed_played":"-1535512496607427144","potions_obtained":[{"floor":2,"key":"FearPotion"},{"floor":7,"key":"Dexterity Potion"},{"floor":13,"key":"AttackPotion"},{"floor":14,"key":"EssenceOfSteel"},{"floor":16,"key":"Fire Potion"},{"floor":18,"key":"GamblersBrew"},{"floor":21,"key":"Fire Potion"},{"floor":30,"key":"SteroidPotion"},{"floor":31,"key":"AttackPotion"},{"floor":35,"key":"Block Potion"}],"is_trial":false,"path_per_floor":["M","M","?","?","?","R","E","R","T","E","R","M","M","E","R","B",null,"M","?","$","M","M","M","E","R","T","M","?","M","?","E","R","B",null,"M","M","?","?","?","R","$","E","T","R","E","?","B"],"character_chosen":"IRONCLAD","items_purchased":["Juzu Bracelet","Strange Spoon","Gambling Chip","Intimidate"],"campfire_rested":0,"item_purchase_floors":[20,20,41,41],"current_hp_per_floor":[88,88,93,93,93,93,79,79,79,69,69,75,76,82,82,81,93,93,103,103,103,103,103,97,97,97,103,103,103,103,103,103,103,103,82,88,88,88,88,88,88,93,93,93,78,78,72],"gold":52,"neow_bonus":"TEN_PERCENT_HP_BONUS","is_prod":false,"is_daily":false,"chose_seed":false,"campfire_upgraded":8,"win_rate":0,"timestamp":1540549602,"path_taken":["M","M","?","?","?","R","E","R","T","E","R","M","?","E","R","BOSS","M","?","$","M","M","M","E","R","T","M","?","M","?","E","R","BOSS","M","M","?","?","?","R","$","E","T","R","E","?","BOSS"],"build_version":"2018-10-25v2","purchased_purges":1,"victory":true,"max_hp_per_floor":[88,88,93,93,93,93,93,93,93,93,93,93,93,93,93,93,93,93,103,103,103,103,103,103,103,103,103,103,103,103,103,103,103,103,103,103,98,98,98,98,98,98,98,98,100,100,100],"card_choices":[{"not_picked":["Clothesline","Clash"],"picked":"Flame Barrier","floor":1},{"not_picked":["Pommel Strike","Dual Wield"],"picked":"Shrug It Off","floor":2},{"not_picked":["Bludgeon","Flex"],"picked":"Impervious","floor":7},{"not_picked":["Battle Trance","Heavy Blade"],"picked":"Carnage","floor":10},{"not_picked":["Pommel Strike","Fire Breathing"],"picked":"Headbutt","floor":12},{"not_picked":["True Grit","Blood for Blood"],"picked":"Shrug It Off","floor":13},{"not_picked":["Rupture","Iron Wave"],"picked":"Shrug It Off","floor":14},{"not_picked":["Juggernaut","Bludgeon"],"picked":"Barricade","floor":16},{"not_picked":["Clash","Flex"],"picked":"Body Slam+1","floor":18},{"not_picked":["Fiend Fire","Armaments"],"picked":"Whirlwind+1","floor":21},{"not_picked":["Clash","Havoc"],"picked":"Clothesline+1","floor":22},{"not_picked":["Ghostly Armor","Cleave"],"picked":"Body Slam","floor":23},{"not_picked":["Sever Soul+1","Fire Breathing+1"],"picked":"Warcry+1","floor":24},{"not_picked":["Pommel Strike+1","Twin Strike","Blood for Blood+1"],"picked":"SKIP","floor":27},{"not_picked":["Searing Blow","Power Through"],"picked":"True Grit","floor":29},{"not_picked":["Evolve+1","Sentinel"],"picked":"Offering","floor":31},{"not_picked":["Brutality","Demon Form"],"picked":"Juggernaut","floor":33},{"not_picked":["Perfected Strike","Inflame+1"],"picked":"Iron Wave+1","floor":34},{"not_picked":["Twin Strike+1","Headbutt+1"],"picked":"Body Slam","floor":35},{"not_picked":["Uppercut+1","Headbutt"],"picked":"Entrench+1","floor":36},{"not_picked":["Intimidate+1","Havoc+1","Reckless Charge"],"picked":"SKIP","floor":42},{"not_picked":["Heavy Blade+1","Sentinel","Perfected Strike"],"picked":"Singing Bowl","floor":45}],"player_experience":830651,"relics_obtained":[{"floor":7,"key":"Bronze Scales"},{"floor":9,"key":"Pen Nib"},{"floor":10,"key":"Letter Opener"},{"floor":14,"key":"Gremlin Horn"},{"floor":24,"key":"Centennial Puzzle"},{"floor":26,"key":"PreservedInsect"},{"floor":30,"key":"Incense Burner"},{"floor":30,"key":"Ornamental Fan"},{"floor":31,"key":"Dream Catcher"},{"floor":42,"key":"Bird Faced Urn"},{"floor":43,"key":"Kunai"},{"floor":45,"key":"Singing Bowl"}],"event_choices":[{"damage_healed":0,"gold_gain":0,"player_choice":"Donut","damage_taken":0,"max_hp_gain":5,"max_hp_loss":0,"event_name":"Big Fish","floor":3,"gold_loss":0},{"damage_healed":0,"gold_gain":0,"player_choice":"Upgraded","damage_taken":0,"max_hp_gain":0,"max_hp_loss":0,"event_name":"Upgrade Shrine","floor":4,"gold_loss":0,"cards_upgraded":["Flame Barrier"]},{"cards_removed":["Defend_R"],"damage_healed":0,"gold_gain":0,"player_choice":"Offered Basic","damage_taken":0,"max_hp_gain":0,"max_hp_loss":0,"event_name":"Bonfire Elementals","floor":5,"gold_loss":0},{"damage_healed":0,"gold_gain":0,"player_choice":"Gave Potion","damage_taken":0,"relics_obtained":["Pear"],"max_hp_gain":0,"max_hp_loss":0,"event_name":"WeMeetAgain","floor":19,"gold_loss":0},{"damage_healed":0,"gold_gain":0,"player_choice":"Ignored","damage_taken":0,"max_hp_gain":0,"max_hp_loss":0,"event_name":"Vampires","floor":28,"gold_loss":0},{"damage_healed":0,"gold_gain":0,"player_choice":"Fight","damage_taken":0,"max_hp_gain":0,"max_hp_loss":0,"event_name":"Colosseum","floor":30,"gold_loss":0},{"damage_healed":0,"gold_gain":0,"player_choice":"Fought Nobs","damage_taken":0,"max_hp_gain":0,"max_hp_loss":0,"event_name":"Colosseum","floor":30,"gold_loss":0},{"damage_healed":0,"gold_gain":0,"player_choice":"Max HP","damage_taken":0,"max_hp_gain":0,"max_hp_loss":5,"event_name":"Winding Halls","floor":37,"gold_loss":0},{"damage_healed":0,"gold_gain":0,"player_choice":"Ignored","damage_taken":0,"max_hp_gain":0,"max_hp_loss":0,"event_name":"Tomb of Lord Red Mask","floor":38,"gold_loss":0},{"damage_healed":0,"gold_gain":0,"cards_transformed":["Strike_R"],"player_choice":"Transformed","damage_taken":0,"max_hp_gain":0,"max_hp_loss":0,"event_name":"Transmorgrifier","floor":39,"gold_loss":0,"cards_obtained":["Reaper"]},{"damage_healed":0,"gold_gain":0,"player_choice":"Took Portal","damage_taken":0,"max_hp_gain":0,"max_hp_loss":0,"event_name":"SecretPortal","floor":46,"gold_loss":0}],"is_beta":true,"boss_relics":[{"not_picked":["Philosopher\u0027s Stone","Fusion Hammer"],"picked":"Runic Dome"},{"not_picked":["White Beast Statue","Pandora\u0027s Box"],"picked":"Orrery"}],"items_purged_floors":[20],"is_endless":false,"potions_floor_spawned":[2,7,13,14,16,18,21,27,30,30,31,35],"ascension_level":0}