{"gold_per_floor":[14,27,43,62,62,62,76,111,157,187,197,214,214,245,245,350,350,363,382,401,401,420,449,449,482,507,536,536,569,569,73,73,173,173,190,190,190,290,310,310,310,344,369,400,425,436,436,436,436,436],"floor_reached":50,"playtime":2509,"items_purged":["Defend_B"],"score":784,"play_id":"688bc4c0-3ff6-4fe4-8508-8ed20a75adeb","local_time":"20190901015335","is_ascension_mode":true,"campfire_choices":[{"data":"Zap","floor":6,"key":"SMITH"},{"data":"Hologram","floor":15,"key":"SMITH"},{"floor":24,"key":"REST"},{"floor":28,"key":"REST"},{"data":"Amplify","floor":32,"key":"SMITH"},{"data":"Buffer","floor":40,"key":"SMITH"},{"floor":47,"key":"REST"},{"floor":49,"key":"REST"}],"neow_cost":"NO_GOLD","seed_source_timestamp":147390436940000,"circlet_count":0,"master_deck":["Strike_B","Strike_B","Defend_B","Defend_B","Zap+1","Dualcast","Biased Cognition","Ball Lightning","Hologram+1","Undo","Leap","Amplify+1","Cold Snap","Go for the Eyes","Thunder Strike","Turbo","Storm","Electrodynamics","Gash","Conserve Battery+1","Buffer+1","Hologram+1","Creative AI+1","All For One","Core Surge","Loop+1","Redo","Seek","Beam Cell+1","Conserve Battery+1","Pain","Madness","Madness","Turbo+1","Injury","Normality"],"relics":["Cracked Core","Smiling Mask","Art of War","Shuriken","Orichalcum","Bronze Scales","Runic Pyramid","Juzu Bracelet","Frozen Egg 2","Vajra","Regal Pillow","Prayer Wheel","Anchor","MealTicket","Cursed Key","Cables","Du-Vu Doll","PreservedInsect","Singing Bowl","Happy Flower"],"potions_floor_usage":[10,11,12,14,23,25,29,29,44,46,50,50],"damage_taken":[{"damage":1,"enemies":"Cultist","floor":1,"turns":3},{"damage":2,"enemies":"2 Louse","floor":2,"turns":2},{"damage":3,"enemies":"Jaw Worm","floor":3,"turns":4},{"damage":10,"enemies":"Exordium Wildlife","floor":4,"turns":5},{"damage":3,"enemies":"Red Slaver","floor":7,"turns":3},{"damage":0,"enemies":"Gremlin Nob","floor":8,"turns":4},{"damage":0,"enemies":"3 Sentries","floor":10,"turns":6},{"damage":0,"enemies":"Exordium Thugs","floor":11,"turns":2},{"damage":5,"enemies":"Blue Slaver","floor":12,"turns":4},{"damage":0,"enemies":"Gremlin Nob","floor":14,"turns":3},{"damage":18,"enemies":"The Guardian","floor":16,"turns":8},{"damage":5,"enemies":"Shell Parasite","floor":18,"turns":3},{"damage":0,"enemies":"Chosen","floor":19,"turns":3},{"damage":17,"enemies":"3 Cultists","floor":20,"turns":5},{"damage":23,"enemies":"Shelled Parasite and Fungi","floor":22,"turns":7},{"damage":6,"enemies":"Gremlin Leader","floor":23,"turns":5},{"damage":21,"enemies":"Slavers","floor":25,"turns":4},{"damage":0,"enemies":"Gremlin Leader","floor":27,"turns":5},{"damage":19,"enemies":"Slavers","floor":29,"turns":4},{"damage":22,"enemies":"Champ","floor":33,"turns":9},{"damage":0,"enemies":"3 Shapes","floor":35,"turns":4},{"damage":18,"enemies":"Mind Bloom Boss Battle","floor":38,"turns":5},{"damage":0,"enemies":"Orb Walker","floor":39,"turns":2},{"damage":10,"enemies":"Nemesis","floor":42,"turns":5},{"damage":31,"enemies":"Giant Head","floor":44,"turns":6},{"damage":11,"enemies":"Transient","floor":46,"turns":5},{"damage":96,"enemies":"Time Eater","floor":50,"turns":8}],"seed_played":"-3031009107763205004","potions_obtained":[{"floor":2,"key":"EssenceOfSteel"},{"floor":4,"key":"Weak Potion"},{"floor":7,"key":"Energy Potion"},{"floor":10,"key":"Fire Potion"},{"floor":11,"key":"FairyPotion"},{"floor":12,"key":"Swift Potion"},{"floor":22,"key":"Fire Potion"},{"floor":23,"key":"Explosive Potion"},{"floor":25,"key":"GamblersBrew"},{"floor":27,"key":"Strength Potion"},{"floor":38,"key":"Regen Potion"},{"floor":42,"key":"FearPotion"},{"floor":44,"key":"FocusPotion"},{"floor":46,"key":"FairyPotion"}],"is_trial":false,"path_per_floor":["M","M","M","M","?","R","M","E","T","E","M","M","?","E","R","B",null,"M","M","M","?","M","E","R","E","T","E","R","E","?","$","R","B",null,"M","T","?","?","M","R","?","E","T","E","T","M","R","?","R","B"],"character_chosen":"DEFECT","items_purchased":["Loop+1","Anchor","MealTicket","Redo"],"campfire_rested":4,"item_purchase_floors":[31,31,31,31],"current_hp_per_floor":[74,72,69,59,52,52,49,49,49,49,49,44,44,44,44,26,75,70,70,53,53,30,24,46,25,25,25,62,43,43,43,43,21,75,75,75,66,48,48,48,48,38,38,24,24,17,56,56,81,0],"gold":436,"neow_bonus":"TRANSFORM_TWO_CARDS","is_prod":false,"is_daily":false,"chose_seed":false,"campfire_upgraded":4,"win_rate":0,"timestamp":1567292015,"path_taken":["M","?","?","M","?","R","M","E","T","E","M","?","?","E","R","BOSS","M","M","?","?","M","E","R","E","T","E","R","E","?","$","R","BOSS","M","?","?","?","M","R","?","E","T","E","?","M","R","?","R","BOSS"],"build_version":"2019-07-17","purchased_purges":1,"victory":false,"max_hp_per_floor":[75,75,75,75,75,75,75,75,75,75,75,75,75,75,75,75,75,75,75,75,75,75,75,75,75,75,75,75,75,75,75,75,75,75,75,75,75,75,75,75,75,75,75,77,77,81,81,81,81,81],"card_choices":[{"not_picked":["Rebound","Turbo"],"picked":"Hologram","floor":1},{"not_picked":["Doom and Gloom","Chaos"],"picked":"Undo","floor":2},{"not_picked":["Compile Driver","Aggregate"],"picked":"Leap","floor":3},{"not_picked":["Sweeping Beam","Stack"],"picked":"Amplify","floor":4},{"not_picked":["Streamline","Conserve Battery"],"picked":"Cold Snap","floor":7},{"not_picked":["Sweeping Beam","Tempest","Barrage"],"picked":"SKIP","floor":8},{"not_picked":["Redo","Leap"],"picked":"Go for the Eyes","floor":10},{"not_picked":["White Noise","Melter"],"picked":"Thunder Strike","floor":11},{"not_picked":["Rip and Tear","Hologram"],"picked":"Turbo","floor":12},{"not_picked":["Coolheaded","Leap"],"picked":"Storm","floor":14},{"not_picked":["Meteor Strike","Thunder Strike"],"picked":"Electrodynamics","floor":16},{"not_picked":["Consume","Go for the Eyes"],"picked":"Gash","floor":18},{"not_picked":["Go for the Eyes+1","Turbo+1"],"picked":"Conserve Battery+1","floor":19},{"not_picked":["Barrage","Chaos"],"picked":"Buffer","floor":20},{"not_picked":["Go for the Eyes","Hologram","Ball Lightning"],"picked":"SKIP","floor":22},{"not_picked":["Stack","Conserve Battery"],"picked":"Hologram+1","floor":23},{"not_picked":["Steam Power","Stack"],"picked":"Creative AI","floor":25},{"not_picked":["Barrage","Rip and Tear"],"picked":"All For One","floor":27},{"not_picked":["Barrage","Compile Driver"],"picked":"Core Surge","floor":29},{"not_picked":["Electrodynamics+1","Thunder Strike"],"picked":"Seek","floor":33},{"not_picked":["Sunder","Hologram"],"picked":"Beam Cell+1","floor":35},{"not_picked":["Beam Cell","Rebound+1"],"picked":"Conserve Battery+1","floor":35},{"not_picked":["Rebound","Tempest+1"],"picked":"Turbo+1","floor":38},{"not_picked":["Doom and Gloom+1","Compile Driver+1","Barrage"],"picked":"SKIP","floor":39},{"not_picked":["Rebound+1","Doom and Gloom+1","Darkness"],"picked":"SKIP","floor":39},{"not_picked":["Lockon","Sweeping Beam","Go for the Eyes"],"picked":"SKIP","floor":42},{"not_picked":["Heatsinks+1","Genetic Algorithm+1","Hyperbeam"],"picked":"Singing Bowl","floor":44},{"not_picked":["Hologram+1","Rebound+1","Reinforced Body"],"picked":"Singing Bowl","floor":46},{"not_picked":["Chaos","Chill","Sweeping Beam+1"],"picked":"Singing Bowl","floor":46}],"player_experience":232522,"relics_obtained":[{"floor":8,"key":"Smiling Mask"},{"floor":9,"key":"Art of War"},{"floor":10,"key":"Shuriken"},{"floor":14,"key":"Bronze Scales"},{"floor":23,"key":"Juzu Bracelet"},{"floor":25,"key":"Frozen Egg 2"},{"floor":26,"key":"Vajra"},{"floor":27,"key":"Regal Pillow"},{"floor":29,"key":"Prayer Wheel"},{"floor":36,"key":"Cables"},{"floor":38,"key":"Du-Vu Doll"},{"floor":42,"key":"PreservedInsect"},{"floor":44,"key":"Singing Bowl"},{"floor":45,"key":"Happy Flower"}],"event_choices":[{"damage_healed":0,"gold_gain":0,"player_choice":"Damaged","damage_taken":7,"max_hp_gain":0,"max_hp_loss":0,"event_name":"Wheel of Change","floor":5,"gold_loss":0},{"damage_healed":0,"gold_gain":0,"player_choice":"Gave Potion","damage_taken":0,"relics_obtained":["Orichalcum"],"max_hp_gain":0,"max_hp_loss":0,"event_name":"WeMeetAgain","floor":13,"gold_loss":0},{"damage_healed":0,"gold_gain":0,"player_choice":"Ignored","damage_taken":0,"max_hp_gain":0,"max_hp_loss":0,"event_name":"Vampires","floor":21,"gold_loss":0},{"cards_removed":["Defend_B"],"damage_healed":0,"gold_gain":0,"player_choice":"Purged","damage_taken":0,"max_hp_gain":0,"max_hp_loss":0,"event_name":"Purifier","floor":30,"gold_loss":0},{"damage_healed":0,"gold_gain":0,"player_choice":"Embrace Madness","damage_taken":9,"max_hp_gain":0,"max_hp_loss":0,"event_name":"Winding Halls","floor":37,"gold_loss":0,"cards_obtained":["Madness","Madness"]},{"damage_healed":0,"gold_gain":0,"player_choice":"Fight","damage_taken":0,"max_hp_gain":0,"max_hp_loss":0,"event_name":"MindBloom","floor":38,"gold_loss":0},{"damage_healed":0,"gold_gain":0,"player_choice":"Ignored","damage_taken":0,"max_hp_gain":0,"max_hp_loss":0,"event_name":"Tomb of Lord Red Mask","floor":41,"gold_loss":0},{"damage_healed":0,"gold_gain":0,"player_choice":"Ignored","damage_taken":0,"max_hp_gain":0,"max_hp_loss":0,"event_name":"Mysterious Sphere","floor":48,"gold_loss":0}],"is_beta":false,"boss_relics":[{"not_picked":["Philosopher\u0027s Stone","Empty Cage"],"picked":"Runic Pyramid"},{"not_picked":["White Beast Statue","Runic Dome"],"picked":"Cursed Key"}],"items_purged_floors":[31],"is_endless":false,"potions_floor_spawned":[2,4,7,10,11,12,22,23,25,27,38,42,44,46],"killed_by":"Time Eater","ascension_level":1}