{"gold_per_floor":[210,385,385,385,396,396,408,408,460,478,478,491,505,505,505,601,601,614,148,73,99,115,154,154,194,220,247,529,567,601,660,672,790,802,826,838,1863,1928,1429,1461,1461,965,992,992,1009,1020,1041,1076,1076,1076],"floor_reached":51,"playtime":1386,"items_purged":["Strike_R","Normality","Normality"],"score":901,"play_id":"8a55e831-21ff-4550-a528-1e498b911e90","local_time":"20190922020015","is_ascension_mode":false,"campfire_choices":[{"data":"Bash","floor":6.0,"key":"SMITH"},{"data":"Infernal Blade","floor":8.0,"key":"SMITH"},{"data":"Spot Weakness","floor":11.0,"key":"SMITH"},{"data":"Infernal Blade","floor":15.0,"key":"SMITH"},{"data":"Limit Break","floor":24.0,"key":"SMITH"},{"floor":32.0,"key":"REST"},{"data":"Inflame","floor":41.0,"key":"SMITH"},{"data":"Whirlwind","floor":44.0,"key":"SMITH"},{"floor":49,"key":"REST"}],"neow_cost":"NONE","seed_source_timestamp":15210131318138,"circlet_count":0,"master_deck":["Strike_R","Strike_R","Strike_R","Defend_R","Defend_R","Defend_R","Defend_R","Bash+1","Twin Strike","Infernal Blade+1","Spot Weakness+1","Infernal Blade+1","Limit Break+1","True Grit+1","Whirlwind+1","Spot Weakness","Flex+1","Havoc+1","Rage","Inflame+1","Regret","Infernal Blade","Shrug It Off+1","Double Tap","Flex","Metallicize","Master of Strategy","Inflame","Panacea","Transmutation","Twin Strike","Clash","Heavy Blade","Apotheosis","Discovery","Master of Strategy"],"special_seed":0,"relics":["Burning Blood","Gremlin Horn","Bag of Preparation","SacredBark","Strawberry","Tiny Chest","Pen Nib","CeramicFish","White Beast Statue","Smiling Mask","MawBank","MealTicket","Velvet Choker","Du-Vu Doll","Membership Card","Red Skull","PreservedInsect","Darkstone Periapt","Pear","Ancient Tea Set","Cauldron","Blood Vial","Orichalcum"],"potions_floor_usage":[50,50,50],"damage_taken":[{"damage":1.0,"enemies":"Jaw Worm","floor":1.0,"turns":5.0},{"damage":3.0,"enemies":"Small Slimes","floor":5.0,"turns":3.0},{"damage":2.0,"enemies":"2 Louse","floor":7.0,"turns":2.0},{"damage":11.0,"enemies":"Red Slaver","floor":10.0,"turns":4.0},{"damage":12.0,"enemies":"Large Slime","floor":12.0,"turns":4.0},{"damage":0.0,"enemies":"Exordium Wildlife","floor":13.0,"turns":2.0},{"damage":18.0,"enemies":"The Guardian","floor":16.0,"turns":9.0},{"damage":2.0,"enemies":"2 Thieves","floor":18.0,"turns":4.0},{"damage":19.0,"enemies":"Spheric Guardian","floor":22.0,"turns":4.0},{"damage":9.0,"enemies":"Gremlin Leader","floor":23.0,"turns":5.0},{"damage":30.0,"enemies":"Slavers","floor":25.0,"turns":3.0},{"damage":7.0,"enemies":"Snecko","floor":27.0,"turns":4.0},{"damage":39.0,"enemies":"Book of Stabbing","floor":29.0,"turns":6.0},{"damage":6.0,"enemies":"Cultist and Chosen","floor":30.0,"turns":2.0},{"damage":65.0,"enemies":"Champ","floor":33.0,"turns":8.0},{"damage":17.0,"enemies":"Orb Walker","floor":35.0,"turns":4.0},{"damage":25.0,"enemies":"2 Orb Walkers","floor":38.0,"turns":3.0},{"damage":56.0,"enemies":"Nemesis","floor":40.0,"turns":5.0},{"damage":22.0,"enemies":"3 Shapes","floor":45.0,"turns":4.0},{"damage":48.0,"enemies":"Sphere and 2 Shapes","floor":46.0,"turns":5.0},{"damage":18,"enemies":"Giant Head","floor":48,"turns":3},{"damage":59,"enemies":"Awakened One","floor":50,"turns":9}],"seed_played":"7191529255430510717","potions_obtained":[{"floor":1.0,"key":"AttackPotion"},{"floor":7.0,"key":"Explosive Potion"},{"floor":10.0,"key":"SkillPotion"},{"floor":18.0,"key":"Strength Potion"},{"floor":25.0,"key":"LiquidBronze"},{"floor":27.0,"key":"PowerPotion"},{"floor":29.0,"key":"Regen Potion"},{"floor":30.0,"key":"SteroidPotion"},{"floor":33.0,"key":"Regen Potion"},{"floor":35.0,"key":"HeartOfIron"},{"floor":40.0,"key":"BloodPotion"},{"floor":45.0,"key":"Strength Potion"},{"floor":46.0,"key":"SneckoOil"}],"is_trial":false,"path_per_floor":["M","?","?","?","M","R","M","R","T","M","R","M","M","?","R","B",null,"M","$","?","T","M","E","R","E","T","M","?","E","M","T","R","B",null,"M","?","?","?","$","E","R","$","T","R","M","M","?","E","R","B",null],"character_chosen":"IRONCLAD","items_purchased":["Whirlwind","Strawberry","Spot Weakness","Tiny Chest","Membership Card","Red Skull","PreservedInsect","EssenceOfSteel","Flex","Metallicize","Master of Strategy","Inflame","Pear","Ancient Tea Set","Cauldron","Panacea","Transmutation","Twin Strike","Clash"],"campfire_rested":2,"item_purchase_floors":[19,19,19,19,39,39,39,39,39,39,39,42,42,42,42,42,42,42,42],"current_hp_per_floor":[80,80,73,73,76,76,80,80,80,75,75,69,75,80,80,68,85,85,92,92,92,79,76,76,52,52,51,51,18,18,18,45,35,92,81,81,81,62,77,27,27,52,52,52,78,72,62,52,82,31],"gold":1076,"neow_bonus":"HUNDRED_GOLD","is_prod":false,"is_daily":false,"chose_seed":false,"campfire_upgraded":7,"win_rate":0,"timestamp":1569139215,"path_taken":["M","?","?","?","M","R","?","R","T","M","R","M","M","?","R","BOSS","M","$","?","?","M","E","R","E","T","M","?","E","?","?","R","BOSS","M","?","?","?","?","E","R","$","T","R","M","?","?","E","R","BOSS"],"build_version":"2019-09-20","purchased_purges":3,"victory":true,"max_hp_per_floor":[80,80,80,80,80,80,80,80,80,80,80,80,80,85,85,85,85,85,92,92,92,92,92,92,92,92,92,92,92,92,92,92,92,92,92,92,92,92,92,92,92,102,102,102,102,102,102,102,102,102],"card_choices":[{"not_picked":["Ghostly Armor","Dual Wield"],"picked":"Twin Strike","floor":1.0},{"not_picked":["Warcry","Metallicize"],"picked":"Infernal Blade","floor":5.0},{"not_picked":["Shrug It Off","Reaper","Perfected Strike"],"picked":"SKIP","floor":7.0},{"not_picked":["Twin Strike","Entrench"],"picked":"Spot Weakness","floor":10.0},{"not_picked":["Iron Wave","Fire Breathing"],"picked":"Metallicize","floor":12.0},{"not_picked":["Havoc","Bloodletting"],"picked":"Infernal Blade","floor":13.0},{"not_picked":["Double Tap","Impervious"],"picked":"Limit Break","floor":16.0},{"not_picked":["Fire Breathing","Shrug It Off"],"picked":"True Grit+1","floor":18.0},{"not_picked":["Rage","Anger"],"picked":"Flex+1","floor":22.0},{"not_picked":["Evolve+1","Searing Blow"],"picked":"Havoc+1","floor":23.0},{"not_picked":["Corruption","Barricade"],"picked":"Rage","floor":25.0},{"not_picked":["Body Slam+1","Headbutt+1"],"picked":"Inflame","floor":27.0},{"not_picked":["Headbutt","Carnage"],"picked":"Infernal Blade","floor":29.0},{"not_picked":["Searing Blow","Dark Embrace"],"picked":"Shrug It Off+1","floor":30.0},{"not_picked":["Impervious","Reaper"],"picked":"Double Tap","floor":33.0},{"not_picked":["Carnage","Armaments+1","Evolve"],"picked":"SKIP","floor":35.0},{"not_picked":["Thunderclap","Perfected Strike","Anger+1"],"picked":"SKIP","floor":40.0},{"not_picked":["Headbutt","Armaments+1"],"picked":"Heavy Blade","floor":45.0},{"not_picked":["Perfected Strike","Twin Strike","True Grit+1"],"picked":"SKIP","floor":46.0},{"not_picked":["Master of Strategy","Dark Shackles"],"picked":"Apotheosis","floor":47},{"not_picked":["Swift Strike","Bandage Up"],"picked":"Discovery","floor":47},{"not_picked":["The Bomb","Swift Strike"],"picked":"Master of Strategy","floor":47},{"not_picked":["Sever Soul+1","Barricade","Seeing Red+1"],"picked":"SKIP","floor":48}],"player_experience":1574969,"relics_obtained":[{"floor":9.0,"key":"Bag of Preparation"},{"floor":21.0,"key":"Pen Nib"},{"floor":23.0,"key":"CeramicFish"},{"floor":25.0,"key":"White Beast Statue"},{"floor":26.0,"key":"Smiling Mask"},{"floor":29.0,"key":"MawBank"},{"floor":31.0,"key":"MealTicket"},{"floor":38.0,"key":"Du-Vu Doll"},{"floor":40.0,"key":"Darkstone Periapt"},{"floor":43.0,"key":"Blood Vial"},{"floor":48,"key":"Orichalcum"}],"event_choices":[{"damage_healed":0.0,"max_hp_gain":0.0,"max_hp_loss":0.0,"gold_gain":175.0,"event_name":"Liars Game","player_choice":"AGREE","floor":2.0,"gold_loss":0.0,"damage_taken":0.0,"cards_obtained":["Doubt"]},{"cards_removed":["Doubt"],"damage_healed":0.0,"max_hp_gain":0.0,"max_hp_loss":0.0,"gold_gain":0.0,"event_name":"Golden Wing","player_choice":"Card Removal","floor":3.0,"gold_loss":0.0,"damage_taken":7.0},{"damage_healed":0.0,"max_hp_gain":0.0,"max_hp_loss":0.0,"gold_gain":0.0,"event_name":"WeMeetAgain","player_choice":"Gave Potion","floor":4.0,"gold_loss":0.0,"damage_taken":0.0,"relics_obtained":["Gremlin Horn"]},{"damage_healed":0.0,"max_hp_gain":5.0,"max_hp_loss":0.0,"gold_gain":0.0,"event_name":"Big Fish","player_choice":"Donut","floor":14.0,"gold_loss":0.0,"damage_taken":0.0},{"cards_removed":["Strike_R"],"damage_healed":0.0,"max_hp_gain":0.0,"max_hp_loss":0.0,"gold_gain":0.0,"event_name":"Beggar","player_choice":"Gave Gold","floor":20.0,"gold_loss":75.0,"damage_taken":0.0},{"damage_healed":0.0,"max_hp_gain":0.0,"max_hp_loss":0.0,"gold_gain":275.0,"event_name":"Golden Shrine","player_choice":"Desecrate","floor":28.0,"gold_loss":0.0,"damage_taken":0.0,"cards_obtained":["Regret"]},{"cards_removed":["Metallicize"],"damage_healed":0.0,"max_hp_gain":0.0,"max_hp_loss":0.0,"gold_gain":0.0,"event_name":"Falling","player_choice":"Removed Power","floor":36.0,"gold_loss":0.0,"damage_taken":0.0},{"damage_healed":0.0,"max_hp_gain":0.0,"max_hp_loss":0.0,"gold_gain":999.0,"event_name":"MindBloom","player_choice":"Gold","floor":37.0,"gold_loss":0.0,"damage_taken":0.0,"cards_obtained":["Normality","Normality"]},{"damage_healed":0.0,"max_hp_gain":0.0,"max_hp_loss":0.0,"gold_gain":0.0,"event_name":"Mysterious Sphere","player_choice":"Fight","floor":38.0,"gold_loss":0.0,"damage_taken":0.0},{"damage_healed":0,"gold_gain":0,"player_choice":"Memory 3","damage_taken":10,"max_hp_gain":0,"max_hp_loss":0,"event_name":"SensoryStone","floor":47,"gold_loss":0}],"is_beta":true,"boss_relics":[{"not_picked":["Black Star","Pandora\u0027s Box"],"picked":"SacredBark"},{"not_picked":["Empty Cage","Runic Pyramid"],"picked":"Velvet Choker"}],"items_purged_floors":[19,39,42],"is_endless":false,"potions_floor_spawned":[1,7,10,18,25,27,29,30,33,35,38,40,45,46,48],"ascension_level":0}