{"gold_per_floor":[116,116,131,20,33,33,45,45,45,45,70,85,85,105,105,233,233,254,278,278,278,322,322,337,337,418,418,453,471,81,99,99,225,225,243,118,142,142,142,173,173,23,72,72,95,123,130,352,352,352],"floor_reached":51,"playtime":751,"items_purged":["Regret","Strike_R","Strike_R","Strike_R"],"score":837,"play_id":"c1e3691c-9fdf-4741-88ce-dee1bc43b988","local_time":"20190922022952","is_ascension_mode":false,"campfire_choices":[{"data":"Whirlwind","floor":6.0,"key":"SMITH"},{"data":"Bash","floor":8.0,"key":"SMITH"},{"data":"Disarm","floor":13.0,"key":"SMITH"},{"data":"Sword Boomerang","floor":15.0,"key":"SMITH"},{"data":"Flex","floor":23.0,"key":"SMITH"},{"data":"Limit Break","floor":25.0,"key":"SMITH"},{"data":"Offering","floor":27.0,"key":"SMITH"},{"data":"Flex","floor":32.0,"key":"SMITH"},{"data":"Battle Trance","floor":44.0,"key":"SMITH"},{"floor":47.0,"key":"REST"},{"data":"Limit Break","floor":49.0,"key":"SMITH"}],"neow_cost":"NONE","seed_source_timestamp":18004545972537,"circlet_count":0,"master_deck":["Strike_R","Strike_R","Defend_R","Defend_R","Defend_R","Bash+1","Cleave","Sword Boomerang+1","Whirlwind+1","Disarm+1","Offering+1","Flex+1","Limit Break+1","Spot Weakness+1","Flex+1","Clash","Battle Trance+1","Parasite","Limit Break+1"],"special_seed":0,"relics":["Burning Blood","NeowsBlessing","Ornamental Fan","CaptainsWheel","Golden Idol","SlaversCollar","MutagenicStrength","Red Mask","Meat on the Bone","Toy Ornithopter","HornCleat","SacredBark","Dream Catcher","CeramicFish"],"potions_floor_usage":[50,50],"damage_taken":[{"damage":0.0,"enemies":"2 Louse","floor":1.0,"turns":1.0},{"damage":0.0,"enemies":"Jaw Worm","floor":3.0,"turns":1.0},{"damage":0.0,"enemies":"Small Slimes","floor":5.0,"turns":1.0},{"damage":18.0,"enemies":"3 Louse","floor":7.0,"turns":3.0},{"damage":9.0,"enemies":"2 Fungi Beasts","floor":11.0,"turns":2.0},{"damage":5.0,"enemies":"Looter","floor":12.0,"turns":4.0},{"damage":0.0,"enemies":"3 Louse","floor":14.0,"turns":1.0},{"damage":0.0,"enemies":"Slime Boss","floor":16.0,"turns":6.0},{"damage":6.0,"enemies":"3 Byrds","floor":18.0,"turns":3.0},{"damage":8.0,"enemies":"Spheric Guardian","floor":19.0,"turns":4.0},{"damage":0.0,"enemies":"Masked Bandits","floor":22.0,"turns":2.0},{"damage":6.0,"enemies":"Shelled Parasite and Fungi","floor":24.0,"turns":4.0},{"damage":14.0,"enemies":"Book of Stabbing","floor":28.0,"turns":4.0},{"damage":18.0,"enemies":"3 Cultists","floor":29.0,"turns":3.0},{"damage":6.0,"enemies":"Snake Plant","floor":31.0,"turns":3.0},{"damage":23.0,"enemies":"Automaton","floor":33.0,"turns":6.0},{"damage":6.0,"enemies":"Orb Walker","floor":35.0,"turns":2.0},{"damage":3.0,"enemies":"3 Shapes","floor":37.0,"turns":2.0},{"damage":17.0,"enemies":"Reptomancer","floor":40.0,"turns":4.0},{"damage":15.0,"enemies":"Sphere and 2 Shapes","floor":45.0,"turns":3.0},{"damage":36.0,"enemies":"Writhing Mass","floor":46.0,"turns":4.0},{"damage":6,"enemies":"Time Eater","floor":50,"turns":1}],"seed_played":"5280629405889218648","potions_obtained":[{"floor":1.0,"key":"Dexterity Potion"},{"floor":7.0,"key":"Strength Potion"},{"floor":14.0,"key":"GamblersBrew"},{"floor":16.0,"key":"Fire Potion"},{"floor":19.0,"key":"SteroidPotion"},{"floor":22.0,"key":"SteroidPotion"}],"is_trial":false,"path_per_floor":["M","?","M","$","M","R","M","R","T","?","M","M","R","M","R","B",null,"M","M","?","?","?","R","M","R","T","R","E","M","$","M","R","B",null,"M","$","M","?","?","E","$","$","T","R","M","M","R","?","R","B",null],"character_chosen":"IRONCLAD","items_purchased":["Whirlwind","HornCleat","Flex"],"campfire_rested":1,"item_purchase_floors":[4,30,30],"current_hp_per_floor":[80,80,80,80,80,80,68,68,68,68,65,66,66,72,72,74,74,74,72,72,72,74,74,74,74,74,74,66,54,54,54,54,49,74,74,74,74,74,70,59,59,59,59,59,50,32,53,53,53,63],"gold":352,"neow_bonus":"THREE_ENEMY_KILL","is_prod":false,"is_daily":false,"chose_seed":false,"campfire_upgraded":10,"win_rate":0,"timestamp":1569140992,"path_taken":["M","?","M","$","M","R","M","R","T","?","M","M","R","M","R","BOSS","M","M","?","?","?","R","M","R","T","R","E","M","?","M","R","BOSS","M","$","M","?","?","E","?","$","T","R","M","?","R","?","R","BOSS"],"build_version":"2019-09-20","purchased_purges":4,"victory":true,"max_hp_per_floor":[80,80,80,80,80,80,80,80,80,74,74,74,74,74,74,74,74,74,74,74,74,74,74,74,74,74,74,74,74,74,74,74,74,74,74,74,74,74,70,70,70,70,70,70,70,70,70,70,70,70],"card_choices":[{"not_picked":["Burning Pact","Clothesline"],"picked":"Cleave","floor":1.0},{"not_picked":["Seeing Red","Reckless Charge"],"picked":"Sword Boomerang","floor":3.0},{"not_picked":["Seeing Red","Ghostly Armor"],"picked":"Disarm","floor":5.0},{"not_picked":["Sword Boomerang","Sever Soul","Shrug It Off"],"picked":"SKIP","floor":7.0},{"not_picked":["Perfected Strike","Metallicize","Shrug It Off"],"picked":"SKIP","floor":11.0},{"not_picked":["Clothesline","Body Slam","Heavy Blade"],"picked":"SKIP","floor":12.0},{"not_picked":["Warcry","Iron Wave","Dropkick"],"picked":"SKIP","floor":14.0},{"not_picked":["Juggernaut","Exhume"],"picked":"Offering","floor":16.0},{"not_picked":["Body Slam+1","Perfected Strike","Sever Soul"],"picked":"SKIP","floor":18.0},{"not_picked":["Wild Strike","Armaments","Sword Boomerang"],"picked":"SKIP","floor":19.0},{"not_picked":["Armaments","Sentinel"],"picked":"Flex","floor":22.0},{"not_picked":["Dual Wield+1","Cleave"],"picked":"Limit Break","floor":24.0},{"not_picked":["Clothesline","Combust+1","Headbutt"],"picked":"SKIP","floor":28.0},{"not_picked":["Reckless Charge+1","Rupture+1"],"picked":"Spot Weakness+1","floor":29.0},{"not_picked":["Thunderclap","Warcry"],"picked":"Clash","floor":31.0},{"not_picked":["Sword Boomerang+1","Twin Strike+1"],"picked":"Battle Trance","floor":35.0},{"not_picked":["Evolve","Iron Wave+1","Anger"],"picked":"SKIP","floor":37.0},{"not_picked":["Bloodletting+1","Infernal Blade+1","Clothesline+1"],"picked":"SKIP","floor":40.0},{"not_picked":["Armaments","Clothesline","Warcry"],"picked":"SKIP","floor":45.0},{"not_picked":["Cleave","Thunderclap+1","Rupture"],"picked":"SKIP","floor":46.0},{"not_picked":["Clothesline+1","Twin Strike+1"],"picked":"Limit Break","floor":47.0}],"player_experience":1576366,"relics_obtained":[{"floor":9.0,"key":"CaptainsWheel"},{"floor":22.0,"key":"Red Mask"},{"floor":26.0,"key":"Meat on the Bone"},{"floor":28.0,"key":"Toy Ornithopter"},{"floor":40.0,"key":"Dream Catcher"},{"floor":43.0,"key":"CeramicFish"}],"event_choices":[{"damage_healed":0.0,"max_hp_gain":0.0,"max_hp_loss":0.0,"gold_gain":0.0,"event_name":"Big Fish","player_choice":"Box","floor":2.0,"gold_loss":0.0,"damage_taken":0.0,"relics_obtained":["Ornamental Fan"],"cards_obtained":["Regret"]},{"damage_healed":0.0,"max_hp_gain":0.0,"max_hp_loss":6.0,"gold_gain":0.0,"event_name":"Golden Idol","player_choice":"Lose Max HP","floor":10.0,"gold_loss":0.0,"damage_taken":0.0,"relics_obtained":["Golden Idol"]},{"damage_healed":0.0,"max_hp_gain":0.0,"max_hp_loss":0.0,"gold_gain":0.0,"event_name":"Ghosts","player_choice":"Ignored","floor":20.0,"gold_loss":0.0,"damage_taken":0.0},{"damage_healed":0.0,"max_hp_gain":0.0,"max_hp_loss":0.0,"gold_gain":0.0,"event_name":"Drug Dealer","player_choice":"Inject Mutagens","floor":21.0,"gold_loss":0.0,"damage_taken":0.0,"relics_obtained":["MutagenicStrength"]},{"damage_healed":0.0,"max_hp_gain":0.0,"max_hp_loss":0.0,"gold_gain":0.0,"event_name":"Masked Bandits","player_choice":"Fought Bandits","floor":22.0,"gold_loss":0.0,"damage_taken":0.0},{"cards_removed":["Defend_R"],"damage_healed":0.0,"max_hp_gain":0.0,"max_hp_loss":0.0,"gold_gain":0.0,"event_name":"Falling","player_choice":"Removed Skill","floor":38.0,"gold_loss":0.0,"damage_taken":0.0},{"damage_healed":0.0,"max_hp_gain":0.0,"max_hp_loss":4.0,"gold_gain":0.0,"event_name":"Winding Halls","player_choice":"Max HP","floor":39.0,"gold_loss":0.0,"damage_taken":0.0},{"damage_healed":0.0,"max_hp_gain":0.0,"max_hp_loss":0.0,"gold_gain":222.0,"event_name":"Tomb of Lord Red Mask","player_choice":"Wore Mask","floor":48.0,"gold_loss":0.0,"damage_taken":0.0}],"is_beta":true,"boss_relics":[{"not_picked":["Mark of Pain","Tiny House"],"picked":"SlaversCollar"},{"not_picked":["Calling Bell","Runic Cube"],"picked":"SacredBark"}],"items_purged_floors":[4,30,36,42],"is_endless":false,"potions_floor_spawned":[1,7,14,16,19,22,24,28,35,45,46],"ascension_level":0}