{"gold_per_floor":[114,114,114,64,116,116,41,41,41,41,73,87,115,134,134,229,229,247,274,274,56,155,155,180,180,204,217,231,257,268,283,283,379,379,392,392,409,319,337,337,362,362,388,49,65,65,75,26,26,26],"floor_reached":51,"playtime":8204,"items_purged":["Defend_R"],"score":721,"play_id":"d78b7ff9-7aad-47ee-a39c-f83b056da5ec","local_time":"20181013185512","is_ascension_mode":false,"campfire_choices":[{"data":"Bash","floor":6,"key":"SMITH"},{"data":"Defend_R","floor":8,"key":"SMITH"},{"data":"Defend_R","floor":10,"key":"SMITH"},{"data":"Shrug It Off","floor":15,"key":"SMITH"},{"data":"Inflame","floor":23,"key":"SMITH"},{"data":"Seeing Red","floor":25,"key":"SMITH"},{"data":"Spot Weakness","floor":32,"key":"SMITH"},{"floor":40,"key":"REST"},{"floor":42,"key":"REST"},{"floor":49,"key":"REST"}],"neow_cost":"NONE","seed_source_timestamp":1720792144275290,"circlet_count":0,"master_deck":["Strike_R+1","Defend_R+1","Defend_R+1","Defend_R+1","Bash+1","Whirlwind+1","Seeing Red+1","Shrug It Off+1","Feel No Pain+1","Body Slam+1","Feed+1","Clash+1","Flash of Steel+1","Inflame+1","Seeing Red+1","Exhume","Spot Weakness+1","Iron Wave+1","Metallicize+1","Battle Trance+1","Uppercut+1","Demon Form","Flame Barrier+1","Warcry+1","Power Through+1","Clothesline+1","Pummel+1","Magnetism","Disarm","Corruption","Headbutt+1","Armaments","Juggernaut"],"relics":["Black Blood","Whetstone","Ornamental Fan","Red Skull","Molten Egg 2","Red Mask","Pantograph","War Paint","Shuriken","Fusion Hammer","Magic Flower","Bag of Marbles","Dream Catcher","Potion Belt"],"potions_floor_usage":[13,13,16,27,29,33,41,50,50,50],"damage_taken":[{"damage":6,"enemies":"2 Louse","floor":1,"turns":3},{"damage":24,"enemies":"Gremlin Nob","floor":11,"turns":4},{"damage":8,"enemies":"Small Slimes","floor":12,"turns":2},{"damage":1,"enemies":"3 Sentries","floor":13,"turns":6},{"damage":3,"enemies":"Jaw Worm","floor":14,"turns":3},{"damage":58,"enemies":"Hexaghost","floor":16,"turns":11},{"damage":2,"enemies":"Chosen","floor":18,"turns":4},{"damage":25,"enemies":"Masked Bandits","floor":19,"turns":4},{"damage":25,"enemies":"Slavers","floor":24,"turns":3},{"damage":0,"enemies":"3 Byrds","floor":27,"turns":4},{"damage":0,"enemies":"Centurion and Healer","floor":28,"turns":5},{"damage":6,"enemies":"Book of Stabbing","floor":29,"turns":5},{"damage":34,"enemies":"Snake Plant","floor":30,"turns":7},{"damage":12,"enemies":"Cultist and Chosen","floor":31,"turns":8},{"damage":62,"enemies":"Collector","floor":33,"turns":9},{"damage":27,"enemies":"3 Shapes","floor":35,"turns":5},{"damage":0,"enemies":"Mind Bloom Boss Battle","floor":36,"turns":5},{"damage":63,"enemies":"Orb Walker","floor":37,"turns":8},{"damage":17,"enemies":"4 Shapes","floor":39,"turns":2},{"damage":8,"enemies":"Nemesis","floor":41,"turns":5},{"damage":0,"enemies":"Jaw Worm Horde","floor":45,"turns":5},{"damage":0,"enemies":"3 Darklings","floor":47,"turns":5},{"damage":8,"enemies":"Time Eater","floor":50,"turns":9}],"seed_played":"-2702818792176878981","potions_obtained":[{"floor":0,"key":"LiquidBronze"},{"floor":0,"key":"EssenceOfSteel"},{"floor":0,"key":"Regen Potion"},{"floor":19,"key":"Swift Potion"},{"floor":27,"key":"Block Potion"},{"floor":29,"key":"BloodPotion"},{"floor":30,"key":"PowerPotion"},{"floor":31,"key":"LiquidBronze"},{"floor":37,"key":"Energy Potion"},{"floor":41,"key":"Dexterity Potion"},{"floor":45,"key":"SpeedPotion"}],"is_trial":false,"path_per_floor":["M","?","?","?","T","R","$","R","T","R","E","M","E","M","R","B",null,"M","?","?","$","?","R","E","R","T","M","M","E","M","M","R","B",null,"M","?","M","?","M","R","E","R","T","$","M","?","M","$","R","B"],"character_chosen":"IRONCLAD","items_purchased":["Flash of Steel+1","Inflame","Seeing Red","Magnetism","Potion Belt","Armaments"],"campfire_rested":3,"item_purchase_floors":[21,21,21,44,44,48],"current_hp_per_floor":[80,80,85,85,85,85,85,85,85,85,67,65,70,73,73,36,85,85,74,74,74,74,74,63,63,63,77,91,95,75,81,81,58,117,104,125,83,83,81,119,126,129,129,129,133,133,133,133,133,133],"gold":26,"neow_bonus":"THREE_SMALL_POTIONS","is_prod":false,"is_daily":false,"chose_seed":false,"campfire_upgraded":7,"win_rate":0,"timestamp":1539446112,"path_taken":["M","?","?","?","?","R","?","R","T","R","E","M","E","M","R","BOSS","M","?","?","?","?","R","E","R","T","M","?","E","M","M","R","BOSS","M","?","M","?","M","R","E","R","T","$","M","?","M","?","R","BOSS"],"build_version":"2018-10-11","purchased_purges":1,"victory":true,"max_hp_per_floor":[80,80,85,85,85,85,85,85,85,85,85,85,85,85,85,85,85,85,89,89,89,89,89,93,93,93,97,101,101,105,113,113,117,117,121,125,129,129,129,129,129,129,129,129,133,133,133,133,133,133],"card_choices":[{"not_picked":["Flame Barrier","Warcry"],"picked":"Whirlwind","floor":1},{"not_picked":["Evolve","Body Slam"],"picked":"Seeing Red","floor":11},{"not_picked":["Heavy Blade","Headbutt"],"picked":"Shrug It Off","floor":12},{"not_picked":["Rupture","Dark Embrace"],"picked":"Feel No Pain","floor":13},{"not_picked":["Anger+1","Clothesline+1"],"picked":"Body Slam+1","floor":14},{"not_picked":["Brutality","Juggernaut"],"picked":"Feed+1","floor":16},{"not_picked":["Ghostly Armor","Clash+1"],"picked":"Anger+1","floor":18},{"not_picked":["Heavy Blade+1","Flex"],"picked":"Clash+1","floor":19},{"not_picked":["Battle Trance","Disarm+1"],"picked":"Exhume","floor":24},{"not_picked":["Headbutt+1","Searing Blow+1"],"picked":"Spot Weakness","floor":27},{"not_picked":["Battle Trance+1","Clash+1"],"picked":"Iron Wave+1","floor":28},{"not_picked":["Cleave+1","Blood for Blood+1"],"picked":"Metallicize+1","floor":29},{"not_picked":["Bloodletting+1","Shrug It Off"],"picked":"Battle Trance+1","floor":30},{"not_picked":["Dual Wield","Rage"],"picked":"Uppercut+1","floor":31},{"not_picked":["Reaper+1","Immolate+1"],"picked":"Demon Form","floor":33},{"not_picked":["Sword Boomerang+1","Shrug It Off"],"picked":"Flame Barrier+1","floor":35},{"not_picked":["Metallicize","Burning Pact"],"picked":"Warcry+1","floor":36},{"not_picked":["Pummel+1","Second Wind"],"picked":"Power Through+1","floor":37},{"not_picked":["Entrench","Anger+1"],"picked":"Clothesline+1","floor":39},{"not_picked":["Sword Boomerang+1","Hemokinesis+1"],"picked":"Pummel+1","floor":41},{"not_picked":["Anger+1","Perfected Strike+1"],"picked":"Disarm","floor":45},{"not_picked":["Spot Weakness","Body Slam+1"],"picked":"Headbutt+1","floor":47},{"not_picked":["Clash+1","Uppercut+1"],"picked":"Juggernaut","floor":49}],"player_experience":778194,"relics_obtained":[{"floor":5,"key":"Whetstone"},{"floor":9,"key":"Ornamental Fan"},{"floor":11,"key":"Red Skull"},{"floor":13,"key":"Molten Egg 2"},{"floor":19,"key":"Red Mask"},{"floor":24,"key":"Pantograph"},{"floor":26,"key":"War Paint"},{"floor":29,"key":"Shuriken"},{"floor":36,"key":"Magic Flower"},{"floor":41,"key":"Bag of Marbles"},{"floor":43,"key":"Dream Catcher"}],"event_choices":[{"event_name":"Living Wall","player_choice":"Forget","floor":2,"damage_taken":0},{"event_name":"Big Fish","player_choice":"Donut","floor":3,"damage_taken":0},{"event_name":"The Cleric","player_choice":"Card Removal","floor":4,"damage_taken":0},{"event_name":"Masked Bandits","player_choice":"Fought Bandits","floor":19,"damage_taken":0},{"event_name":"Back to Basics","player_choice":"Elegance","floor":20,"damage_taken":0},{"event_name":"Nest","player_choice":"Stole From Cult","floor":22,"damage_taken":0},{"event_name":"MindBloom","player_choice":"Fight","floor":36,"damage_taken":0},{"event_name":"Designer","player_choice":"Full Service","floor":38,"damage_taken":0},{"event_name":"Transmorgrifier","player_choice":"Transform","floor":46,"damage_taken":0}],"is_beta":true,"boss_relics":[{"not_picked":["Snecko Eye","Empty Cage"],"picked":"Black Blood"},{"not_picked":["Velvet Choker","Eternal Feather"],"picked":"Fusion Hammer"}],"items_purged_floors":[7],"is_endless":false,"potions_floor_spawned":[11,12,19,27,29,30,31,37,41,45],"ascension_level":0}