{"gold_per_floor":[119,139,89,106,124,124,124,155,155,172,188,188,219,219,219,348,348,363,382,382,49,74,115,30,73,162,174,186,213,500,556,568,710,722,755,787,258,6,131,131,0,0,26,59,79,79,118,118,118,118],"floor_reached":51,"playtime":4230,"items_purged":["Regret"],"score":1263,"play_id":"a3deea46-e3ab-43db-902d-98b86998fae4","local_time":"20190428223101","is_ascension_mode":true,"campfire_choices":[{"data":"Hologram","floor":6,"key":"SMITH"},{"floor":12,"key":"REST"},{"data":"1","floor":15,"key":"LIFT"},{"data":"Echo Form","floor":32,"key":"SMITH"},{"data":"strawberrySpire:AnotherWinter","floor":40,"key":"SMITH"},{"data":"2","floor":42,"key":"LIFT"},{"data":"3","floor":46,"key":"LIFT"},{"data":"strawberrySpire:AnotherWinter","floor":49,"key":"SMITH"}],"neow_cost":"","seed_source_timestamp":294283660546005,"circlet_count":0,"master_deck":["Zap","Dualcast","Hologram","Cold Snap","Stack","Chill","Compile Driver","Rip and Tear","Rebound","Hologram+1","strawberrySpire:AnotherWinter+1","Rainbow","Turbo","Conserve Battery","Echo Form+1","strawberrySpire:AnotherWinter+1","Go for the Eyes+1","Streamline","All For One","Rainbow","Tempest","strawberrySpire:BlasterWyrm","Leap","Conserve Battery+1","Defragment+1","Gash","Self Repair","Conserve Battery+1","Glacier+1","Reinforced Body+1","Leap+1","Ghostly+1","Ghostly+1","Ghostly+1","Ghostly+1","Ghostly+1","Redo+1","strawberrySpire:Gammacceleration+1","Static Discharge+1","Thunder Strike","Defragment","Coolheaded+1","Static Discharge","Beam Cell+1","Apotheosis+1","Capacitor","Seek+1","Steam+1","strawberrySpire:Adapter+1","Glacier+1","Conserve Battery+1","Streamline","Barrage"],"relics":["Cracked Core","Strange Spoon","Bronze Scales","Regal Pillow","Prayer Wheel","Centennial Puzzle","Girya","Pantograph","Kunai","Golden Idol","Pandora\u0027s Box","Darkstone Periapt","Toxic Egg 2","MawBank","Happy Flower","strawberrySpire:TinySteamboat","Bird Faced Urn","Bag of Preparation","Sozu","Membership Card","Vajra","Whetstone","ClockworkSouvenir","strawberrySpire:ElefentMask","Emotion Chip","Red Mask","DataDisk","Blue Candle","Bag of Marbles"],"potions_floor_usage":[13,13,16,23,31,50],"damage_taken":[{"damage":11,"enemies":"Small Slimes","floor":1,"turns":3},{"damage":0,"enemies":"2 Louse","floor":2,"turns":2},{"damage":2,"enemies":"Jaw Worm","floor":4,"turns":3},{"damage":8,"enemies":"Large Slime","floor":5,"turns":5},{"damage":14,"enemies":"Gremlin Nob","floor":8,"turns":4},{"damage":6,"enemies":"3 Louse","floor":10,"turns":2},{"damage":15,"enemies":"Lots of Slimes","floor":11,"turns":3},{"damage":15,"enemies":"strawberrySpire:EnergyPylons","floor":13,"turns":5},{"damage":6,"enemies":"The Guardian","floor":16,"turns":11},{"damage":16,"enemies":"Spheric Guardian","floor":18,"turns":4},{"damage":1,"enemies":"3 Byrds","floor":19,"turns":3},{"damage":22,"enemies":"Snake Plant","floor":22,"turns":3},{"damage":17,"enemies":"strawberrySpire:AncientClocktower","floor":23,"turns":12},{"damage":11,"enemies":"Book of Stabbing","floor":25,"turns":6},{"damage":0,"enemies":"Sentry and Sphere","floor":29,"turns":8},{"damage":37,"enemies":"Gremlin Leader","floor":31,"turns":9},{"damage":27,"enemies":"Collector","floor":33,"turns":17},{"damage":2,"enemies":"Orb Walker","floor":35,"turns":5},{"damage":15,"enemies":"3 Shapes","floor":36,"turns":4},{"damage":1,"enemies":"Mind Bloom Boss Battle","floor":39,"turns":4},{"damage":2,"enemies":"Giant Head","floor":44,"turns":7},{"damage":7,"enemies":"Spire Growth","floor":45,"turns":4},{"damage":0,"enemies":"Reptomancer","floor":47,"turns":6},{"damage":8,"enemies":"Donu and Deca","floor":50,"turns":6}],"seed_played":"-6503637530509243059","potions_obtained":[{"floor":2,"key":"Weak Potion"},{"floor":5,"key":"Ancient Potion"},{"floor":10,"key":"Poison Potion"},{"floor":13,"key":"Strength Potion"},{"floor":22,"key":"EssenceOfSteel"},{"floor":25,"key":"LiquidBronze"},{"floor":31,"key":"LiquidBronze"},{"floor":33,"key":"Poison Potion"}],"is_trial":false,"path_per_floor":["M","M","?","M","M","R","?","E","T","M","M","R","E","?","R","B",null,"M","M","?","$","M","E","?","E","T","?","?","M","?","E","R","B",null,"M","M","$","$","?","R","?","R","T","E","M","R","E","?","R","B",null],"character_chosen":"DEFECT","items_purchased":["Hologram","Strange Spoon","Bronze Scales","Regal Pillow","Cold Snap","Darkstone Periapt","Self Repair","Membership Card","Vajra","Beam Cell","Apotheosis+1","Capacitor","Seek+1","Steam+1","Whetstone","ClockworkSouvenir","strawberrySpire:ElefentMask"],"campfire_rested":1,"item_purchase_floors":[0,0,0,0,0,21,21,37,37,37,37,37,37,37,38,38,38],"current_hp_per_floor":[64,64,64,62,54,54,36,22,22,16,1,38,23,5,5,24,75,59,58,58,58,36,26,26,15,15,15,15,30,36,12,12,40,43,43,30,30,30,43,43,43,43,43,43,40,40,43,43,43,43],"gold":118,"neow_bonus":"","is_prod":false,"is_daily":false,"chose_seed":false,"campfire_upgraded":4,"win_rate":0,"timestamp":1556479861,"path_taken":["M","M","?","M","M","R","?","E","T","M","M","R","E","?","R","BOSS","M","M","?","$","M","E","?","E","T","?","?","M","?","E","R","BOSS","M","M","?","$","?","R","?","R","T","E","M","R","E","?","R","BOSS"],"build_version":"2019-01-23","purchased_purges":1,"victory":true,"max_hp_per_floor":[75,75,75,75,75,75,75,75,75,75,75,75,75,75,75,75,75,75,75,75,75,75,75,75,75,75,75,37,37,43,43,43,43,43,43,43,43,43,43,43,43,43,43,43,43,43,43,43,43,43],"card_choices":[{"not_picked":["Gash","Lockon"],"picked":"Stack","floor":1},{"not_picked":["Go for the Eyes","Consume"],"picked":"Chill","floor":1},{"not_picked":["Tempest","Lockon"],"picked":"Compile Driver","floor":2},{"not_picked":["Gash","Redo"],"picked":"Rip and Tear","floor":2},{"not_picked":["Streamline","Leap"],"picked":"Rebound","floor":4},{"not_picked":["Streamline","Compile Driver"],"picked":"Hologram","floor":4},{"not_picked":["BootSequence","Lockon"],"picked":"strawberrySpire:AnotherWinter","floor":5},{"not_picked":["Hologram","Beam Cell","Recycle"],"picked":"SKIP","floor":5},{"not_picked":["Scrape","strawberrySpire:DataDump"],"picked":"Rainbow","floor":8},{"not_picked":["strawberrySpire:DataDump","Lockon"],"picked":"Turbo","floor":10},{"not_picked":["strawberrySpire:AngeryBot","Cold Snap","strawberrySpire:NeonFlight"],"picked":"SKIP","floor":10},{"not_picked":["Steam","strawberrySpire:ReturnNull"],"picked":"Conserve Battery","floor":11},{"not_picked":["Chaos","strawberrySpire:Disconnect","Skim"],"picked":"SKIP","floor":11},{"not_picked":["strawberrySpire:GearCrunch","strawberrySpire:THEL","Redo"],"picked":"SKIP","floor":13},{"not_picked":["strawberrySpire:AnotherWinter","Hyperbeam"],"picked":"Echo Form","floor":16},{"not_picked":["Barrage+1","Go for the Eyes"],"picked":"Leap","floor":18},{"not_picked":["Force Field","Undo"],"picked":"Conserve Battery+1","floor":18},{"not_picked":["strawberrySpire:NeonFlight","strawberrySpire:Compressor+1"],"picked":"Defragment+1","floor":19},{"not_picked":["strawberrySpire:DataDump","Redo","Leap"],"picked":"SKIP","floor":19},{"not_picked":["Steam+1","strawberrySpire:Package+1"],"picked":"Conserve Battery+1","floor":22},{"not_picked":["Coolheaded+1","Go for the Eyes+1"],"picked":"Glacier+1","floor":22},{"not_picked":["Barrage","Scrape"],"picked":"Reinforced Body+1","floor":23},{"not_picked":["Heatsinks+1","Redo+1"],"picked":"Leap+1","floor":25},{"not_picked":["Sweeping Beam","Fusion+1"],"picked":"Redo+1","floor":29},{"not_picked":["Coolheaded+1","Conserve Battery+1"],"picked":"strawberrySpire:Gammacceleration+1","floor":29},{"not_picked":["Capacitor","Reprogram+1"],"picked":"Static Discharge+1","floor":31},{"not_picked":["Buffer","Biased Cognition"],"picked":"Thunder Strike","floor":33},{"not_picked":["Stack+1","Go for the Eyes"],"picked":"Defragment","floor":35},{"not_picked":["Compile Driver","Go for the Eyes"],"picked":"Coolheaded+1","floor":35},{"not_picked":["Streamline+1","Sunder+1"],"picked":"Static Discharge","floor":36},{"not_picked":["Buffer","Chill+1","strawberrySpire:Package+1"],"picked":"SKIP","floor":36},{"not_picked":["Stack+1","Steam+1"],"picked":"strawberrySpire:Adapter+1","floor":39},{"not_picked":["strawberrySpire:NeonFlight+1","Go for the Eyes+1","Beam Cell+1"],"picked":"SKIP","floor":44},{"not_picked":["Recycle+1","Hyperbeam"],"picked":"Glacier+1","floor":45},{"not_picked":["Barrage+1","Cold Snap"],"picked":"Conserve Battery+1","floor":45},{"not_picked":["Cold Snap","Reprogram+1"],"picked":"Streamline","floor":47}],"player_experience":119690,"relics_obtained":[{"floor":8,"key":"Girya"},{"floor":9,"key":"Pantograph"},{"floor":13,"key":"Kunai"},{"floor":23,"key":"Toxic Egg 2"},{"floor":25,"key":"Happy Flower"},{"floor":26,"key":"strawberrySpire:TinySteamboat"},{"floor":31,"key":"Bag of Preparation"},{"floor":39,"key":"Emotion Chip"},{"floor":43,"key":"DataDisk"},{"floor":44,"key":"Blue Candle"},{"floor":47,"key":"Bag of Marbles"}],"event_choices":[{"cards_removed":["Strike_B"],"damage_healed":0,"gold_gain":0,"player_choice":"Card Removal","damage_taken":0,"max_hp_gain":0,"max_hp_loss":0,"event_name":"The Cleric","floor":3,"gold_loss":50},{"damage_healed":0,"gold_gain":0,"player_choice":"Success","damage_taken":18,"relics_obtained":["Centennial Puzzle"],"max_hp_gain":0,"max_hp_loss":0,"event_name":"Scrap Ooze","floor":7,"gold_loss":0},{"damage_healed":0,"gold_gain":0,"player_choice":"Take Damage","damage_taken":18,"relics_obtained":["Golden Idol"],"max_hp_gain":0,"max_hp_loss":0,"event_name":"Golden Idol","floor":14,"gold_loss":0},{"damage_healed":0,"gold_gain":0,"player_choice":"Read","damage_taken":0,"max_hp_gain":0,"max_hp_loss":0,"event_name":"The Library","floor":20,"gold_loss":0,"cards_obtained":["Gash"]},{"damage_healed":0,"gold_gain":0,"player_choice":"Obtained Relic","damage_taken":0,"relics_obtained":["MawBank"],"max_hp_gain":0,"max_hp_loss":0,"event_name":"Addict","floor":24,"gold_loss":85},{"damage_healed":0,"gold_gain":0,"player_choice":"Opened","damage_taken":0,"relics_obtained":["Bird Faced Urn"],"max_hp_gain":0,"max_hp_loss":0,"event_name":"The Mausoleum","floor":27,"gold_loss":0},{"damage_healed":0,"gold_gain":0,"player_choice":"Became a Ghost","damage_taken":0,"max_hp_gain":0,"max_hp_loss":38,"event_name":"Ghosts","floor":28,"gold_loss":0,"cards_obtained":["Ghostly","Ghostly","Ghostly","Ghostly","Ghostly"]},{"damage_healed":0,"gold_gain":275,"player_choice":"Desecrate","damage_taken":0,"max_hp_gain":0,"max_hp_loss":0,"event_name":"Golden Shrine","floor":30,"gold_loss":0,"cards_obtained":["Regret"]},{"damage_healed":0,"gold_gain":0,"player_choice":"Fight","damage_taken":0,"max_hp_gain":0,"max_hp_loss":0,"event_name":"MindBloom","floor":39,"gold_loss":0},{"damage_healed":0,"gold_gain":0,"player_choice":"Paid","damage_taken":0,"relics_obtained":["Red Mask"],"max_hp_gain":0,"max_hp_loss":0,"event_name":"Tomb of Lord Red Mask","floor":41,"gold_loss":131},{"damage_healed":0,"gold_gain":0,"player_choice":"1 cards matched","damage_taken":0,"max_hp_gain":0,"max_hp_loss":0,"event_name":"Match and Keep!","floor":48,"gold_loss":0,"cards_obtained":["Barrage"]}],"is_beta":false,"boss_relics":[{"not_picked":["Runic Pyramid","energizedSpire:CursedPentagram"],"picked":"Pandora\u0027s Box"},{"not_picked":["Empty Cage","FrozenCore"],"picked":"Sozu"}],"items_purged_floors":[37],"is_endless":false,"potions_floor_spawned":[2,5,10,11,13,22,25,31,33,35,45,47],"ascension_level":3}