{"gold_per_floor":[113,188,188,148,160,160,192,253,278,278,278,298,317,328,328,328],"floor_reached":16,"playtime":542,"items_purged":[],"score":105,"play_id":"52b9169a-2778-4daa-b40e-c1dec03f8b9d","local_time":"20190905070150","is_ascension_mode":true,"campfire_choices":[{"data":"Turbo","floor":6,"key":"SMITH"},{"data":"Fission","floor":10,"key":"SMITH"},{"data":"Dualcast","floor":15,"key":"SMITH"}],"neow_cost":"NONE","seed_source_timestamp":203808737190700,"circlet_count":0,"master_deck":["Strike_B","Strike_B","Strike_B","Defend_B","Defend_B+1","Defend_B","Defend_B","Zap+1","Dualcast+1","Meteor Strike","Doom and Gloom","Turbo+1","Consume","Fission+1","Steam","Self Repair","Turbo"],"relics":["Cracked Core","Orichalcum","War Paint","Oddly Smooth Stone"],"potions_floor_usage":[7,8,8,14,16],"damage_taken":[{"damage":6,"enemies":"2 Louse","floor":1,"turns":3},{"damage":7,"enemies":"Jaw Worm","floor":5,"turns":4},{"damage":26,"enemies":"Gremlin Nob","floor":7,"turns":4},{"damage":0,"enemies":"Gremlin Nob","floor":8,"turns":2},{"damage":0,"enemies":"Small Slimes","floor":12,"turns":3},{"damage":3,"enemies":"Looter","floor":13,"turns":3},{"damage":0,"enemies":"Exordium Thugs","floor":14,"turns":4},{"damage":30,"enemies":"Hexaghost","floor":16,"turns":9}],"seed_played":"654456844033746014","potions_obtained":[{"floor":4,"key":"Energy Potion"},{"floor":4,"key":"FearPotion"},{"floor":4,"key":"Energy Potion"},{"floor":7,"key":"Swift Potion"},{"floor":12,"key":"SpeedPotion"},{"floor":13,"key":"FocusPotion"}],"is_trial":false,"path_per_floor":["M","?","?","?","M","R","E","?","T","R","?","M","M","M","R","B"],"character_chosen":"DEFECT","items_purchased":[],"campfire_rested":0,"item_purchase_floors":[],"current_hp_per_floor":[69,58,51,51,44,44,18,18,18,18,23,23,20,27,27,0],"gold":328,"neow_bonus":"ONE_RANDOM_RARE_CARD","is_prod":false,"is_daily":false,"chose_seed":false,"campfire_upgraded":3,"win_rate":0,"timestamp":1567656110,"path_taken":["M","?","?","?","?","R","E","?","T","R","?","M","M","?","R","BOSS"],"build_version":"2019-07-17","purchased_purges":0,"victory":false,"max_hp_per_floor":[75,75,75,75,75,75,75,75,75,75,80,80,80,80,80,80],"card_choices":[{"not_picked":["Steam","Hello World"],"picked":"Doom and Gloom","floor":1},{"not_picked":["Sweeping Beam","Compile Driver"],"picked":"Turbo","floor":5},{"not_picked":["Redo","Compile Driver"],"picked":"Consume","floor":7},{"not_picked":["Loop","Tempest"],"picked":"Fission","floor":8},{"not_picked":["Stack","Sweeping Beam"],"picked":"Steam","floor":12},{"not_picked":["Beam Cell","Streamline"],"picked":"Self Repair","floor":13},{"not_picked":["Seek","Self Repair"],"picked":"Turbo","floor":14}],"player_experience":246027,"relics_obtained":[{"floor":7,"key":"Orichalcum"},{"floor":8,"key":"War Paint"},{"floor":9,"key":"Oddly Smooth Stone"}],"event_choices":[{"damage_healed":0,"gold_gain":75,"player_choice":"Gather Gold","damage_taken":11,"max_hp_gain":0,"max_hp_loss":0,"event_name":"World of Goop","floor":2,"gold_loss":0},{"cards_removed":["Strike_B"],"damage_healed":0,"gold_gain":0,"player_choice":"Card Removal","damage_taken":7,"max_hp_gain":0,"max_hp_loss":0,"event_name":"Golden Wing","floor":3,"gold_loss":0},{"damage_healed":0,"gold_gain":0,"player_choice":"Bought 3 Potions","damage_taken":0,"max_hp_gain":0,"max_hp_loss":0,"event_name":"The Woman in Blue","floor":4,"gold_loss":0},{"damage_healed":0,"gold_gain":0,"player_choice":"Searched \u00271\u0027 times","damage_taken":0,"max_hp_gain":0,"max_hp_loss":0,"event_name":"Dead Adventurer","floor":8,"gold_loss":0},{"damage_healed":0,"gold_gain":0,"player_choice":"Donut","damage_taken":0,"max_hp_gain":5,"max_hp_loss":0,"event_name":"Big Fish","floor":11,"gold_loss":0}],"is_beta":false,"boss_relics":[],"items_purged_floors":[],"is_endless":false,"potions_floor_spawned":[5,7,12,13],"killed_by":"Hexaghost","ascension_level":1}