{"gold_per_floor":[119,119,44,44,69,69,112,112,112,33,58,73,73,73,73,203,203,226,126,126],"floor_reached":20,"playtime":293,"items_purged":["Defend_R","Strike_R"],"score":195,"play_id":"f878e295-9ff7-4da4-aae8-3afba7758976","local_time":"20190918004742","is_ascension_mode":false,"campfire_choices":[{"data":"Rampage","floor":6.0,"key":"SMITH"},{"data":"Bash","floor":8.0,"key":"SMITH"},{"data":"Searing Blow","floor":13.0,"key":"SMITH"},{"data":"Searing Blow+1","floor":15.0,"key":"SMITH"}],"neow_cost":"NONE","seed_source_timestamp":22095394221745,"circlet_count":0,"master_deck":["Strike_R","Strike_R","Strike_R","Defend_R","Defend_R","Defend_R","Bash+1","Rampage+1","Searing Blow+2","Limit Break"],"special_seed":0,"relics":["Burning Blood","NeowsBlessing","Golden Idol","Letter Opener","Blue Candle","Snecko Eye"],"potions_floor_usage":[20,20],"damage_taken":[{"damage":0.0,"enemies":"Cultist","floor":1.0,"turns":1.0},{"damage":0.0,"enemies":"2 Louse","floor":5.0,"turns":1.0},{"damage":0.0,"enemies":"Gremlin Nob","floor":7.0,"turns":1.0},{"damage":1.0,"enemies":"Jaw Worm","floor":11.0,"turns":3.0},{"damage":8.0,"enemies":"Lots of Slimes","floor":12.0,"turns":3.0},{"damage":62.0,"enemies":"The Guardian","floor":16.0,"turns":8.0},{"damage":22.0,"enemies":"Spheric Guardian","floor":18.0,"turns":4.0},{"damage":30,"enemies":"3 Byrds","floor":20,"turns":5}],"seed_played":"-7926195809000207022","potions_obtained":[{"floor":1.0,"key":"Regen Potion"},{"floor":5.0,"key":"Fire Potion"},{"floor":7.0,"key":"Strength Potion"},{"floor":12.0,"key":"SpeedPotion"}],"is_trial":false,"path_per_floor":["M","?","$","?","M","R","E","R","T","$","M","M","R","$","R","B",null,"M","$","M"],"character_chosen":"IRONCLAD","items_purchased":["Searing Blow"],"campfire_rested":0,"item_purchase_floors":[10],"current_hp_per_floor":[80,74,74,67,73,73,74,74,74,74,74,72,72,72,72,16,74,58,58,42],"gold":126,"neow_bonus":"THREE_ENEMY_KILL","is_prod":false,"is_daily":false,"chose_seed":false,"campfire_upgraded":4,"win_rate":0,"timestamp":1568789262,"path_taken":["M","?","$","?","M","R","E","R","T","?","M","M","R","$","R","BOSS","M","$","M"],"build_version":"2019-09-17","purchased_purges":2,"victory":false,"max_hp_per_floor":[80,74,74,74,74,74,74,74,74,74,74,74,74,74,74,74,74,74,74,74],"card_choices":[{"not_picked":["Shockwave","Perfected Strike","Havoc"],"picked":"SKIP","floor":1.0},{"not_picked":["Body Slam","Sentinel"],"picked":"Rampage","floor":5.0},{"not_picked":["Havoc","Perfected Strike","Evolve"],"picked":"SKIP","floor":7.0},{"not_picked":["Heavy Blade","Rage","Armaments"],"picked":"SKIP","floor":11.0},{"not_picked":["Combust","Body Slam","True Grit"],"picked":"SKIP","floor":12.0},{"not_picked":["Dark Embrace","Bludgeon"],"picked":"Limit Break","floor":16.0},{"not_picked":["Clothesline","Flex","Spot Weakness"],"picked":"SKIP","floor":18.0}],"player_experience":1545016,"relics_obtained":[{"floor":7.0,"key":"Letter Opener"},{"floor":9.0,"key":"Blue Candle"}],"event_choices":[{"damage_healed":0.0,"max_hp_gain":0.0,"max_hp_loss":6.0,"gold_gain":0.0,"event_name":"Golden Idol","player_choice":"Lose Max HP","floor":2.0,"gold_loss":0.0,"damage_taken":0.0,"relics_obtained":["Golden Idol"]},{"cards_removed":["Strike_R"],"damage_healed":0.0,"max_hp_gain":0.0,"max_hp_loss":0.0,"gold_gain":0.0,"event_name":"Golden Wing","player_choice":"Card Removal","floor":4.0,"gold_loss":0.0,"damage_taken":7.0}],"is_beta":true,"boss_relics":[{"not_picked":["Mark of Pain","Runic Pyramid"],"picked":"Snecko Eye"}],"items_purged_floors":[3,19],"is_endless":false,"potions_floor_spawned":[1,5,7,12],"killed_by":"3 Byrds","ascension_level":0}