{"gold_per_floor":[112,129,129,129,129,163,163,173,173,191,223,20,20,72,72,72],"floor_reached":16,"playtime":1264,"items_purged":[],"score":160,"play_id":"1fa16777-273c-420a-9a06-2c25b2077017","local_time":"20190917212739","is_ascension_mode":true,"campfire_choices":[{"floor":7,"key":"RECALL"},{"floor":13,"key":"REST"},{"floor":15,"key":"REST"}],"neow_cost":"NONE","seed_source_timestamp":536820563511400,"circlet_count":0,"master_deck":["Strike_G","Strike_G","Strike_G","Strike_G","Strike_G","Defend_G","Defend_G","Defend_G","Defend_G","Defend_G","Survivor","Neutralize","Blur","Acrobatics","Blur","Grand Finale","Dagger Throw","Cloak And Dagger"],"relics":["Ring of the Snake","NeowsBlessing","Tough Bandages","Bag of Marbles","Membership Card"],"potions_floor_usage":[10,16,16,16],"damage_taken":[{"damage":0,"enemies":"2 Louse","floor":1,"turns":1},{"damage":0,"enemies":"Jaw Worm","floor":2,"turns":1},{"damage":0,"enemies":"Gremlin Nob","floor":6,"turns":1},{"damage":0,"enemies":"Cultist","floor":8,"turns":5},{"damage":4,"enemies":"3 Louse","floor":10,"turns":4},{"damage":40,"enemies":"3 Sentries","floor":11,"turns":24},{"damage":73,"enemies":"Slime Boss","floor":16,"turns":13}],"seed_played":"-6589972372717884730","potions_obtained":[{"floor":1,"key":"Fire Potion"},{"floor":2,"key":"LiquidBronze"},{"floor":10,"key":"Block Potion"},{"floor":11,"key":"EssenceOfSteel"}],"is_trial":false,"path_per_floor":["M","M","?","?","$","E","R","M","T","M","E","$","R","?","R","B"],"character_chosen":"THE_SILENT","items_purchased":["Membership Card"],"campfire_rested":2,"item_purchase_floors":[12],"current_hp_per_floor":[70,70,70,70,70,70,70,70,70,66,26,26,47,47,68,0],"gold":72,"neow_bonus":"THREE_ENEMY_KILL","is_prod":false,"is_daily":false,"chose_seed":false,"campfire_upgraded":0,"win_rate":0,"timestamp":1568773659,"path_taken":["M","M","?","?","$","E","R","M","T","M","E","?","R","?","R","BOSS"],"build_version":"2019-07-17","purchased_purges":0,"victory":false,"max_hp_per_floor":[70,70,70,70,70,70,70,70,70,70,70,70,70,70,70,70],"card_choices":[{"not_picked":["Dagger Spray","Underhanded Strike"],"picked":"Blur","floor":1},{"not_picked":["Blade Dance","Slice"],"picked":"Acrobatics","floor":2},{"not_picked":["Deflect","Reflex"],"picked":"Blur","floor":6},{"not_picked":["Bane","Dagger Throw"],"picked":"Grand Finale","floor":8},{"not_picked":["Slice","Prepared"],"picked":"Dagger Throw","floor":10},{"not_picked":["Slice","Outmaneuver"],"picked":"Cloak And Dagger","floor":11}],"player_experience":420112,"relics_obtained":[{"floor":6,"key":"Tough Bandages"},{"floor":11,"key":"Bag of Marbles"}],"event_choices":[{"damage_healed":0,"gold_gain":0,"player_choice":"Ignored","damage_taken":0,"max_hp_gain":0,"max_hp_loss":0,"event_name":"Liars Game","floor":3,"gold_loss":0},{"damage_healed":0,"gold_gain":0,"player_choice":"Leave","damage_taken":0,"max_hp_gain":0,"max_hp_loss":0,"event_name":"The Cleric","floor":4,"gold_loss":0},{"damage_healed":0,"gold_gain":52,"player_choice":"Gained Gold","damage_taken":0,"max_hp_gain":0,"max_hp_loss":0,"event_name":"Golden Wing","floor":14,"gold_loss":0}],"is_beta":false,"boss_relics":[],"items_purged_floors":[],"is_endless":false,"potions_floor_spawned":[1,2,10,11],"killed_by":"Slime Boss","ascension_level":4}