{"gold_per_floor":[116,116,116,139,139,139,183,203,256,296,296,296,319,334,334,459,459,478,478,496,496,510,554,566,677,689,751,763],"floor_reached":28,"playtime":2975,"items_purged":[],"score":285,"play_id":"27a59d80-74b4-4e2c-b721-51a66f6f746e","local_time":"20190208222141","is_ascension_mode":true,"campfire_choices":[{"data":"Dualcast","floor":6,"key":"SMITH"},{"data":"Genetic Algorithm","floor":12,"key":"SMITH"},{"data":"Static Discharge","floor":15,"key":"SMITH"},{"floor":24,"key":"REST"}],"neow_cost":"NONE","seed_source_timestamp":1042103771284212,"circlet_count":0,"master_deck":["Strike_B","Strike_B","Strike_B","Defend_B","Defend_B","Defend_B","Defend_B","Zap+1","Dualcast+1","strawberrySpire:Adapter+1","Ball Lightning","Echo Form","Genetic Algorithm+1","Streamline","Capacitor","Static Discharge+1","strawberrySpire:Gammacceleration","Conserve Battery","Defragment","strawberrySpire:Ronchyble","Electrodynamics"],"relics":["Cracked Core","NeowsBlessing","Golden Idol","Happy Flower","Lantern","Inserter","Nloth\u0027s Gift","MawBank","strawberrySpire:TinySteamboat","Art of War"],"potions_floor_usage":[13,16,23],"damage_taken":[{"damage":0,"enemies":"2 Louse","floor":1,"turns":1},{"damage":0,"enemies":"Jaw Worm","floor":4,"turns":1},{"damage":0,"enemies":"3 Sentries","floor":7,"turns":1},{"damage":0,"enemies":"Cultist","floor":8,"turns":3},{"damage":8,"enemies":"Gremlin Nob","floor":10,"turns":3},{"damage":11,"enemies":"3 Louse","floor":13,"turns":2},{"damage":0,"enemies":"Blue Slaver","floor":14,"turns":4},{"damage":2,"enemies":"Slime Boss","floor":16,"turns":11},{"damage":27,"enemies":"3 Byrds","floor":18,"turns":4},{"damage":0,"enemies":"Shell Parasite","floor":20,"turns":5},{"damage":0,"enemies":"Snecko","floor":22,"turns":8},{"damage":38,"enemies":"Slavers","floor":23,"turns":7},{"damage":32,"enemies":"Book of Stabbing","floor":28,"turns":3}],"seed_played":"-6611757679258700122","potions_obtained":[{"floor":7,"key":"Block Potion"},{"floor":8,"key":"Fire Potion"},{"floor":13,"key":"SteroidPotion"},{"floor":16,"key":"Block Potion"},{"floor":20,"key":"SteroidPotion"},{"floor":23,"key":"Explosive Potion"}],"is_trial":false,"path_per_floor":["M","?","?","M","?","R","E","M","T","E","?","R","M","M","R","B",null,"M","?","M","?","M","E","R","?","T","T","E"],"character_chosen":"DEFECT","items_purchased":[],"campfire_rested":1,"item_purchase_floors":[],"current_hp_per_floor":[75,75,57,57,57,57,57,57,57,49,42,42,31,31,31,29,75,48,48,48,48,48,10,32,32,32,32,0],"gold":763,"neow_bonus":"THREE_ENEMY_KILL","is_prod":false,"is_daily":false,"chose_seed":false,"campfire_upgraded":3,"win_rate":0,"timestamp":1549653701,"path_taken":["M","?","?","M","?","R","E","?","T","E","?","R","M","M","R","BOSS","M","?","M","?","?","E","R","?","T","?","E"],"build_version":"2019-02-06","purchased_purges":0,"victory":false,"max_hp_per_floor":[75,75,75,75,75,75,75,75,75,75,75,75,75,75,75,75,75,75,75,75,75,75,75,75,75,75,75,75],"card_choices":[{"not_picked":["Storm","Turbo"],"picked":"strawberrySpire:Adapter","floor":1},{"not_picked":["Compile Driver","Rip and Tear"],"picked":"Ball Lightning","floor":4},{"not_picked":["Undo","BootSequence"],"picked":"Echo Form","floor":7},{"not_picked":["Sweeping Beam","Conserve Battery"],"picked":"Genetic Algorithm","floor":8},{"not_picked":["strawberrySpire:Disconnect","Consume"],"picked":"Streamline","floor":10},{"not_picked":["Scrape","Stack"],"picked":"Capacitor","floor":13},{"not_picked":["Coolheaded","Heatsinks"],"picked":"Static Discharge","floor":14},{"not_picked":["Thunder Strike","Rainbow"],"picked":"strawberrySpire:Gammacceleration","floor":16},{"not_picked":["Gash+1","Cold Snap"],"picked":"Conserve Battery","floor":18},{"not_picked":["strawberrySpire:DataDump","strawberrySpire:Disconnect"],"picked":"Defragment","floor":20},{"not_picked":["Compile Driver","White Noise+1"],"picked":"strawberrySpire:Ronchyble","floor":22},{"not_picked":["Biased Cognition","strawberrySpire:Disconnect"],"picked":"Electrodynamics","floor":23}],"player_experience":1132555,"relics_obtained":[{"floor":7,"key":"Happy Flower"},{"floor":10,"key":"Lantern"},{"floor":23,"key":"MawBank"},{"floor":26,"key":"strawberrySpire:TinySteamboat"},{"floor":27,"key":"Art of War"}],"event_choices":[{"damage_healed":0,"gold_gain":0,"player_choice":"Grow","damage_taken":0,"max_hp_gain":0,"max_hp_loss":0,"event_name":"Living Wall","floor":2,"gold_loss":0,"cards_upgraded":["strawberrySpire:Adapter"]},{"damage_healed":0,"gold_gain":0,"player_choice":"Take Damage","damage_taken":18,"relics_obtained":["Golden Idol"],"max_hp_gain":0,"max_hp_loss":0,"event_name":"Golden Idol","floor":3,"gold_loss":0},{"damage_healed":0,"gold_gain":0,"player_choice":"Upgraded","damage_taken":0,"max_hp_gain":0,"max_hp_loss":0,"event_name":"Upgrade Shrine","floor":5,"gold_loss":0,"cards_upgraded":["Zap"]},{"cards_removed":["Strike_B"],"damage_healed":0,"gold_gain":0,"player_choice":"Card Removal","damage_taken":7,"max_hp_gain":0,"max_hp_loss":0,"event_name":"Golden Wing","floor":11,"gold_loss":0},{"damage_healed":0,"gold_gain":0,"player_choice":"Opened","damage_taken":0,"relics_obtained":["Bag of Marbles"],"max_hp_gain":0,"max_hp_loss":0,"event_name":"The Mausoleum","floor":19,"gold_loss":0},{"damage_healed":0,"gold_gain":0,"player_choice":"Traded Relic","damage_taken":0,"relics_obtained":["Nloth\u0027s Gift"],"max_hp_gain":0,"max_hp_loss":0,"event_name":"N\u0027loth","floor":21,"relics_lost":["Bag of Marbles"],"gold_loss":0},{"damage_healed":0,"gold_gain":99,"player_choice":"Stole From Cult","damage_taken":0,"max_hp_gain":0,"max_hp_loss":0,"event_name":"Nest","floor":25,"gold_loss":0}],"is_beta":true,"boss_relics":[{"not_picked":["Ectoplasm","Orrery"],"picked":"Inserter"}],"items_purged_floors":[],"is_endless":false,"potions_floor_spawned":[7,8,13,16,20,23],"killed_by":"Book of Stabbing","ascension_level":1}