{"gold_per_floor":[115,125,145,155,168,168,180,211,293,293,318,352,20,34,34,130,130,144,157,174,188,287,287,287,322,322,322,322,342,362,393,393,496,496,508,521,567,567,667,696,696,725,798,830,830,841,841,858,858,858],"floor_reached":51,"playtime":3623,"items_purged":["Strike_B"],"score":878,"play_id":"0787b7f4-6c68-4c37-8714-5d5901cbdaad","local_time":"20190917152647","is_ascension_mode":true,"campfire_choices":[{"data":"Hologram","floor":6,"key":"SMITH"},{"floor":15,"key":"REST"},{"floor":23,"key":"REST"},{"floor":27,"key":"REST"},{"data":"Defragment","floor":32,"key":"SMITH"},{"floor":41,"key":"REST"},{"floor":45,"key":"RECALL"},{"floor":49,"key":"REST"}],"neow_cost":"NONE","seed_source_timestamp":98542837752600,"circlet_count":0,"master_deck":["Strike_B","Strike_B","Strike_B+1","Defend_B","Defend_B","Defend_B","Defend_B","Zap+1","Dualcast","Go for the Eyes","Streamline+1","Redo","Hologram+1","Defragment+1","Leap","Sweeping Beam","Rainbow","Stack","Echo Form","Steam","White Noise","Seek","Defragment","Turbo","Reinforced Body","Capacitor","Creative AI","BootSequence","Defragment+1","Genetic Algorithm","Undo","Amplify","Coolheaded","Loop","Steam","Fission"],"relics":["Cracked Core","Gremlin Horn","Odd Mushroom","Whetstone","InkBottle","SlaversCollar","Lizard Tail","Thread and Needle","Nloth\u0027s Gift","Anchor","Fusion Hammer","StoneCalendar","Bird Faced Urn","Toy Ornithopter","Letter Opener","Bottled Tornado","Prayer Wheel"],"potions_floor_usage":[8,11,12,13,16,20,25,29,33,33,36,37,40,42,50],"damage_taken":[{"damage":0,"enemies":"Cultist","floor":1,"turns":3},{"damage":14,"enemies":"2 Louse","floor":2,"turns":2},{"damage":2,"enemies":"Jaw Worm","floor":3,"turns":3},{"damage":0,"enemies":"Exordium Wildlife","floor":4,"turns":3},{"damage":7,"enemies":"2 Fungi Beasts","floor":5,"turns":3},{"damage":16,"enemies":"Lots of Slimes","floor":7,"turns":4},{"damage":30,"enemies":"3 Sentries","floor":8,"turns":6},{"damage":10,"enemies":"The Mushroom Lair","floor":11,"turns":3},{"damage":25,"enemies":"Gremlin Nob","floor":12,"turns":5},{"damage":3,"enemies":"Large Slime","floor":14,"turns":5},{"damage":21,"enemies":"Hexaghost","floor":16,"turns":11},{"damage":21,"enemies":"Spheric Guardian","floor":18,"turns":5},{"damage":18,"enemies":"3 Byrds","floor":19,"turns":5},{"damage":9,"enemies":"Centurion and Healer","floor":20,"turns":7},{"damage":3,"enemies":"Chosen and Byrds","floor":21,"turns":5},{"damage":0,"enemies":"Gremlin Leader","floor":25,"turns":5},{"damage":7,"enemies":"Cultist and Chosen","floor":29,"turns":5},{"damage":2,"enemies":"Snake Plant","floor":30,"turns":5},{"damage":13,"enemies":"Slavers","floor":31,"turns":5},{"damage":19,"enemies":"Collector","floor":33,"turns":10},{"damage":5,"enemies":"3 Darklings","floor":35,"turns":8},{"damage":5,"enemies":"Orb Walker","floor":36,"turns":6},{"damage":106,"enemies":"2 Orb Walkers","floor":37,"turns":8},{"damage":0,"enemies":"Mind Bloom Boss Battle","floor":39,"turns":7},{"damage":5,"enemies":"Nemesis","floor":40,"turns":7},{"damage":20,"enemies":"Reptomancer","floor":42,"turns":7},{"damage":0,"enemies":"Nemesis","floor":44,"turns":7},{"damage":0,"enemies":"Jaw Worm Horde","floor":46,"turns":7},{"damage":2,"enemies":"3 Darklings","floor":48,"turns":7},{"damage":48,"enemies":"Awakened One","floor":50,"turns":17}],"seed_played":"6930888738948055834","potions_obtained":[{"floor":5,"key":"Dexterity Potion"},{"floor":8,"key":"DuplicationPotion"},{"floor":11,"key":"Regen Potion"},{"floor":12,"key":"Explosive Potion"},{"floor":14,"key":"SpeedPotion"},{"floor":16,"key":"Strength Potion"},{"floor":19,"key":"Poison Potion"},{"floor":21,"key":"Block Potion"},{"floor":29,"key":"FairyPotion"},{"floor":30,"key":"Energy Potion"},{"floor":33,"key":"Swift Potion"},{"floor":35,"key":"Explosive Potion"},{"floor":37,"key":"SkillPotion"},{"floor":39,"key":"Weak Potion"},{"floor":44,"key":"PowerPotion"},{"floor":48,"key":"Ancient Potion"}],"is_trial":false,"path_per_floor":["M","M","M","M","M","R","M","E","T","?","?","E","$","M","R","B",null,"M","M","M","M","?","R","?","E","T","R","?","M","M","E","R","B",null,"M","M","?","?","?","E","R","E","T","E","R","M","?","M","R","B",null],"character_chosen":"DEFECT","items_purchased":["Fruit Juice","InkBottle"],"campfire_rested":5,"item_purchase_floors":[13,13],"current_hp_per_floor":[75,61,59,59,52,52,36,6,6,31,21,10,15,12,36,15,80,59,41,32,29,29,53,38,38,38,63,63,56,54,41,41,22,85,80,75,20,20,20,33,58,75,75,85,85,85,85,85,85,65],"gold":858,"neow_bonus":"UPGRADE_CARD","is_prod":false,"is_daily":false,"chose_seed":false,"campfire_upgraded":2,"win_rate":0,"timestamp":1568723207,"path_taken":["M","M","?","M","M","R","M","E","T","?","?","E","?","M","R","BOSS","M","M","M","M","?","R","?","E","T","R","?","?","M","E","R","BOSS","M","M","?","?","?","E","R","E","T","E","R","M","?","?","R","BOSS"],"build_version":"2019-09-16v2","purchased_purges":1,"victory":true,"max_hp_per_floor":[75,75,75,75,75,75,75,75,75,75,75,75,80,80,80,80,80,80,80,80,80,80,80,85,85,85,85,85,85,85,85,85,85,85,85,85,85,85,85,85,85,85,85,85,85,85,85,85,85,85],"card_choices":[{"not_picked":["Compile Driver","Double Energy"],"picked":"Go for the Eyes","floor":1},{"not_picked":["Go for the Eyes","Compile Driver"],"picked":"Streamline","floor":2},{"not_picked":["Barrage","Blizzard"],"picked":"Redo","floor":3},{"not_picked":["Blizzard","Hello World"],"picked":"Hologram","floor":4},{"not_picked":["White Noise","Rebound"],"picked":"Defragment","floor":5},{"not_picked":["Lockon","Cold Snap"],"picked":"Leap","floor":7},{"not_picked":["Hologram","Gash"],"picked":"Sweeping Beam","floor":8},{"not_picked":["Cold Snap+1","Genetic Algorithm"],"picked":"Rainbow","floor":11},{"not_picked":["Rebound+1","Blizzard+1"],"picked":"Stack","floor":12},{"not_picked":["Sweeping Beam+1","Blizzard+1","Stack"],"picked":"SKIP","floor":14},{"not_picked":["Sweeping Beam+1","Blizzard+1","Stack"],"picked":"SKIP","floor":14},{"not_picked":["Meteor Strike+1","Fission"],"picked":"Echo Form","floor":16},{"not_picked":["Tempest","Go for the Eyes+1"],"picked":"Steam","floor":18},{"not_picked":["Sweeping Beam+1","Chill+1"],"picked":"Cold Snap+1","floor":19},{"not_picked":["Hello World","BootSequence"],"picked":"White Noise","floor":20},{"not_picked":["Go for the Eyes+1","Leap"],"picked":"Seek","floor":21},{"not_picked":["Beam Cell+1","Chaos"],"picked":"Defragment","floor":25},{"not_picked":["Lockon","Barrage"],"picked":"Turbo","floor":29},{"not_picked":["Redo","Streamline"],"picked":"Reinforced Body","floor":30},{"not_picked":["Cold Snap","Aggregate"],"picked":"Capacitor","floor":31},{"not_picked":["Amplify","Multi-Cast"],"picked":"Creative AI","floor":33},{"not_picked":["Hologram+1","Redo+1"],"picked":"BootSequence","floor":35},{"not_picked":["Sweeping Beam","Ball Lightning+1"],"picked":"Defragment+1","floor":36},{"not_picked":["Consume","Rebound+1"],"picked":"Genetic Algorithm","floor":39},{"not_picked":["Self Repair","Sweeping Beam+1"],"picked":"Undo","floor":40},{"not_picked":["Sweeping Beam","Beam Cell+1"],"picked":"Amplify","floor":42},{"not_picked":["Hyperbeam","Barrage"],"picked":"Coolheaded","floor":44},{"not_picked":["Sweeping Beam+1","Cold Snap+1"],"picked":"Loop","floor":46},{"not_picked":["Fusion+1","Sweeping Beam"],"picked":"Steam","floor":46},{"not_picked":["Gash","Reinforced Body"],"picked":"Fission","floor":48},{"not_picked":["Rip and Tear","Rebound","Hyperbeam"],"picked":"SKIP","floor":48}],"player_experience":289683,"relics_obtained":[{"floor":8,"key":"Gremlin Horn"},{"floor":9,"key":"Molten Egg 2"},{"floor":11,"key":"Odd Mushroom"},{"floor":12,"key":"Whetstone"},{"floor":25,"key":"Lizard Tail"},{"floor":26,"key":"Thread and Needle"},{"floor":31,"key":"Anchor"},{"floor":37,"key":"StoneCalendar"},{"floor":39,"key":"Bird Faced Urn"},{"floor":40,"key":"Toy Ornithopter"},{"floor":42,"key":"Letter Opener"},{"floor":43,"key":"Bottled Tornado"},{"floor":44,"key":"Prayer Wheel"}],"event_choices":[{"damage_healed":25,"gold_gain":0,"player_choice":"Banana","damage_taken":0,"max_hp_gain":0,"max_hp_loss":0,"event_name":"Big Fish","floor":10,"gold_loss":0},{"damage_healed":0,"gold_gain":0,"player_choice":"Fought Mushrooms","damage_taken":0,"max_hp_gain":0,"max_hp_loss":0,"event_name":"Mushrooms","floor":11,"gold_loss":0},{"damage_healed":0,"gold_gain":99,"player_choice":"Stole From Cult","damage_taken":0,"max_hp_gain":0,"max_hp_loss":0,"event_name":"Nest","floor":22,"gold_loss":0},{"damage_healed":0,"gold_gain":0,"player_choice":"Shed Blood","damage_taken":20,"max_hp_gain":5,"max_hp_loss":0,"event_name":"Forgotten Altar","floor":24,"gold_loss":0},{"damage_healed":0,"gold_gain":0,"player_choice":"Traded Relic","damage_taken":0,"relics_obtained":["Nloth\u0027s Gift"],"max_hp_gain":0,"max_hp_loss":0,"event_name":"N\u0027loth","floor":28,"relics_lost":["Molten Egg 2"],"gold_loss":0},{"damage_healed":0,"gold_gain":0,"player_choice":"Fight","damage_taken":0,"max_hp_gain":0,"max_hp_loss":0,"event_name":"Mysterious Sphere","floor":37,"gold_loss":0},{"damage_healed":0,"gold_gain":0,"player_choice":"Ignored","damage_taken":0,"max_hp_gain":0,"max_hp_loss":0,"event_name":"Tomb of Lord Red Mask","floor":38,"gold_loss":0},{"damage_healed":0,"gold_gain":0,"player_choice":"Fight","damage_taken":0,"max_hp_gain":0,"max_hp_loss":0,"event_name":"MindBloom","floor":39,"gold_loss":0},{"cards_removed":["Cold Snap"],"damage_healed":0,"gold_gain":0,"player_choice":"Removed Attack","damage_taken":0,"max_hp_gain":0,"max_hp_loss":0,"event_name":"Falling","floor":47,"gold_loss":0}],"is_beta":true,"boss_relics":[{"not_picked":["Astrolabe","Calling Bell"],"picked":"SlaversCollar"},{"not_picked":["Runic Pyramid","Tiny House"],"picked":"Fusion Hammer"}],"items_purged_floors":[13],"is_endless":false,"potions_floor_spawned":[5,8,11,12,14,16,19,21,29,30,33,35,37,39,44,48],"ascension_level":1}