{"gold_per_floor":[114,127,144,164,134,134,163,14,14,14],"floor_reached":10,"playtime":436,"items_purged":[],"score":71,"play_id":"794be7c4-585d-4b07-9270-3a9cc27aaef3","local_time":"20190217192957","is_ascension_mode":true,"campfire_choices":[{"data":"Zap","floor":6,"key":"SMITH"}],"neow_cost":"NONE","seed_source_timestamp":376574676900538,"circlet_count":0,"master_deck":["Strike_B","Strike_B","Strike_B","Defend_B","Defend_B","Defend_B","Defend_B","Zap+1","Dualcast","White Noise","Coolheaded","Capacitor","Streamline","BootSequence","Fission","Dramatic Entrance"],"relics":["Cracked Core","Shuriken","Bottled Lightning"],"potions_floor_usage":[7,7,10,10],"damage_taken":[{"damage":6,"enemies":"Jaw Worm","floor":1,"turns":4},{"damage":0,"enemies":"Cultist","floor":2,"turns":4},{"damage":0,"enemies":"Small Slimes","floor":3,"turns":3},{"damage":17,"enemies":"3 Louse","floor":4,"turns":5},{"damage":68,"enemies":"Gremlin Nob","floor":7,"turns":6},{"damage":7,"enemies":"Lagavulin","floor":10,"turns":6}],"seed_played":"8840629076936378062","potions_obtained":[{"floor":4,"key":"SteroidPotion"},{"floor":5,"key":"Regen Potion"},{"floor":5,"key":"Regen Potion"},{"floor":7,"key":"Poison Potion"}],"is_trial":false,"path_per_floor":["M","M","M","M","?","R","E","$","T","E"],"character_chosen":"DEFECT","items_purchased":["SkillPotion","Dramatic Entrance"],"campfire_rested":0,"item_purchase_floors":[8,8],"current_hp_per_floor":[69,69,69,52,52,52,3,3,3,0],"gold":14,"neow_bonus":"TRANSFORM_CARD","is_prod":false,"is_daily":false,"chose_seed":false,"campfire_upgraded":1,"win_rate":0,"timestamp":1550420997,"path_taken":["M","M","M","M","?","R","E","$","T","E"],"build_version":"2019-02-06","purchased_purges":0,"victory":false,"max_hp_per_floor":[75,75,75,75,75,75,75,75,75,75],"card_choices":[{"not_picked":["Rebound","Lockon"],"picked":"Coolheaded","floor":1},{"not_picked":["Redo","Heatsinks"],"picked":"Capacitor","floor":2},{"not_picked":["Gash","Coolheaded"],"picked":"Streamline","floor":3},{"not_picked":["Rip and Tear","Redo"],"picked":"BootSequence","floor":4},{"not_picked":["Ball Lightning","Chaos"],"picked":"Fission","floor":7}],"player_experience":1152232,"relics_obtained":[{"floor":7,"key":"Shuriken"},{"floor":9,"key":"Bottled Lightning"}],"event_choices":[{"damage_healed":0,"gold_gain":0,"player_choice":"Bought 2 Potions","damage_taken":0,"max_hp_gain":0,"max_hp_loss":0,"event_name":"The Woman in Blue","floor":5,"gold_loss":0}],"is_beta":true,"boss_relics":[],"items_purged_floors":[],"is_endless":false,"potions_floor_spawned":[4,7],"killed_by":"Lagavulin","ascension_level":1}