{"path_per_floor":["M","?","?","M","?","R","?","M","T","M","M","R","E","M","R"],"character_chosen":"DEFECT","items_purchased":[],"gold_per_floor":[13,13,13,26,26,26,26,43,67,78,96,96,125,137,137,238],"floor_reached":16,"campfire_rested":0,"playtime":487,"item_purchase_floors":[],"current_hp_per_floor":[75,60,60,58,58,58,58,58,58,55,55,55,44,39,39,26],"items_purged":[],"gold":238,"score":152,"play_id":"6746e1e5-1e6b-4c56-8636-834ee0c36456","local_time":"20180616021022","is_prod":false,"is_daily":false,"chose_seed":false,"is_ascension_mode":false,"campfire_upgraded":3,"win_rate":0,"timestamp":1529104222,"campfire_choices":[{"data":"Dualcast","floor":6,"key":"SMITH"},{"data":"Chaos","floor":12,"key":"SMITH"},{"data":"Go for the Eyes","floor":15,"key":"SMITH"}],"path_taken":["M","?","?","M","?","R","?","M","T","M","?","R","E","M","R","BOSS"],"build_version":"2018-06-14v2","seed_source_timestamp":59187619691962,"purchased_purges":0,"victory":false,"master_deck":["Strike_B+1","Strike_B+1","Strike_B","Strike_B","Defend_B","Defend_B","Defend_B","Defend_B","Zap+1","Dualcast+1","Steam","Leap","Chaos+1","Go for the Eyes+1","Sweeping Beam","Turbo","Hologram+1","Cold Snap","Meteor Strike"],"max_hp_per_floor":[75,75,75,75,75,75,75,75,75,75,75,75,75,75,75,75],"relics":["Cracked Core","DataDisk","Toxic Egg 2"],"card_choices":[{"not_picked":["Fission","Hyperbeam"],"picked":"Amplify","floor":0},{"not_picked":["Chaos","Reinforced Body"],"picked":"Steam","floor":1},{"not_picked":["Barrage","Coolheaded"],"picked":"Leap","floor":4},{"not_picked":["Ball Lightning","Aggregate"],"picked":"Go for the Eyes","floor":8},{"not_picked":["Stack","Heatsinks"],"picked":"Sweeping Beam","floor":10},{"not_picked":["Sweeping Beam","Steam"],"picked":"Turbo","floor":11},{"not_picked":["Sweeping Beam","Rainbow"],"picked":"Hologram","floor":13},{"not_picked":["Fusion+1","Steam+1"],"picked":"Cold Snap","floor":14},{"not_picked":["Amplify+1","Seek+1"],"picked":"Meteor Strike","floor":16}],"player_experience":521522,"potions_floor_usage":[16],"damage_taken":[{"damage":0,"enemies":"Cultist","floor":1,"turns":3},{"damage":2,"enemies":"Small Slimes","floor":4,"turns":2},{"damage":0,"enemies":"Jaw Worm","floor":8,"turns":4},{"damage":3,"enemies":"2 Fungi Beasts","floor":10,"turns":3},{"damage":0,"enemies":"Exordium Wildlife","floor":11,"turns":2},{"damage":11,"enemies":"Lagavulin","floor":13,"turns":5},{"damage":5,"enemies":"Looter","floor":14,"turns":3},{"damage":13,"enemies":"The Guardian","floor":16,"turns":11}],"relics_obtained":[{"floor":9,"key":"DataDisk"},{"floor":13,"key":"Toxic Egg 2"}],"event_choices":[{"event_name":"Shining Light","player_choice":"Entered Light","floor":2,"damage_taken":0},{"event_name":"The Cleric","player_choice":"Leave","floor":3,"damage_taken":0},{"event_name":"Upgrade Shrine","player_choice":"Upgraded","floor":5,"damage_taken":0},{"event_name":"Transmorgrifier","player_choice":"Transform","floor":7,"damage_taken":0}],"boss_relics":[],"items_purged_floors":[],"is_endless":true,"potions_floor_spawned":[8,13],"seed_played":"-6720647758013427669","killed_by":"The Guardian","ascension_level":0,"potions_obtained":[{"floor":8,"key":"Block Potion"},{"floor":13,"key":"Strength Potion"}],"is_trial":false}