{"gold_per_floor":[114,129,144,159,174,204,204,219,219,219,234,409,457,472,472,572,572,587,687,702,717,732,732,732],"floor_reached":24,"playtime":1645,"items_purged":[],"score":279,"play_id":"00d856f2-af2b-4905-a5cf-bd2d36bb5a97","local_time":"20190923003633","daily_mods":["Specialized","Time Dilation","Binary"],"is_ascension_mode":false,"campfire_choices":[{"data":"Uppercut","floor":7,"key":"SMITH"},{"data":"Feel No Pain","floor":10,"key":"SMITH"},{"floor":15,"key":"REST"},{"data":"Second Wind","floor":23,"key":"SMITH"}],"neow_cost":"","seed_source_timestamp":0,"circlet_count":0,"master_deck":["Strike_R","Strike_R","Strike_R","Strike_R","Strike_R","Defend_R","Defend_R","Defend_R","Defend_R","Bash","Immolate","Immolate","Immolate","Immolate","Immolate","Feel No Pain+1","Twin Strike","Warcry","Pummel","Shrug It Off","Uppercut+1","Intimidate","Burning Pact","Doubt","Anger","Rampage","Demon Form","Sword Boomerang","Intimidate","Armaments","Second Wind+1"],"special_seed":18161,"relics":["Burning Blood","Blood Vial","Ornamental Fan","Du-Vu Doll","Coffee Dripper"],"potions_floor_usage":[16],"damage_taken":[{"damage":0,"enemies":"2 Louse","floor":1,"turns":1},{"damage":6,"enemies":"Jaw Worm","floor":2,"turns":2},{"damage":0,"enemies":"Cultist","floor":3,"turns":2},{"damage":0,"enemies":"Gremlin Gang","floor":4,"turns":1},{"damage":0,"enemies":"2 Fungi Beasts","floor":5,"turns":2},{"damage":1,"enemies":"3 Sentries","floor":6,"turns":2},{"damage":2,"enemies":"Blue Slaver","floor":8,"turns":3},{"damage":0,"enemies":"Gremlin Gang","floor":11,"turns":1},{"damage":24,"enemies":"Gremlin Nob","floor":13,"turns":4},{"damage":6,"enemies":"3 Louse","floor":14,"turns":3},{"damage":0,"enemies":"Slime Boss","floor":16,"turns":5},{"damage":17,"enemies":"Shell Parasite","floor":18,"turns":3},{"damage":10,"enemies":"2 Thieves","floor":20,"turns":2},{"damage":39,"enemies":"Shelled Parasite and Fungi","floor":21,"turns":5},{"damage":32,"enemies":"Snake Plant","floor":22,"turns":3},{"damage":14,"enemies":"Slavers","floor":24,"turns":1}],"seed_played":"1459882736131412764","potions_obtained":[{"floor":3,"key":"Block Potion"},{"floor":8,"key":"AttackPotion"},{"floor":13,"key":"PowerPotion"},{"floor":14,"key":"Block Potion"},{"floor":16,"key":"SteroidPotion"},{"floor":20,"key":"SpeedPotion"}],"is_trial":false,"path_per_floor":["M","M","M","M","M","E","R","M","T","R","M","?","?","M","R","B",null,"M","?","M","M","M","R","E"],"character_chosen":"IRONCLAD","items_purchased":[],"campfire_rested":1,"item_purchase_floors":[],"current_hp_per_floor":[80,80,80,80,80,80,80,80,80,80,80,80,62,64,80,80,80,69,69,67,36,12,12,0],"gold":732,"neow_bonus":"","is_prod":false,"is_daily":true,"chose_seed":false,"campfire_upgraded":3,"win_rate":0.0,"timestamp":1569191793,"path_taken":["M","M","M","M","M","E","R","M","T","R","M","?","?","M","R","BOSS","M","?","?","M","?","R","E"],"build_version":"2019-07-05","purchased_purges":0,"victory":false,"max_hp_per_floor":[80,80,80,80,80,80,80,80,80,80,80,80,80,80,80,80,80,80,80,80,80,80,80,80],"card_choices":[{"not_picked":["Anger"],"picked":"Feel No Pain","floor":1},{"not_picked":["Thunderclap"],"picked":"Twin Strike","floor":2},{"not_picked":["Wild Strike"],"picked":"Warcry","floor":3},{"not_picked":["Sever Soul"],"picked":"Pummel","floor":4},{"not_picked":["Infernal Blade"],"picked":"Shrug It Off","floor":5},{"not_picked":["Armaments"],"picked":"Uppercut","floor":6},{"not_picked":["Headbutt"],"picked":"Intimidate","floor":8},{"not_picked":["Disarm"],"picked":"Burning Pact","floor":11},{"not_picked":["Cleave"],"picked":"Anger","floor":13},{"not_picked":["Pommel Strike"],"picked":"Rampage","floor":14},{"not_picked":["Barricade"],"picked":"Demon Form","floor":16},{"not_picked":["Reckless Charge"],"picked":"Sword Boomerang","floor":18},{"not_picked":["True Grit"],"picked":"Intimidate","floor":20},{"not_picked":["Headbutt"],"picked":"Armaments","floor":21},{"not_picked":["Warcry"],"picked":"Second Wind","floor":22}],"player_experience":13685,"relics_obtained":[{"floor":6,"key":"Blood Vial"},{"floor":9,"key":"Ornamental Fan"},{"floor":13,"key":"Du-Vu Doll"}],"event_choices":[{"damage_healed":0,"gold_gain":175,"player_choice":"AGREE","damage_taken":0,"max_hp_gain":0,"max_hp_loss":0,"event_name":"Liars Game","floor":12,"gold_loss":0,"cards_obtained":["Doubt"]},{"damage_healed":0,"gold_gain":30,"player_choice":"Searched \u00272\u0027 times","damage_taken":0,"max_hp_gain":0,"max_hp_loss":0,"event_name":"Dead Adventurer","floor":13,"gold_loss":0},{"damage_healed":0,"gold_gain":100,"player_choice":"Pray","damage_taken":0,"max_hp_gain":0,"max_hp_loss":0,"event_name":"Golden Shrine","floor":19,"gold_loss":0}],"is_beta":false,"boss_relics":[{"not_picked":["Cursed Key","Pandora\u0027s Box"],"picked":"Coffee Dripper"}],"items_purged_floors":[],"is_endless":false,"potions_floor_spawned":[3,8,13,14,16,20],"killed_by":"Slavers","ascension_level":0}