{"gold_per_floor":[116,116,116,128,1,1,18,33,33,33,33,33,66,82,82,182,232,249,324,424,438,438,438,451,451,451,451,486,486,486,506,506,601,601,618,618,618,633,10,10,24,24,51,62,75,87,87,98,98,98],"floor_reached":51,"playtime":2713,"items_purged":["Defend_B","Strike_B"],"score":692,"play_id":"260b2bd6-570a-4c48-b277-2317c04aa354","local_time":"20180923193130","is_ascension_mode":false,"campfire_choices":[{"data":"Zap","floor":6,"key":"SMITH"},{"data":"Beam Cell","floor":10,"key":"SMITH"},{"data":"Dualcast","floor":12,"key":"SMITH"},{"floor":15,"key":"DIG"},{"data":"Streamline","floor":23,"key":"SMITH"},{"data":"RitualDagger","floor":25,"key":"SMITH"},{"floor":27,"key":"DIG"},{"floor":29,"key":"DIG"},{"floor":32,"key":"REST"},{"floor":40,"key":"DIG"},{"data":"Buffer","floor":42,"key":"SMITH"},{"floor":47,"key":"DIG"},{"data":"Echo Form","floor":49,"key":"SMITH"}],"neow_cost":"CURSE","seed_source_timestamp":477510369158,"circlet_count":0,"master_deck":["Strike_B","Strike_B","Strike_B","Defend_B","Defend_B","Defend_B","Zap+1","Dualcast+1","Auto Shields","Streamline+1","Steam","Turbo+1","Beam Cell+1","Rebound","Coolheaded","Seek","Stack","Conserve Battery","Coolheaded+1","Melter","RitualDagger+1","Cold Snap+1","Barrage+1","Darkness+1","Seek","Flash of Steel","Madness","Madness","Ball Lightning","Cold Snap+1","Defragment+1","Steam","Gash","Gash+1","Buffer+1","Redo+1","Defragment+1","Redo+1","Ball Lightning+1","Conserve Battery+1","BootSequence+1","Capacitor+1","Echo Form+1"],"relics":["Cracked Core","Shovel","Pear","Torii","Mercury Hourglass","Meat on the Bone","Tiny House","StoneCalendar","Darkstone Periapt","Centennial Puzzle","Gambling Chip","FossilizedHelix","Boot","Eternal Feather","Prayer Wheel","Symbiotic Virus","Toolbox","Pen Nib","Oddly Smooth Stone"],"potions_floor_usage":[20,20,20,28,33,37,50,50],"damage_taken":[{"damage":2,"enemies":"Jaw Worm","floor":1,"turns":5},{"damage":0,"enemies":"Small Slimes","floor":4,"turns":3},{"damage":0,"enemies":"2 Louse","floor":7,"turns":2},{"damage":0,"enemies":"Exordium Wildlife","floor":8,"turns":3},{"damage":24,"enemies":"3 Sentries","floor":13,"turns":8},{"damage":20,"enemies":"Exordium Thugs","floor":14,"turns":3},{"damage":2,"enemies":"Slime Boss","floor":16,"turns":9},{"damage":0,"enemies":"Chosen","floor":18,"turns":4},{"damage":22,"enemies":"Colosseum Slavers","floor":20,"turns":4},{"damage":30,"enemies":"Colosseum Nobs","floor":20,"turns":5},{"damage":20,"enemies":"3 Byrds","floor":21,"turns":4},{"damage":0,"enemies":"Cultist and Chosen","floor":24,"turns":6},{"damage":19,"enemies":"Slavers","floor":28,"turns":5},{"damage":0,"enemies":"Centurion and Healer","floor":31,"turns":5},{"damage":28,"enemies":"Collector","floor":33,"turns":8},{"damage":19,"enemies":"3 Darklings","floor":35,"turns":7},{"damage":6,"enemies":"Mind Bloom Boss Battle","floor":37,"turns":6},{"damage":11,"enemies":"Orb Walker","floor":38,"turns":3},{"damage":0,"enemies":"Transient","floor":41,"turns":5},{"damage":19,"enemies":"Maw","floor":44,"turns":6},{"damage":0,"enemies":"Sphere and 2 Shapes","floor":45,"turns":3},{"damage":0,"enemies":"3 Darklings","floor":46,"turns":4},{"damage":0,"enemies":"Jaw Worm Horde","floor":48,"turns":3},{"damage":44,"enemies":"Donu and Deca","floor":50,"turns":7}],"seed_played":"5344768711153701813","potions_obtained":[{"floor":1,"key":"SteroidPotion"},{"floor":13,"key":"Dexterity Potion"},{"floor":16,"key":"Weak Potion"},{"floor":17,"key":"FocusPotion"},{"floor":18,"key":"Strength Potion"},{"floor":24,"key":"PowerPotion"},{"floor":31,"key":"Explosive Potion"},{"floor":33,"key":"Energy Potion"},{"floor":35,"key":"Strength Potion"},{"floor":38,"key":"Poison Potion"},{"floor":45,"key":"Explosive Potion"},{"floor":48,"key":"Energy Potion"}],"is_trial":false,"path_per_floor":["M","?","T","M","$","R","M","M","T","R","$","R","E","M","R","B",null,"M","?","?","M","?","R","M","R","T","R","E","R","?","M","R","B",null,"M","?","?","M","$","R","M","R","T","M","M","M","R","M","R","B"],"character_chosen":"DEFECT","items_purchased":["Steam","Symbiotic Virus","Toolbox","Steam","Gash"],"campfire_rested":1,"item_purchase_floors":[5,39,39,39,39],"current_hp_per_floor":[73,66,76,76,76,76,76,76,76,76,76,76,52,32,32,42,90,90,81,41,33,27,27,39,39,39,39,32,32,14,26,54,38,95,76,66,60,49,49,67,67,88,88,69,69,69,93,93,95,51],"gold":98,"neow_bonus":"ONE_RARE_RELIC","is_prod":false,"is_daily":false,"chose_seed":false,"campfire_upgraded":7,"win_rate":0,"timestamp":1537720290,"path_taken":["M","?","?","M","$","R","?","M","T","R","?","R","E","M","R","BOSS","M","?","?","M","?","R","M","R","T","R","E","R","?","M","R","BOSS","M","?","?","?","$","R","M","R","T","?","M","M","R","M","R","BOSS"],"build_version":"2018-09-20","purchased_purges":2,"victory":true,"max_hp_per_floor":[75,75,85,85,85,85,85,85,85,85,85,85,85,85,85,85,90,90,90,90,90,90,90,90,90,90,90,90,90,95,95,95,95,95,95,95,95,95,95,95,95,95,95,95,95,95,95,95,95,95],"card_choices":[{"not_picked":["Stack","Sweeping Beam"],"picked":"Auto Shields","floor":1},{"not_picked":["Beam Cell","Skim"],"picked":"Streamline","floor":4},{"not_picked":["Melter","Chaos"],"picked":"Turbo","floor":7},{"not_picked":["Gash","Stack"],"picked":"Beam Cell","floor":8},{"not_picked":["Double Energy","Force Field"],"picked":"Rebound","floor":13},{"not_picked":["Force Field","Chill"],"picked":"Coolheaded","floor":14},{"not_picked":["Machine Learning","Thunder Strike"],"picked":"Seek","floor":16},{"not_picked":["Beam Cell","Lockon"],"picked":"Stack","floor":17},{"not_picked":["Stack","Darkness"],"picked":"Conserve Battery","floor":18},{"not_picked":["Chill","Chaos"],"picked":"Coolheaded+1","floor":20},{"not_picked":["Sweeping Beam","Leap"],"picked":"Melter","floor":21},{"not_picked":["Coolheaded","Gash"],"picked":"Cold Snap+1","floor":24},{"not_picked":["Thunder Strike","Compile Driver"],"picked":"Barrage+1","floor":28},{"not_picked":["Compile Driver","Stack"],"picked":"Darkness+1","floor":31},{"not_picked":["Fission","Thunder Strike"],"picked":"Seek","floor":33},{"not_picked":["Sweeping Beam","Coolheaded","Beam Cell"],"picked":"SKIP","floor":35},{"not_picked":["Dramatic Entrance","Bandage Up"],"picked":"Flash of Steel","floor":36},{"not_picked":["HandOfGreed","Purity"],"picked":"Madness","floor":36},{"not_picked":["Dark Shackles","Bandage Up"],"picked":"Madness","floor":36},{"not_picked":["Coolheaded","Cold Snap+1"],"picked":"Ball Lightning","floor":37},{"not_picked":["Turbo","Stack"],"picked":"Cold Snap+1","floor":38},{"not_picked":["Stack+1","Gash+1"],"picked":"Defragment+1","floor":38},{"not_picked":["Scrape+1","Leap"],"picked":"Gash+1","floor":41},{"not_picked":["Compile Driver+1","Streamline+1"],"picked":"Buffer","floor":41},{"not_picked":["Lockon+1","BootSequence"],"picked":"Redo+1","floor":44},{"not_picked":["Recycle+1","Hello World+1"],"picked":"Defragment+1","floor":44},{"not_picked":["Steam Power","Chaos"],"picked":"Redo+1","floor":45},{"not_picked":["Redo","Cold Snap"],"picked":"Ball Lightning+1","floor":45},{"not_picked":["Steam","Storm+1"],"picked":"Conserve Battery+1","floor":46},{"not_picked":["Fusion","Sunder"],"picked":"BootSequence+1","floor":46},{"not_picked":["Storm+1","Conserve Battery"],"picked":"Capacitor+1","floor":48},{"not_picked":["Redo","Cold Snap"],"picked":"Echo Form","floor":48}],"player_experience":711103,"relics_obtained":[{"floor":3,"key":"Pear"},{"floor":9,"key":"Torii"},{"floor":13,"key":"Mercury Hourglass"},{"floor":15,"key":"Meat on the Bone"},{"floor":20,"key":"StoneCalendar"},{"floor":20,"key":"Darkstone Periapt"},{"floor":26,"key":"Centennial Puzzle"},{"floor":27,"key":"Gambling Chip"},{"floor":28,"key":"FossilizedHelix"},{"floor":29,"key":"Boot"},{"floor":37,"key":"Prayer Wheel"},{"floor":40,"key":"Pen Nib"},{"floor":43,"key":"Oddly Smooth Stone"}],"event_choices":[{"event_name":"Golden Wing","player_choice":"Card Removal","floor":2,"damage_taken":0},{"event_name":"FaceTrader","player_choice":"Touch","floor":19,"damage_taken":0},{"event_name":"Colosseum","player_choice":"Fight","floor":20,"damage_taken":0},{"event_name":"Colosseum","player_choice":"Fought Nobs","floor":20,"damage_taken":0},{"event_name":"Nest","player_choice":"Joined the Cult","floor":22,"damage_taken":0},{"event_name":"Forgotten Altar","player_choice":"Shed Blood","floor":30,"damage_taken":0},{"event_name":"SensoryStone","player_choice":"Memory 3","floor":36,"damage_taken":0},{"event_name":"MindBloom","player_choice":"Fight","floor":37,"damage_taken":0}],"is_beta":true,"boss_relics":[{"not_picked":["Busted Crown","Empty Cage"],"picked":"Tiny House"},{"not_picked":["Runic Pyramid","Nuclear Battery"],"picked":"Eternal Feather"}],"items_purged_floors":[5,39],"is_endless":false,"potions_floor_spawned":[1,13,16,18,20,24,31,33,35,38,45,48],"ascension_level":0}