{"gold_per_floor":[116,116,41,41,54,66,66,66,66,43,72,89,89,109,109,204,204,217,217,237,237,251,251,251],"floor_reached":24,"playtime":1649,"items_purged":["Pain"],"score":196,"play_id":"cc9d602e-6965-49fb-b4ef-8203b533ce8e","local_time":"20181003143356","is_ascension_mode":false,"campfire_choices":[{"data":"Hyperbeam","floor":7,"key":"SMITH"},{"data":"Hologram","floor":13,"key":"SMITH"},{"data":"Hologram","floor":15,"key":"SMITH"},{"floor":23,"key":"REST"}],"neow_cost":"CURSE","seed_source_timestamp":847718745884004,"circlet_count":0,"master_deck":["Strike_B","Strike_B","Strike_B+1","Defend_B","Defend_B","Defend_B","Defend_B","Zap","Dualcast","Gash+1","Hologram+1","Go for the Eyes","Hologram+1","Steam","Heatsinks","Seek","Creative AI","Aggregate+1","Streamline","Rebound","Core Surge","Leap+1"],"relics":["Cracked Core","Art of War","Matryoshka","PreservedInsect","Runic Dome"],"potions_floor_usage":[24],"damage_taken":[{"damage":2,"enemies":"Cultist","floor":1,"turns":2},{"damage":11,"enemies":"Jaw Worm","floor":5,"turns":2},{"damage":0,"enemies":"Small Slimes","floor":6,"turns":3},{"damage":5,"enemies":"Gremlin Nob","floor":11,"turns":3},{"damage":3,"enemies":"Gremlin Gang","floor":12,"turns":3},{"damage":0,"enemies":"Lots of Slimes","floor":14,"turns":2},{"damage":31,"enemies":"Hexaghost","floor":16,"turns":11},{"damage":20,"enemies":"3 Byrds","floor":18,"turns":4},{"damage":25,"enemies":"2 Thieves","floor":20,"turns":3},{"damage":28,"enemies":"Snecko","floor":22,"turns":5},{"damage":43,"enemies":"Gremlin Leader","floor":24,"turns":4}],"seed_played":"5400240991661706363","potions_obtained":[{"floor":1,"key":"SteroidPotion"},{"floor":5,"key":"Weak Potion"},{"floor":6,"key":"SmokeBomb"},{"floor":16,"key":"Regen Potion"}],"is_trial":false,"path_per_floor":["M","?","$","T","M","M","R","?","T","$","E","M","R","M","R","B",null,"M","?","M","?","M","R"],"character_chosen":"DEFECT","items_purchased":["Hologram"],"campfire_rested":1,"item_purchase_floors":[10],"current_hp_per_floor":[73,58,58,58,47,47,47,47,47,47,42,39,39,39,39,8,75,55,55,30,30,2,24,0],"gold":251,"neow_bonus":"THREE_RARE_CARDS","is_prod":false,"is_daily":false,"chose_seed":false,"campfire_upgraded":3,"win_rate":0,"timestamp":1538566436,"path_taken":["M","?","?","?","M","M","R","?","T","$","E","?","R","M","R","BOSS","M","?","M","?","M","R","E"],"build_version":"2018-10-02","purchased_purges":1,"victory":false,"max_hp_per_floor":[75,75,75,75,75,75,75,75,75,75,75,75,75,75,75,75,75,75,75,75,75,75,75,75],"card_choices":[{"not_picked":["Amplify","Seek"],"picked":"Hyperbeam","floor":0},{"not_picked":["Go for the Eyes","Redo"],"picked":"Gash","floor":1},{"not_picked":["Turbo","Sweeping Beam"],"picked":"Hologram","floor":5},{"not_picked":["Steam","Turbo"],"picked":"Go for the Eyes","floor":6},{"not_picked":["Genetic Algorithm","Rebound"],"picked":"Steam","floor":11},{"not_picked":["Consume","Coolheaded"],"picked":"Heatsinks","floor":12},{"not_picked":["Compile Driver","Steam"],"picked":"Seek","floor":14},{"not_picked":["Meteor Strike","Core Surge"],"picked":"Creative AI","floor":16},{"not_picked":["Doom and Gloom+1","Leap"],"picked":"Aggregate+1","floor":18},{"not_picked":["Streamline","Ball Lightning+1"],"picked":"Rebound","floor":20},{"not_picked":["Cold Snap","Meteor Strike"],"picked":"Leap+1","floor":22}],"player_experience":734229,"relics_obtained":[{"floor":4,"key":"Art of War"},{"floor":9,"key":"Matryoshka"},{"floor":11,"key":"PreservedInsect"}],"event_choices":[{"event_name":"Shining Light","player_choice":"Entered Light","floor":2,"damage_taken":0},{"event_name":"Bonfire Elementals","player_choice":"BASIC","floor":8,"damage_taken":0},{"event_name":"The Library","player_choice":"Read","floor":19,"damage_taken":0},{"event_name":"Transmorgrifier","player_choice":"Transform","floor":21,"damage_taken":0}],"is_beta":true,"boss_relics":[{"not_picked":["FrozenCore","Lizard Tail"],"picked":"Runic Dome"}],"items_purged_floors":[3],"is_endless":false,"potions_floor_spawned":[1,5,6,16],"killed_by":"Gremlin Leader","ascension_level":0}