{"gold_per_floor":[116,133,150,164,183,218,218,218],"floor_reached":8,"playtime":310,"items_purged":[],"score":63,"play_id":"74cbed0e-c3b9-4758-aef9-4808fc82c967","local_time":"20190210025441","is_ascension_mode":true,"campfire_choices":[{"data":"Fission","floor":7,"key":"SMITH"}],"neow_cost":"NONE","seed_source_timestamp":1147554220084858,"circlet_count":0,"master_deck":["Strike_B","Strike_B","Strike_B","Strike_B","Defend_B","Defend_B","Defend_B","Defend_B","Zap","Dualcast","Ball Lightning","Gash","Beam Cell","Sweeping Beam","Auto Shields","Fission+1","strawberrySpire:Compressor"],"relics":["Cracked Core","Torii"],"potions_floor_usage":[],"damage_taken":[{"damage":0,"enemies":"Cultist","floor":1,"turns":2},{"damage":2,"enemies":"Small Slimes","floor":2,"turns":2},{"damage":0,"enemies":"2 Louse","floor":3,"turns":2},{"damage":6,"enemies":"2 Fungi Beasts","floor":4,"turns":3},{"damage":12,"enemies":"Blue Slaver","floor":5,"turns":3},{"damage":27,"enemies":"3 Sentries","floor":6,"turns":6},{"damage":31,"enemies":"Lagavulin","floor":8,"turns":3}],"seed_played":"4775064236179065262","potions_obtained":[{"floor":1,"key":"LiquidBronze"},{"floor":2,"key":"Dexterity Potion"},{"floor":4,"key":"FearPotion"}],"is_trial":false,"path_per_floor":["M","M","M","M","M","E","R","E"],"character_chosen":"DEFECT","items_purchased":[],"campfire_rested":0,"item_purchase_floors":[],"current_hp_per_floor":[75,73,73,67,55,28,28,0],"gold":218,"neow_bonus":"THREE_CARDS","is_prod":false,"is_daily":false,"chose_seed":false,"campfire_upgraded":1,"win_rate":0,"timestamp":1549756481,"path_taken":["M","?","M","M","M","E","R","E"],"build_version":"2019-02-06","purchased_purges":0,"victory":false,"max_hp_per_floor":[75,75,75,75,75,75,75,75],"card_choices":[{"not_picked":["Undo","Rebound"],"picked":"Ball Lightning","floor":0},{"not_picked":["Chaos","strawberrySpire:NeonFlight"],"picked":"Gash","floor":1},{"not_picked":["Rebound","Barrage"],"picked":"Beam Cell","floor":2},{"not_picked":["Turbo","FTL"],"picked":"Sweeping Beam","floor":3},{"not_picked":["strawberrySpire:NeonFlight","Leap"],"picked":"Auto Shields","floor":4},{"not_picked":["Compile Driver","Leap"],"picked":"Fission","floor":5},{"not_picked":["Skim","Self Repair"],"picked":"strawberrySpire:Compressor","floor":6}],"player_experience":1135530,"relics_obtained":[{"floor":6,"key":"Torii"}],"event_choices":[],"is_beta":true,"boss_relics":[],"items_purged_floors":[],"is_endless":false,"potions_floor_spawned":[1,2,4,5],"killed_by":"Lagavulin","ascension_level":1}