{"gold_per_floor":[117,128,128,14,14,14,37,37,37,37,37,37,60,76,76,205,205,218,238,313,336,336,336,352,383,383,298,322,322,1,42,42,167,167,183,183,5,29,5,5,5,5,29,29,44,68,68,86,86,86],"floor_reached":50,"playtime":3006,"items_purged":["Strike_G"],"score":522,"play_id":"8512e159-eba0-4b0c-b8f3-2f90662957f8","local_time":"20180921141539","is_ascension_mode":false,"campfire_choices":[{"data":"Choke","floor":6,"key":"SMITH"},{"data":"Riddle With Holes","floor":10,"key":"SMITH"},{"data":"Neutralize","floor":12,"key":"SMITH"},{"data":"Calculated Gamble","floor":15,"key":"SMITH"},{"data":"Bullet Time","floor":23,"key":"SMITH"},{"floor":29,"key":"REST"},{"data":"Adrenaline","floor":32,"key":"SMITH"},{"data":"Cloak And Dagger","floor":40,"key":"SMITH"},{"data":"After Image","floor":44,"key":"SMITH"},{"floor":49,"key":"REST"}],"neow_cost":"NONE","seed_source_timestamp":675721526826848,"circlet_count":0,"master_deck":["Defend_G","Defend_G","Defend_G","Defend_G","Defend_G","Strike_G","Strike_G","Survivor","Neutralize+1","Choke+1","Escape Plan","Riddle With Holes+1","Slice","Prepared","Calculated Gamble+1","Bullet Time+1","Heel Hook","Dagger Throw+1","Reflex+1","Cloak And Dagger+1","Riddle With Holes+1","Leg Sweep+1","Skewer+1","Panacea","Adrenaline+1","After Image+1","Dash+1","Underhanded Strike","PiercingWail","Slice","Blade Dance","Normality","Slice+1","Wraith Form v2","Transmutation","Metamorphosis","Metamorphosis","Escape Plan","Blur+1"],"relics":["Ring of the Snake","Golden Idol","Pocketwatch","Runic Pyramid","Ancient Tea Set","Dream Catcher","Gremlin Horn","Membership Card","Oddly Smooth Stone","Bag of Preparation","Cursed Key","Ice Cream","Bag of Marbles"],"potions_floor_usage":[16,16,19,22,25,31,50],"damage_taken":[{"damage":0,"enemies":"Small Slimes","floor":1,"turns":4},{"damage":0,"enemies":"2 Louse","floor":2,"turns":3},{"damage":3,"enemies":"Jaw Worm","floor":7,"turns":3},{"damage":9,"enemies":"Exordium Thugs","floor":13,"turns":3},{"damage":0,"enemies":"Large Slime","floor":14,"turns":4},{"damage":18,"enemies":"Hexaghost","floor":16,"turns":6},{"damage":1,"enemies":"Chosen","floor":18,"turns":3},{"damage":0,"enemies":"Spheric Guardian","floor":19,"turns":3},{"damage":6,"enemies":"Centurion and Healer","floor":21,"turns":5},{"damage":0,"enemies":"Snake Plant","floor":22,"turns":1},{"damage":4,"enemies":"Snecko","floor":24,"turns":4},{"damage":6,"enemies":"Book of Stabbing","floor":25,"turns":6},{"damage":22,"enemies":"Shelled Parasite and Fungi","floor":28,"turns":4},{"damage":18,"enemies":"Slavers","floor":31,"turns":5},{"damage":46,"enemies":"Collector","floor":33,"turns":11},{"damage":3,"enemies":"3 Darklings","floor":35,"turns":4},{"damage":0,"enemies":"3 Shapes","floor":38,"turns":2},{"damage":5,"enemies":"Maw","floor":45,"turns":6},{"damage":39,"enemies":"4 Shapes","floor":46,"turns":5},{"damage":0,"enemies":"Transient","floor":48,"turns":5},{"damage":43,"enemies":"Awakened One","floor":50,"turns":19}],"seed_played":"7438355162570299175","potions_obtained":[{"floor":1,"key":"Strength Potion"},{"floor":11,"key":"AttackPotion"},{"floor":11,"key":"Regen Potion"},{"floor":16,"key":"AttackPotion"},{"floor":19,"key":"SmokeBomb"},{"floor":24,"key":"GhostInAJar"},{"floor":45,"key":"EssenceOfSteel"}],"is_trial":false,"path_per_floor":["M","M","?","$","$","R","M","?","T","R","?","R","M","M","R","B",null,"M","M","?","M","M","R","M","E","T","?","M","R","$","E","R","B",null,"M","?","$","M","$","R","?","$","T","R","M","M","?","M","R"],"character_chosen":"THE_SILENT","items_purchased":["Riddle With Holes","Membership Card","Oddly Smooth Stone","Panacea","Ice Cream","Underhanded Strike","PiercingWail","Blade Dance"],"campfire_rested":2,"item_purchase_floors":[4,30,30,30,37,37,37,39],"current_hp_per_floor":[77,77,58,58,58,58,55,55,55,55,55,55,46,46,46,28,77,76,76,69,63,63,63,59,53,53,53,31,54,54,50,50,4,77,74,74,74,74,74,74,74,74,74,74,69,30,20,20,43,0],"gold":86,"neow_bonus":"TEN_PERCENT_HP_BONUS","is_prod":false,"is_daily":false,"chose_seed":false,"campfire_upgraded":8,"win_rate":0,"timestamp":1537528539,"path_taken":["M","M","?","?","$","R","M","?","T","R","?","R","M","M","R","BOSS","M","M","?","M","M","R","M","E","T","?","M","R","?","E","R","BOSS","M","?","?","M","?","R","?","$","T","R","M","?","?","?","R","BOSS"],"build_version":"2018-09-20","purchased_purges":1,"victory":false,"max_hp_per_floor":[77,77,77,77,77,77,77,77,77,77,77,77,77,77,77,77,77,77,77,77,77,77,77,77,77,77,77,77,77,77,77,77,77,77,77,77,77,77,77,77,77,77,77,77,77,77,77,77,77,77],"card_choices":[{"not_picked":["Leg Sweep","Bane"],"picked":"Choke","floor":1},{"not_picked":["Underhanded Strike","Crippling Poison"],"picked":"Escape Plan","floor":2},{"not_picked":["Caltrops","PiercingWail"],"picked":"Slice","floor":7},{"not_picked":["Expertise","PiercingWail"],"picked":"Prepared","floor":13},{"not_picked":["Heel Hook","Outmaneuver"],"picked":"Calculated Gamble","floor":14},{"not_picked":["Malaise","Adrenaline"],"picked":"Bullet Time","floor":16},{"not_picked":["Underhanded Strike","Poisoned Stab"],"picked":"Heel Hook","floor":18},{"not_picked":["Bouncing Flask","Sucker Punch+1"],"picked":"Dagger Throw+1","floor":19},{"not_picked":["Deadly Poison","Dagger Throw"],"picked":"Reflex+1","floor":21},{"not_picked":["Bane","Footwork"],"picked":"Cloak And Dagger","floor":24},{"not_picked":["Poisoned Stab","Well Laid Plans"],"picked":"Riddle With Holes+1","floor":25},{"not_picked":["Dagger Spray","Dagger Throw+1"],"picked":"Leg Sweep+1","floor":28},{"not_picked":["Masterful Stab","Slice"],"picked":"Skewer+1","floor":29},{"not_picked":["Deflect+1","Blur"],"picked":"Adrenaline","floor":31},{"not_picked":["Malaise","Die Die Die"],"picked":"After Image","floor":33},{"not_picked":["Deadly Poison+1","Blade Dance"],"picked":"Dash+1","floor":35},{"not_picked":["Bane+1","Sucker Punch+1"],"picked":"Slice","floor":38},{"not_picked":["Bouncing Flask+1","Dodge and Roll"],"picked":"Slice+1","floor":45},{"not_picked":["Deadly Poison","PiercingWail"],"picked":"Wraith Form v2","floor":46},{"not_picked":["Purity","PanicButton"],"picked":"Transmutation","floor":47},{"not_picked":["HandOfGreed","Mind Blast"],"picked":"Metamorphosis","floor":47},{"not_picked":["Trip","Swift Strike"],"picked":"Metamorphosis","floor":47},{"not_picked":["Poisoned Stab+1","Dagger Throw+1"],"picked":"Escape Plan","floor":48},{"not_picked":["Dagger Throw","Poisoned Stab"],"picked":"Blur+1","floor":49}],"player_experience":704996,"relics_obtained":[{"floor":9,"key":"Pocketwatch"},{"floor":25,"key":"Ancient Tea Set"},{"floor":26,"key":"Dream Catcher"},{"floor":31,"key":"Bag of Preparation"},{"floor":43,"key":"Bag of Marbles"}],"event_choices":[{"event_name":"Golden Idol","player_choice":"Take Damage","floor":3,"damage_taken":0},{"event_name":"Purifier","player_choice":"One Purge","floor":8,"damage_taken":0},{"event_name":"The Lab","player_choice":"Got Potions","floor":11,"damage_taken":0},{"event_name":"FaceTrader","player_choice":"Touch","floor":20,"damage_taken":0},{"event_name":"Addict","player_choice":"Obtained Relic","floor":27,"damage_taken":0},{"event_name":"Tomb of Lord Red Mask","player_choice":"Ignored","floor":36,"damage_taken":0},{"event_name":"Falling","player_choice":"Removed Attack","floor":41,"damage_taken":0},{"event_name":"SensoryStone","player_choice":"Memory 3","floor":47,"damage_taken":0}],"is_beta":true,"boss_relics":[{"not_picked":["Snecko Eye","White Beast Statue"],"picked":"Runic Pyramid"},{"not_picked":["Philosopher\u0027s Stone","Eternal Feather"],"picked":"Cursed Key"}],"items_purged_floors":[4],"is_endless":false,"potions_floor_spawned":[1,13,16,19,22,24,45],"killed_by":"Awakened One","ascension_level":0}