{"gold_per_floor":[115,115,190,46,46,84,84,100,149,182,247,247,247,281,281,404,404,428,428,88,88,88,131,131,175,246,246,259,5,25,49,49,177,177,193,193,13,13,29,72,4,4,4,4,69,69,112,131,131,131],"floor_reached":51,"playtime":2505,"items_purged":["Strike_G"],"score":1176,"play_id":"12058ccf-66ef-4331-867b-a21ae60c3400","local_time":"20190525014714","is_ascension_mode":true,"campfire_choices":[{"data":"Well Laid Plans","floor":7,"key":"SMITH"},{"data":"Crippling Poison","floor":13,"key":"SMITH"},{"data":"Dodge and Roll","floor":15,"key":"SMITH"},{"data":"Glass Knife","floor":24,"key":"SMITH"},{"data":"Malaise","floor":32,"key":"SMITH"},{"data":"Envenom","floor":42,"key":"SMITH"},{"data":"Footwork","floor":44,"key":"SMITH"},{"data":"1","floor":49,"key":"LIFT"}],"neow_cost":"","seed_source_timestamp":175657077984712,"circlet_count":0,"master_deck":["Defend_G","Defend_G+1","Defend_G","Defend_G","Defend_G+1","Strike_G","Strike_G","Survivor","Neutralize","Well Laid Plans+1","Leg Sweep","Infinite Blades","Dodge and Roll+1","Dagger Throw","All Out Attack","Crippling Poison+1","Unload","Heel Hook","Calculated Gamble","Flying Knee","Backstab","Glass Knife+1","Deadly Poison+1","Flash of Steel","Cloak And Dagger+1","Blade Dance","Dash","Cloak And Dagger","Finisher","Backflip","Envenom+1","Backstab","Footwork+1","Iron Wave","Masterful Stab","Blade Dance+1","Noxious Fumes","Dodge and Roll+1"],"relics":["Ring of the Snake","OrangePellets","Pen Nib","Nunchaku","Golden Idol","Mango","Snake Skull","Vajra","War Paint","Bag of Preparation","Coffee Dripper","theJungle:BirthdayCake","Kunai","Shovel","Orichalcum","Blue Candle","Blood Vial","Membership Card","Philosopher\u0027s Stone","Toxic Egg 2","Ginger","Sundial","Girya","Gremlin Horn"],"potions_floor_usage":[16,23,33,45,50,50,50],"damage_taken":[{"damage":0,"enemies":"Cultist","floor":1,"turns":5},{"damage":5,"enemies":"Lagavulin","floor":6,"turns":9},{"damage":1,"enemies":"Small Slimes","floor":8,"turns":3},{"damage":16,"enemies":"3 Sentries","floor":10,"turns":6},{"damage":1,"enemies":"3 Sentries","floor":11,"turns":7},{"damage":0,"enemies":"Lagavulin","floor":14,"turns":6},{"damage":8,"enemies":"Hexaghost","floor":16,"turns":8},{"damage":12,"enemies":"Shell Parasite","floor":18,"turns":4},{"damage":10,"enemies":"theJungle:2_Phrogs","floor":23,"turns":5},{"damage":2,"enemies":"theJungle:Cassacara","floor":25,"turns":5},{"damage":0,"enemies":"theJungle:Flameango_and_Byrd","floor":28,"turns":3},{"damage":0,"enemies":"theJungle:JungleHuntersEncounter","floor":30,"turns":5},{"damage":0,"enemies":"theJungle:Lyon","floor":31,"turns":2},{"damage":1,"enemies":"theJungle:QueenSpyder","floor":33,"turns":6},{"damage":5,"enemies":"3 Shapes","floor":35,"turns":2},{"damage":0,"enemies":"Orb Walker","floor":39,"turns":3},{"damage":2,"enemies":"Giant Head","floor":40,"turns":6},{"damage":0,"enemies":"2 Orb Walkers","floor":45,"turns":4},{"damage":0,"enemies":"Reptomancer","floor":47,"turns":5},{"damage":0,"enemies":"Sphere and 2 Shapes","floor":48,"turns":3},{"damage":97,"enemies":"Time Eater","floor":50,"turns":8}],"seed_played":"335068386893191225","potions_obtained":[{"floor":10,"key":"Poison Potion"},{"floor":11,"key":"Weak Potion"},{"floor":28,"key":"Regen Potion"},{"floor":30,"key":"FairyPotion"},{"floor":31,"key":"Block Potion"},{"floor":33,"key":"PowerPotion"},{"floor":39,"key":"Regen Potion"},{"floor":40,"key":"Strength Potion"},{"floor":45,"key":"PowerPotion"}],"is_trial":false,"path_per_floor":["M","?","?","$","$","E","R","M","T","E","?","?","R","E","R","B",null,"M","?","$","?","?","E","R","E","T","T","M","$","M","M","R","B",null,"M","?","$","?","M","E","$","R","T","R","?","?","E","M","R","B",null],"character_chosen":"THE_SILENT","items_purchased":["OrangePellets","Well Laid Plans","Pen Nib","Nunchaku","Leg Sweep","Infinite Blades","Dodge and Roll","Dagger Throw","Crippling Poison","Kunai","Flash of Steel","Membership Card","Dash","Cloak And Dagger","Backstab","Footwork","Toxic Egg 2","Blade Dance+1","Noxious Fumes"],"campfire_rested":0,"item_purchase_floors":[0,0,0,0,0,0,0,0,4,20,20,29,29,29,37,37,37,41,41],"current_hp_per_floor":[70,53,42,42,42,51,51,50,50,34,33,38,38,38,38,30,89,77,97,97,87,89,79,79,77,77,77,79,79,81,83,83,99,109,104,104,104,104,106,106,106,106,106,106,108,108,109,109,109,12],"gold":131,"neow_bonus":"","is_prod":false,"is_daily":false,"chose_seed":false,"campfire_upgraded":7,"win_rate":0,"timestamp":1558738034,"path_taken":["M","?","?","?","$","E","R","?","T","E","?","?","R","E","R","BOSS","M","?","$","?","?","E","R","E","T","?","M","?","M","?","R","BOSS","M","?","?","?","?","E","$","R","T","R","?","?","E","M","R","BOSS"],"build_version":"2019-01-23","purchased_purges":1,"victory":true,"max_hp_per_floor":[70,70,70,70,70,84,84,84,84,84,84,89,89,89,89,89,89,89,109,109,109,109,109,109,109,109,109,109,109,109,109,109,109,109,109,109,109,109,109,109,109,109,109,109,109,109,109,109,109,109],"card_choices":[{"not_picked":["Outmaneuver","Expertise"],"picked":"All Out Attack","floor":1},{"not_picked":["Catalyst","Unload","Expertise"],"picked":"SKIP","floor":6},{"not_picked":["Catalyst","Expertise"],"picked":"Unload","floor":6},{"not_picked":["Poisoned Stab","Acrobatics"],"picked":"Heel Hook","floor":8},{"not_picked":["Quick Slash","Acrobatics"],"picked":"Calculated Gamble","floor":10},{"not_picked":["Dodge and Roll","Expertise"],"picked":"Flying Knee","floor":11},{"not_picked":["Dagger Throw","Deflect"],"picked":"Backstab","floor":14},{"not_picked":["Unload","Wraith Form v2"],"picked":"Glass Knife","floor":16},{"not_picked":["Underhanded Strike","Quick Slash"],"picked":"Deadly Poison+1","floor":18},{"not_picked":["Blade Dance+1","Reflex"],"picked":"Cloak And Dagger+1","floor":23},{"not_picked":["Sucker Punch","Outmaneuver"],"picked":"Malaise","floor":25},{"not_picked":["Underhanded Strike+1","Flying Knee+1"],"picked":"Blade Dance","floor":28},{"not_picked":["Backflip","Underhanded Strike"],"picked":"Finisher","floor":30},{"not_picked":["Deadly Poison","Quick Slash"],"picked":"Backflip","floor":31},{"not_picked":["A Thousand Cuts","Phantasmal Killer"],"picked":"Envenom","floor":33},{"not_picked":["Eviscerate+1","Poisoned Stab","Outmaneuver"],"picked":"SKIP","floor":35},{"not_picked":["Acrobatics+1","Dagger Throw"],"picked":"Masterful Stab","floor":39},{"not_picked":["Setup+1","Outmaneuver+1","Dagger Spray"],"picked":"SKIP","floor":40},{"not_picked":["Terror+1","Caltrops"],"picked":"Dodge and Roll+1","floor":45},{"not_picked":["Deadly Poison+1","Flying Knee","Outmaneuver+1"],"picked":"SKIP","floor":47},{"not_picked":["Slice","Sucker Punch+1","Doppelganger+1"],"picked":"SKIP","floor":48}],"player_experience":151782,"relics_obtained":[{"floor":6,"key":"Mango"},{"floor":9,"key":"Snake Skull"},{"floor":10,"key":"Vajra"},{"floor":14,"key":"Bag of Preparation"},{"floor":23,"key":"Shovel"},{"floor":25,"key":"Orichalcum"},{"floor":26,"key":"Blue Candle"},{"floor":27,"key":"Blood Vial"},{"floor":40,"key":"Ginger"},{"floor":43,"key":"Sundial"},{"floor":45,"key":"Girya"},{"floor":47,"key":"Gremlin Horn"}],"event_choices":[{"damage_healed":0,"gold_gain":0,"player_choice":"Take Damage","damage_taken":17,"relics_obtained":["Golden Idol"],"max_hp_gain":0,"max_hp_loss":0,"event_name":"Golden Idol","floor":2,"gold_loss":0},{"damage_healed":0,"gold_gain":75,"player_choice":"Gather Gold","damage_taken":11,"max_hp_gain":0,"max_hp_loss":0,"event_name":"World of Goop","floor":3,"gold_loss":0},{"damage_healed":0,"gold_gain":30,"player_choice":"Searched \u00273\u0027 times","damage_taken":0,"relics_obtained":["War Paint"],"max_hp_gain":0,"max_hp_loss":0,"event_name":"Dead Adventurer","floor":11,"gold_loss":0},{"damage_healed":0,"gold_gain":0,"player_choice":"Donut","damage_taken":0,"max_hp_gain":5,"max_hp_loss":0,"event_name":"Big Fish","floor":12,"gold_loss":0},{"damage_healed":0,"gold_gain":0,"player_choice":"Ignored","damage_taken":0,"max_hp_gain":0,"max_hp_loss":0,"event_name":"SecretPortal","floor":36,"gold_loss":0},{"cards_removed":["Malaise"],"damage_healed":0,"gold_gain":0,"player_choice":"Took Card","damage_taken":0,"max_hp_gain":0,"max_hp_loss":0,"event_name":"NoteForYourself","floor":38,"gold_loss":0,"cards_obtained":["Iron Wave"]},{"damage_healed":0,"gold_gain":0,"player_choice":"Fight","damage_taken":0,"max_hp_gain":0,"max_hp_loss":0,"event_name":"Mysterious Sphere","floor":45,"gold_loss":0},{"cards_removed":["Strike_G"],"damage_healed":0,"gold_gain":0,"player_choice":"Removed Attack","damage_taken":0,"max_hp_gain":0,"max_hp_loss":0,"event_name":"Falling","floor":46,"gold_loss":0}],"is_beta":false,"boss_relics":[{"not_picked":["energizedSpire:RedRose","energizedSpire:SpiderWeb"],"picked":"Coffee Dripper"},{"not_picked":["Ectoplasm","Lizard Tail"],"picked":"Philosopher\u0027s Stone"}],"items_purged_floors":[4],"is_endless":false,"potions_floor_spawned":[10,11,28,30,31,33,39,40,45,47],"ascension_level":1}