{"gold_per_floor":[116,126,126,142,142,142,156,169,222,238,256,273,273,287,287,392,392,412,36,55,74,74],"floor_reached":22,"playtime":3109,"items_purged":[],"score":184,"play_id":"cdc53682-4400-4c84-a952-98f59162a311","local_time":"20190922170555","is_ascension_mode":false,"campfire_choices":[{"data":"Deflect","floor":6,"key":"SMITH"},{"floor":13,"key":"REST"},{"data":"Deadly Poison","floor":15,"key":"SMITH"}],"neow_cost":"NONE","seed_source_timestamp":1920202703200,"circlet_count":0,"master_deck":["Strike_G","Strike_G","Strike_G","Strike_G","Strike_G","Defend_G","Defend_G","Defend_G","Defend_G","Defend_G","Survivor","Neutralize","Deflect+1","Underhanded Strike+1","Acrobatics","Flying Knee","Deadly Poison+1","Acrobatics","Deflect","PiercingWail","Reflex","Well Laid Plans","Bullet Time","Escape Plan","PiercingWail","Deflect","Sucker Punch","Backflip"],"relics":["Ring of the Snake","NeowsBlessing","CultistMask","Dream Catcher","Fusion Hammer","Vajra","PreservedInsect"],"potions_floor_usage":[16,16,16,21],"damage_taken":[{"damage":0,"enemies":"Cultist","floor":1,"turns":1},{"damage":0,"enemies":"Small Slimes","floor":2,"turns":2},{"damage":0,"enemies":"Jaw Worm","floor":4,"turns":1},{"damage":0,"enemies":"Red Slaver","floor":7,"turns":3},{"damage":19,"enemies":"Large Slime","floor":8,"turns":11},{"damage":0,"enemies":"3 Louse","floor":10,"turns":3},{"damage":0,"enemies":"Looter","floor":11,"turns":3},{"damage":1,"enemies":"2 Fungi Beasts","floor":12,"turns":3},{"damage":6,"enemies":"Exordium Thugs","floor":14,"turns":4},{"damage":28,"enemies":"Hexaghost","floor":16,"turns":9},{"damage":9,"enemies":"Chosen","floor":18,"turns":6},{"damage":32,"enemies":"3 Byrds","floor":20,"turns":8},{"damage":22,"enemies":"Snecko","floor":21,"turns":8},{"damage":11,"enemies":"Centurion and Healer","floor":22,"turns":2}],"seed_played":"5221468684402262772","potions_obtained":[{"floor":2,"key":"Poison Potion"},{"floor":7,"key":"Strength Potion"},{"floor":10,"key":"FearPotion"},{"floor":11,"key":"EssenceOfSteel"},{"floor":18,"key":"Weak Potion"}],"is_trial":false,"path_per_floor":["M","M","?","M","?","R","M","M","T","M","M","M","R","M","R","B",null,"M","$","M","M","M"],"character_chosen":"THE_SILENT","items_purchased":["Vajra","PiercingWail","Deflect","PreservedInsect"],"campfire_rested":1,"item_purchase_floors":[19,19,19,19],"current_hp_per_floor":[70,70,70,70,70,70,70,51,51,51,51,50,70,64,64,36,70,61,61,29,7,0],"gold":74,"neow_bonus":"THREE_ENEMY_KILL","is_prod":false,"is_daily":false,"chose_seed":false,"campfire_upgraded":2,"win_rate":0.0,"timestamp":1569164755,"path_taken":["M","?","?","M","?","R","M","M","T","?","M","M","R","M","R","BOSS","M","$","M","M","M"],"build_version":"2019-07-05","purchased_purges":0,"victory":false,"max_hp_per_floor":[70,70,70,70,70,70,70,70,70,70,70,70,70,70,70,70,70,70,70,70,70,70],"card_choices":[{"not_picked":["Prepared","Infinite Blades"],"picked":"Deflect","floor":1},{"not_picked":["Dagger Throw","PiercingWail"],"picked":"Underhanded Strike","floor":2},{"not_picked":["PiercingWail","Underhanded Strike"],"picked":"Acrobatics","floor":4},{"not_picked":["Distraction","Poisoned Stab"],"picked":"Flying Knee","floor":7},{"not_picked":["Sucker Punch","Flying Knee"],"picked":"Deadly Poison","floor":8},{"not_picked":["Dagger Throw","Underhanded Strike"],"picked":"Acrobatics","floor":10},{"not_picked":["Dagger Spray","Prepared"],"picked":"Deflect","floor":11},{"not_picked":["Quick Slash","Malaise"],"picked":"PiercingWail","floor":12},{"not_picked":["Blade Dance","Slice"],"picked":"Reflex","floor":13},{"not_picked":["Dagger Throw","Finisher"],"picked":"Well Laid Plans","floor":14},{"not_picked":["Glass Knife","Die Die Die"],"picked":"Bullet Time","floor":16},{"not_picked":["Prepared","Finisher+1"],"picked":"Escape Plan","floor":18},{"not_picked":["Blade Dance","Slice+1"],"picked":"Sucker Punch","floor":20},{"not_picked":["Distraction","Die Die Die"],"picked":"Backflip","floor":21}],"player_experience":2351,"relics_obtained":[{"floor":9,"key":"Dream Catcher"}],"event_choices":[{"damage_healed":0,"gold_gain":0,"player_choice":"Grow","damage_taken":0,"max_hp_gain":0,"max_hp_loss":0,"event_name":"Living Wall","floor":3,"gold_loss":0,"cards_upgraded":["Underhanded Strike"]},{"damage_healed":0,"gold_gain":0,"player_choice":"Trade","damage_taken":0,"relics_obtained":["CultistMask"],"max_hp_gain":0,"max_hp_loss":0,"event_name":"FaceTrader","floor":5,"gold_loss":0}],"is_beta":false,"boss_relics":[{"not_picked":["Calling Bell","Black Star"],"picked":"Fusion Hammer"}],"items_purged_floors":[],"is_endless":false,"potions_floor_spawned":[2,7,10,11,14,18],"killed_by":"Centurion and Healer","ascension_level":0}