{"gold_per_floor":[110,110,123,48,22,22,49,59,132,132,152,2,17,50,50,147,147,166,193,24,24,42,42,42,42,69,69,95,95,113,1,1,96,396,407,407,190,205,223,223,323,323,375,394,414,414,414,434,434,434],"floor_reached":51,"playtime":1964,"items_purged":["Pain","Strike_R","Pain"],"score":798,"play_id":"aed6aafc-6a60-43f6-8c64-f66ce02afeb1","local_time":"20190818230905","is_ascension_mode":false,"campfire_choices":[{"data":"True Grit","floor":6.0,"key":"SMITH"},{"data":"Shockwave","floor":10.0,"key":"SMITH"},{"data":"Bash","floor":15.0,"key":"SMITH"},{"data":"Demon Form","floor":24.0,"key":"SMITH"},{"data":"Inflame","floor":29.0,"key":"SMITH"},{"data":"Heavy Blade","floor":32.0,"key":"SMITH"},{"data":"Feel No Pain","floor":40.0,"key":"SMITH"},{"data":"Metallicize","floor":42,"key":"SMITH"},{"data":"Feel No Pain","floor":46,"key":"SMITH"},{"floor":49,"key":"REST"}],"neow_cost":"TEN_PERCENT_HP_LOSS","seed_source_timestamp":0,"circlet_count":0,"master_deck":["Strike_R","Strike_R","Defend_R","Defend_R","Defend_R","Defend_R","Bash+1","Shrug It Off","Shockwave+1","True Grit+1","Clash","Power Through","Seeing Red","Shrug It Off","Wild Strike","Carnage","Metallicize+1","Dark Embrace","Seeing Red","Heavy Blade+1","Inflame+1","Shame","Pummel+1","Demon Form+1","Seeing Red","Carnage","Heavy Blade+1","Feel No Pain+1","Feel No Pain+1","Feel No Pain+1","Exhume","Decay","Parasite","Disarm","Madness","Madness","Parasite","Whirlwind+1","Shrug It Off+1","True Grit","Havoc+1","Magnetism","Good Instincts","Master of Strategy"],"special_seed":0,"relics":["Burning Blood","Charon\u0027s Ashes","WarpedTongs","Pen Nib","Bottled Flame","Shuriken","Snecko Eye","Red Mask","The Courier","PreservedInsect","Strawberry","Calling Bell","Boot","Paper Frog","Old Coin","Lantern","Nunchaku","Oddly Smooth Stone"],"potions_floor_usage":[45,50],"damage_taken":[{"damage":5.0,"enemies":"2 Louse","floor":1.0,"turns":3.0},{"damage":5.0,"enemies":"Cultist","floor":3.0,"turns":4.0},{"damage":14.0,"enemies":"Gremlin Nob","floor":7.0,"turns":5.0},{"damage":0.0,"enemies":"Jaw Worm","floor":8.0,"turns":4.0},{"damage":4.0,"enemies":"Blue Slaver","floor":11.0,"turns":4.0},{"damage":0.0,"enemies":"Large Slime","floor":13.0,"turns":4.0},{"damage":7.0,"enemies":"3 Sentries","floor":14.0,"turns":5.0},{"damage":39.0,"enemies":"The Guardian","floor":16.0,"turns":14.0},{"damage":1.0,"enemies":"3 Byrds","floor":18.0,"turns":6.0},{"damage":6.0,"enemies":"Masked Bandits","floor":19.0,"turns":2.0},{"damage":0.0,"enemies":"Spheric Guardian","floor":22.0,"turns":3.0},{"damage":7.0,"enemies":"Book of Stabbing","floor":28.0,"turns":4.0},{"damage":8.0,"enemies":"Centurion and Healer","floor":30.0,"turns":4.0},{"damage":0.0,"enemies":"Champ","floor":33.0,"turns":8.0},{"damage":5.0,"enemies":"3 Shapes","floor":35.0,"turns":9.0},{"damage":28.0,"enemies":"3 Darklings","floor":38.0,"turns":7.0},{"damage":2.0,"enemies":"Writhing Mass","floor":39.0,"turns":3.0},{"damage":0,"enemies":"Mind Bloom Boss Battle","floor":41,"turns":6},{"damage":32,"enemies":"Jaw Worm Horde","floor":44,"turns":5},{"damage":0,"enemies":"Sphere and 2 Shapes","floor":45,"turns":6},{"damage":0,"enemies":"4 Shapes","floor":48,"turns":5},{"damage":41,"enemies":"Awakened One","floor":50,"turns":13}],"seed_played":"2538271834697251670","potions_obtained":[{"floor":3.0,"key":"EssenceOfSteel"},{"floor":7.0,"key":"Ancient Potion"},{"floor":16.0,"key":"SkillPotion"},{"floor":18.0,"key":"SteroidPotion"},{"floor":22.0,"key":"SkillPotion"},{"floor":28.0,"key":"Explosive Potion"},{"floor":30.0,"key":"SkillPotion"},{"floor":38.0,"key":"Block Potion"},{"floor":48,"key":"Explosive Potion"}],"is_trial":false,"path_per_floor":["M","?","M","$","$","R","E","M","T","R","M","$","M","E","R","B",null,"M","?","$","?","M","?","R","$","T","?","E","R","M","$","R","B",null,"M","?","$","M","M","R","?","R","T","M","M","R","?","M","R","B",null],"character_chosen":"IRONCLAD","items_purchased":["True Grit","Seeing Red","Shrug It Off","Wild Strike","Inflame","Feel No Pain","Feel No Pain","Lantern"],"campfire_rested":1,"item_purchase_floors":[5,12,12,12,20,31,31,37],"current_hp_per_floor":[72,72,72,72,72,72,64,70,70,70,72,72,72,71,71,38,72,72,72,72,72,72,72,72,72,72,72,78,78,76,76,76,79,79,79,69,69,47,51,51,57,57,57,31,37,37,27,33,56,21],"gold":434,"neow_bonus":"ONE_RARE_RELIC","is_prod":false,"is_daily":false,"chose_seed":false,"campfire_upgraded":9,"win_rate":0,"timestamp":1566191345,"path_taken":["M","?","M","?","$","R","E","M","T","R","M","$","M","E","R","BOSS","M","?","$","?","M","?","R","$","T","?","E","R","?","$","R","BOSS","M","?","$","M","M","R","?","R","T","M","M","R","?","?","R","BOSS"],"build_version":"2019-07-17","purchased_purges":3,"victory":true,"max_hp_per_floor":[72,72,72,72,72,72,72,72,72,72,72,72,72,72,72,72,72,72,72,72,72,72,72,72,72,72,72,79,79,79,79,79,79,79,79,79,79,79,79,79,79,79,79,79,79,79,79,79,79,79],"card_choices":[{"not_picked":["Sword Boomerang","Pommel Strike"],"picked":"Shrug It Off","floor":1.0},{"not_picked":["Wild Strike","Body Slam"],"picked":"Shockwave","floor":3.0},{"not_picked":["Sentinel","Body Slam"],"picked":"Clash","floor":7.0},{"not_picked":["Body Slam","Dropkick","Sentinel"],"picked":"SKIP","floor":8.0},{"not_picked":["Anger","Dropkick"],"picked":"Power Through","floor":11.0},{"not_picked":["Clash","Rupture"],"picked":"Carnage","floor":13.0},{"not_picked":["Brutality","Combust"],"picked":"Metallicize","floor":14.0},{"not_picked":["Bludgeon","Impervious"],"picked":"Dark Embrace","floor":16.0},{"not_picked":["Pommel Strike","Pummel"],"picked":"Seeing Red","floor":18.0},{"not_picked":["Anger","Warcry"],"picked":"Heavy Blade+1","floor":19.0},{"not_picked":["Perfected Strike+1","Entrench"],"picked":"Pummel+1","floor":22.0},{"not_picked":["Wild Strike","Perfected Strike+1"],"picked":"Heavy Blade","floor":28.0},{"not_picked":["Uppercut","Pommel Strike"],"picked":"Feel No Pain+1","floor":30.0},{"not_picked":["Feed","Bludgeon"],"picked":"Exhume","floor":33.0},{"not_picked":["Cleave","Headbutt+1"],"picked":"Disarm","floor":35.0},{"not_picked":["Shrug It Off","Pommel Strike","Armaments+1"],"picked":"SKIP","floor":38.0},{"not_picked":["Evolve","Battle Trance"],"picked":"Whirlwind+1","floor":39.0},{"not_picked":["Double Tap","Twin Strike"],"picked":"Shrug It Off+1","floor":41},{"not_picked":["Havoc","Warcry"],"picked":"True Grit","floor":44},{"not_picked":["Shrug It Off","Flex"],"picked":"Havoc+1","floor":45},{"not_picked":["Dark Shackles","Finesse"],"picked":"Magnetism","floor":47},{"not_picked":["Metamorphosis","Mind Blast"],"picked":"Good Instincts","floor":47},{"not_picked":["Madness","Good Instincts"],"picked":"Master of Strategy","floor":47},{"not_picked":["Iron Wave","Clothesline","Pommel Strike+1"],"picked":"SKIP","floor":48}],"player_experience":1680899,"relics_obtained":[{"floor":7.0,"key":"Pen Nib"},{"floor":9.0,"key":"Bottled Flame"},{"floor":14.0,"key":"Shuriken"},{"floor":19.0,"key":"Red Mask"},{"floor":26.0,"key":"PreservedInsect"},{"floor":28.0,"key":"Strawberry"},{"floor":34.0,"key":"Boot"},{"floor":34.0,"key":"Paper Frog"},{"floor":34.0,"key":"Old Coin"},{"floor":41,"key":"Nunchaku"},{"floor":43,"key":"Oddly Smooth Stone"}],"event_choices":[{"damage_healed":0.0,"max_hp_gain":0.0,"max_hp_loss":0.0,"gold_gain":0.0,"event_name":"Accursed Blacksmith","player_choice":"Rummage","floor":2.0,"gold_loss":0.0,"damage_taken":0.0,"relics_obtained":["WarpedTongs"],"cards_obtained":["Pain"]},{"damage_healed":0.0,"max_hp_gain":0.0,"max_hp_loss":0.0,"gold_gain":0.0,"event_name":"Masked Bandits","player_choice":"Fought Bandits","floor":19.0,"gold_loss":0.0,"damage_taken":0.0},{"damage_healed":0.0,"max_hp_gain":0.0,"max_hp_loss":0.0,"gold_gain":0.0,"event_name":"Addict","player_choice":"Stole Relic","floor":21.0,"gold_loss":0.0,"damage_taken":0.0,"relics_obtained":["The Courier"],"cards_obtained":["Shame"]},{"damage_healed":0.0,"max_hp_gain":0.0,"max_hp_loss":0.0,"gold_gain":0.0,"event_name":"The Library","player_choice":"Read","floor":23.0,"gold_loss":0.0,"damage_taken":0.0,"cards_obtained":["Demon Form"]},{"damage_healed":0.0,"max_hp_gain":0.0,"max_hp_loss":0.0,"gold_gain":0.0,"cards_transformed":["Strike_R","Strike_R"],"event_name":"Drug Dealer","player_choice":"Became Test Subject","floor":27.0,"gold_loss":0.0,"damage_taken":0.0,"cards_obtained":["Seeing Red","Carnage"]},{"damage_healed":0.0,"max_hp_gain":0.0,"max_hp_loss":0.0,"gold_gain":0.0,"event_name":"Winding Halls","player_choice":"Embrace Madness","floor":36.0,"gold_loss":0.0,"damage_taken":10.0,"cards_obtained":["Madness","Madness"]},{"damage_healed":0,"gold_gain":0,"player_choice":"Fight","damage_taken":0,"max_hp_gain":0,"max_hp_loss":0,"event_name":"MindBloom","floor":41,"gold_loss":0},{"damage_healed":0,"gold_gain":0,"player_choice":"Memory 3","damage_taken":10,"max_hp_gain":0,"max_hp_loss":0,"event_name":"SensoryStone","floor":47,"gold_loss":0}],"is_beta":false,"boss_relics":[{"not_picked":["Runic Pyramid","Lizard Tail"],"picked":"Snecko Eye"},{"not_picked":["Empty Cage","Astrolabe"],"picked":"Calling Bell"}],"items_purged_floors":[4,20,37],"is_endless":false,"potions_floor_spawned":[3,7,16,18,22,28,30,38,48],"ascension_level":0}