{"gold_per_floor":[119,119,136,56,231,231,246,271,271,287,287,131,131,145,145,145],"floor_reached":16,"playtime":233,"items_purged":["Doubt"],"score":100,"play_id":"06a05965-a3c3-41cf-b2b5-5a2046b0666f","local_time":"20190915220151","is_ascension_mode":false,"campfire_choices":[{"data":"Bash","floor":6,"key":"SMITH"},{"data":"Corruption","floor":13,"key":"SMITH"},{"data":"Spot Weakness","floor":15,"key":"SMITH"}],"neow_cost":"NONE","seed_source_timestamp":11071351863703,"circlet_count":0,"master_deck":["Strike_R","Strike_R+1","Strike_R","Strike_R","Strike_R+1","Defend_R+1","Defend_R","Defend_R","Defend_R","Bash+1","Spot Weakness+1","Corruption+1","Clash+1","Berserk","Spot Weakness","Rampage"],"relics":["Burning Blood","NeowsBlessing","Red Skull","Whetstone"],"potions_floor_usage":[10,10],"damage_taken":[{"damage":0,"enemies":"Small Slimes","floor":1,"turns":1},{"damage":0,"enemies":"2 Louse","floor":3,"turns":1},{"damage":0,"enemies":"Cultist","floor":7,"turns":1},{"damage":44,"enemies":"3 Sentries","floor":8,"turns":8},{"damage":17,"enemies":"Exordium Thugs","floor":10,"turns":4},{"damage":1,"enemies":"3 Louse","floor":14,"turns":3},{"damage":0,"enemies":"The Guardian","floor":16,"turns":1}],"seed_played":"-2571745985809040973","potions_obtained":[{"floor":7,"key":"SteroidPotion"},{"floor":8,"key":"Poison Potion"},{"floor":14,"key":"Strength Potion"}],"is_trial":false,"path_per_floor":["M","?","M","$","?","R","M","E","T","M","?","$","R","M","R","B"],"character_chosen":"IRONCLAD","items_purchased":["Corruption","Rampage"],"campfire_rested":0,"item_purchase_floors":[4,12],"current_hp_per_floor":[80,85,85,85,85,85,85,47,47,36,19,19,19,24,24,24],"gold":145,"neow_bonus":"THREE_ENEMY_KILL","is_prod":false,"is_daily":false,"chose_seed":false,"campfire_upgraded":3,"win_rate":0,"timestamp":1568606511,"path_taken":["M","?","M","$","?","R","M","E","T","M","?","$","R","M","R","BOSS"],"build_version":"2019-09-12","purchased_purges":1,"victory":false,"max_hp_per_floor":[80,85,85,85,85,85,85,85,85,85,85,85,85,85,85,85],"card_choices":[{"not_picked":["Perfected Strike","Wild Strike","Body Slam"],"picked":"SKIP","floor":1},{"not_picked":["Pommel Strike","Seeing Red"],"picked":"Spot Weakness","floor":3},{"not_picked":["Burning Pact","Perfected Strike"],"picked":"Clash","floor":7},{"not_picked":["Rampage","Shrug It Off"],"picked":"Berserk","floor":8},{"not_picked":["Havoc","Metallicize"],"picked":"Spot Weakness","floor":10},{"not_picked":["Sentinel","Havoc","Warcry"],"picked":"SKIP","floor":14}],"player_experience":1536247,"relics_obtained":[{"floor":8,"key":"Red Skull"},{"floor":9,"key":"Whetstone"}],"event_choices":[{"damage_healed":0,"gold_gain":0,"player_choice":"Donut","damage_taken":0,"max_hp_gain":5,"max_hp_loss":0,"event_name":"Big Fish","floor":2,"gold_loss":0},{"damage_healed":0,"gold_gain":175,"player_choice":"AGREE","damage_taken":0,"max_hp_gain":0,"max_hp_loss":0,"event_name":"Liars Game","floor":5,"gold_loss":0,"cards_obtained":["Doubt"]},{"damage_healed":0,"gold_gain":0,"player_choice":"Entered Light","damage_taken":17,"max_hp_gain":0,"max_hp_loss":0,"event_name":"Shining Light","floor":11,"gold_loss":0,"cards_upgraded":["Strike_R","Defend_R"]}],"is_beta":true,"boss_relics":[],"items_purged_floors":[12],"is_endless":false,"potions_floor_spawned":[7,8,14],"killed_by":"The Guardian","ascension_level":0}