{"gold_per_floor":[115,115,115,127,147,179,244,277,277,277,277,306,306,331,331,426,426,436,451,451,464,488,514,514,531,531,531,562,662,679,708,708,804,804,819,819,1219,1179,1195,1195,1226,1238,1288,1288],"floor_reached":44,"playtime":4588,"items_purged":[],"score":624,"play_id":"83da8d83-bb4f-4c8a-988c-4c460597f614","local_time":"20190812210911","is_ascension_mode":true,"campfire_choices":[{"data":"Masterful Stab","floor":11,"key":"SMITH"},{"floor":13,"key":"REST"},{"floor":15,"key":"REST"},{"floor":24,"key":"REST"},{"data":"Cloak And Dagger","floor":27,"key":"SMITH"},{"data":"Bouncing Flask","floor":32,"key":"SMITH"}],"neow_cost":"NONE","seed_source_timestamp":272883708291805,"circlet_count":0,"master_deck":["Strike_G+1","Defend_G","Defend_G","Defend_G","Defend_G","Defend_G","Survivor","Neutralize","Bullet Time+1","Deflect","Slice+1","Masterful Stab+1","Well Laid Plans","Night Terror","Poisoned Stab","Escape Plan","Calculated Gamble","Flash of Steel","Dagger Spray","Cloak And Dagger+1","Predator+1","Flying Knee","PiercingWail+1","Footwork","Infinite Blades","Deflect+1","Dagger Throw+1","Bouncing Flask+1","After Image","Writhe","Deflect+1","Dodge and Roll+1","Dagger Spray+1","Madness","Madness","Wraith Form v2","Backflip"],"relics":["Ring of the Snake","Bottled Lightning","Pen Nib","Paper Crane","Mummified Hand","Darkstone Periapt","Regal Pillow","Empty Cage","Snake Skull","Dodecahedron","Unceasing Top","Calipers","Nunchaku","Pantograph","Omamori","Calling Bell","Dream Catcher","Question Card","Pocketwatch","Old Coin","Whetstone","Strawberry"],"potions_floor_usage":[8,14,28,28,29,29,29,33,33,41,41,44],"damage_taken":[{"damage":0,"enemies":"Small Slimes","floor":1,"turns":4},{"damage":0,"enemies":"2 Louse","floor":4,"turns":3},{"damage":0,"enemies":"Jaw Worm","floor":5,"turns":3},{"damage":21,"enemies":"3 Sentries","floor":6,"turns":11},{"damage":7,"enemies":"Gremlin Nob","floor":7,"turns":4},{"damage":3,"enemies":"Gremlin Nob","floor":8,"turns":3},{"damage":17,"enemies":"3 Sentries","floor":12,"turns":8},{"damage":18,"enemies":"Lagavulin","floor":14,"turns":5},{"damage":30,"enemies":"Slime Boss","floor":16,"turns":11},{"damage":3,"enemies":"Spheric Guardian","floor":18,"turns":5},{"damage":2,"enemies":"Chosen","floor":19,"turns":4},{"damage":42,"enemies":"Snake Plant","floor":21,"turns":6},{"damage":13,"enemies":"Slavers","floor":23,"turns":6},{"damage":6,"enemies":"Centurion and Healer","floor":25,"turns":6},{"damage":12,"enemies":"Book of Stabbing","floor":28,"turns":6},{"damage":0,"enemies":"Colosseum Slavers","floor":29,"turns":4},{"damage":0,"enemies":"Colosseum Nobs","floor":29,"turns":4},{"damage":0,"enemies":"Snecko","floor":30,"turns":4},{"damage":0,"enemies":"Gremlin Leader","floor":31,"turns":8},{"damage":32,"enemies":"Automaton","floor":33,"turns":9},{"damage":11,"enemies":"3 Darklings","floor":35,"turns":6},{"damage":0,"enemies":"Mind Bloom Boss Battle","floor":37,"turns":7},{"damage":7,"enemies":"3 Shapes","floor":39,"turns":5},{"damage":36,"enemies":"Reptomancer","floor":41,"turns":9},{"damage":4,"enemies":"Writhing Mass","floor":42,"turns":9},{"damage":31,"enemies":"Giant Head","floor":44,"turns":9}],"seed_played":"-2826591897805205331","potions_obtained":[{"floor":5,"key":"Dexterity Potion"},{"floor":7,"key":"SteroidPotion"},{"floor":8,"key":"Dexterity Potion"},{"floor":12,"key":"Swift Potion"},{"floor":23,"key":"EntropicBrew"},{"floor":25,"key":"GhostInAJar"},{"floor":28,"key":"EssenceOfSteel"},{"floor":38,"key":"GhostInAJar"},{"floor":38,"key":"Dexterity Potion"},{"floor":38,"key":"Fire Potion"},{"floor":39,"key":"Strength Potion"},{"floor":42,"key":"Regen Potion"}],"is_trial":false,"path_per_floor":["M","?","?","M","M","E","?","E","T","?","R","E","R","E","R","B",null,"M","M","?","M","T","E","R","M","T","R","E","?","M","E","R","B",null,"M","?","?","?","M","?","E","M","T","E"],"character_chosen":"THE_SILENT","items_purchased":[],"campfire_rested":3,"item_purchase_floors":[],"current_hp_per_floor":[70,56,56,56,56,35,28,25,25,25,25,8,29,11,47,17,70,67,65,65,23,23,10,46,40,40,40,28,28,28,28,28,21,76,65,65,76,76,69,59,23,19,26,0],"gold":1288,"neow_bonus":"ONE_RANDOM_RARE_CARD","is_prod":false,"is_daily":false,"chose_seed":false,"campfire_upgraded":3,"win_rate":0,"timestamp":1565633351,"path_taken":["M","?","?","M","M","E","?","E","T","?","R","E","R","E","R","BOSS","M","?","?","M","?","E","R","M","T","R","E","?","M","E","R","BOSS","M","?","?","?","?","?","E","M","T","E"],"build_version":"2019-07-17","purchased_purges":0,"victory":false,"max_hp_per_floor":[70,70,70,70,70,70,70,70,70,70,70,70,70,70,70,70,70,70,70,70,70,70,70,70,70,70,70,70,70,70,70,70,70,76,76,76,76,76,76,76,76,76,83,83],"card_choices":[{"not_picked":["Blur","Tactician"],"picked":"Deflect","floor":1},{"not_picked":["Sucker Punch","Endless Agony"],"picked":"Masterful Stab","floor":4},{"not_picked":["PiercingWail","Flying Knee"],"picked":"Well Laid Plans","floor":5},{"not_picked":["Crippling Poison","Masterful Stab"],"picked":"Night Terror","floor":6},{"not_picked":["Underhanded Strike","Accuracy"],"picked":"Poisoned Stab","floor":7},{"not_picked":["Masterful Stab","Acrobatics"],"picked":"Escape Plan","floor":8},{"not_picked":["Flying Knee","Quick Slash"],"picked":"Dagger Spray","floor":12},{"not_picked":["Blur","Finisher"],"picked":"Cloak And Dagger","floor":14},{"not_picked":["Backflip","Flying Knee"],"picked":"Predator","floor":18},{"not_picked":["Bane","Poisoned Stab"],"picked":"Flying Knee","floor":19},{"not_picked":["Cloak And Dagger","Prepared"],"picked":"PiercingWail+1","floor":21},{"not_picked":["Terror+1","Dagger Throw"],"picked":"Footwork","floor":23},{"not_picked":["Sucker Punch","Underhanded Strike"],"picked":"Infinite Blades","floor":25},{"not_picked":["Bane","Bullet Time","Reflex"],"picked":"SKIP","floor":28},{"not_picked":["Dagger Throw","Underhanded Strike"],"picked":"Deflect+1","floor":29},{"not_picked":["Concentrate","Slice"],"picked":"Dagger Throw+1","floor":30},{"not_picked":["Quick Slash","Leg Sweep"],"picked":"Bouncing Flask","floor":31},{"not_picked":["Night Terror","Bullet Time"],"picked":"After Image","floor":33},{"not_picked":["Dagger Throw+1","Poisoned Stab+1","Acrobatics+1"],"picked":"Deflect+1","floor":35},{"not_picked":["PiercingWail","Flechettes+1","Flying Knee"],"picked":"Dodge and Roll+1","floor":37},{"not_picked":["Flying Knee+1","Reflex","Dagger Throw+1"],"picked":"Dagger Spray+1","floor":39},{"not_picked":["Storm of Steel","Prepared","Reflex+1"],"picked":"Wraith Form v2","floor":41},{"not_picked":["Riddle With Holes","Flying Knee","Slice"],"picked":"Backflip","floor":42}],"player_experience":210868,"relics_obtained":[{"floor":6,"key":"Bottled Lightning"},{"floor":7,"key":"Pen Nib"},{"floor":8,"key":"Paper Crane"},{"floor":9,"key":"Mummified Hand"},{"floor":12,"key":"Darkstone Periapt"},{"floor":14,"key":"Regal Pillow"},{"floor":22,"key":"Snake Skull"},{"floor":23,"key":"Dodecahedron"},{"floor":26,"key":"Unceasing Top"},{"floor":28,"key":"Calipers"},{"floor":29,"key":"Nunchaku"},{"floor":29,"key":"Pantograph"},{"floor":31,"key":"Omamori"},{"floor":34,"key":"Dream Catcher"},{"floor":34,"key":"Question Card"},{"floor":34,"key":"Pocketwatch"},{"floor":37,"key":"Old Coin"},{"floor":41,"key":"Whetstone"},{"floor":43,"key":"Strawberry"}],"event_choices":[{"damage_healed":0,"gold_gain":0,"player_choice":"Entered Light","damage_taken":14,"max_hp_gain":0,"max_hp_loss":0,"event_name":"Shining Light","floor":2,"gold_loss":0,"cards_upgraded":["Strike_G","Bullet Time"]},{"damage_healed":0,"gold_gain":0,"cards_transformed":["Strike_G"],"player_choice":"Change","damage_taken":0,"max_hp_gain":0,"max_hp_loss":0,"event_name":"Living Wall","floor":3,"gold_loss":0,"cards_obtained":["Slice"]},{"damage_healed":0,"gold_gain":0,"player_choice":"Searched \u00271\u0027 times","damage_taken":0,"max_hp_gain":0,"max_hp_loss":0,"event_name":"Dead Adventurer","floor":7,"gold_loss":0},{"damage_healed":0,"gold_gain":0,"player_choice":"2 cards matched","damage_taken":0,"max_hp_gain":0,"max_hp_loss":0,"event_name":"Match and Keep!","floor":10,"gold_loss":0,"cards_obtained":["Calculated Gamble","Flash of Steel"]},{"damage_healed":0,"gold_gain":0,"player_choice":"Ignored","damage_taken":0,"max_hp_gain":0,"max_hp_loss":0,"event_name":"Vampires","floor":20,"gold_loss":0},{"damage_healed":0,"gold_gain":0,"player_choice":"Fight","damage_taken":0,"max_hp_gain":0,"max_hp_loss":0,"event_name":"Colosseum","floor":29,"gold_loss":0},{"damage_healed":0,"gold_gain":0,"player_choice":"Fought Nobs","damage_taken":0,"max_hp_gain":0,"max_hp_loss":0,"event_name":"Colosseum","floor":29,"gold_loss":0},{"cards_removed":["Strike_G"],"damage_healed":0,"gold_gain":0,"player_choice":"Removed Attack","damage_taken":0,"max_hp_gain":0,"max_hp_loss":0,"event_name":"Falling","floor":36,"gold_loss":0},{"damage_healed":0,"gold_gain":0,"player_choice":"Fight","damage_taken":0,"max_hp_gain":0,"max_hp_loss":0,"event_name":"MindBloom","floor":37,"gold_loss":0},{"damage_healed":0,"gold_gain":0,"player_choice":"Bought 3 Potions","damage_taken":0,"max_hp_gain":0,"max_hp_loss":0,"event_name":"The Woman in Blue","floor":38,"gold_loss":0},{"damage_healed":0,"gold_gain":0,"player_choice":"Embrace Madness","damage_taken":10,"max_hp_gain":0,"max_hp_loss":0,"event_name":"Winding Halls","floor":40,"gold_loss":0,"cards_obtained":["Madness","Madness"]}],"is_beta":false,"boss_relics":[{"not_picked":["Orrery","WristBlade"],"picked":"Empty Cage"},{"not_picked":["Lizard Tail","Runic Dome"],"picked":"Calling Bell"}],"items_purged_floors":[],"is_endless":false,"potions_floor_spawned":[5,7,8,12,23,25,28,29,39,42],"killed_by":"Giant Head","ascension_level":1}