{"gold_per_floor":[110,130,141,152,4,16,16,16,16,16,50,50,78,92,92,187,187,172,190,220,3,13,46,62,89,135,234,234],"floor_reached":28,"playtime":2251,"items_purged":["Strike_B"],"score":284,"play_id":"3b790b7d-ccb9-4273-8147-4062736b20e6","local_time":"20190909232446","is_ascension_mode":true,"campfire_choices":[{"data":"Hologram","floor":7,"key":"SMITH"},{"data":"Defragment","floor":10,"key":"SMITH"},{"data":"Amplify","floor":12,"key":"SMITH"},{"data":"Defragment","floor":15,"key":"SMITH"}],"neow_cost":"NONE","seed_source_timestamp":208849486962800,"circlet_count":0,"master_deck":["Defend_B","Defend_B","Defend_B","Zap","Dualcast","Defragment+1","Streamline","Ball Lightning","Glacier","Self Repair","Hologram+1","Amplify+1","Reinforced Body","Defragment+1","Thunder Strike","Rainbow+1","White Noise+1","FTL+1","Doom and Gloom","Ball Lightning+1","Loop","Go for the Eyes","White Noise","Turbo","Cold Snap","Loop","Redo+1","Creative AI"],"relics":["Cracked Core","Thread and Needle","Torii","Darkstone Periapt","Astrolabe","Tiny Chest","Omamori","Bottled Lightning","DataDisk"],"potions_floor_usage":[11,11],"damage_taken":[{"damage":5,"enemies":"Small Slimes","floor":1,"turns":4},{"damage":5,"enemies":"2 Louse","floor":2,"turns":2},{"damage":13,"enemies":"Jaw Worm","floor":3,"turns":3},{"damage":0,"enemies":"3 Louse","floor":4,"turns":3},{"damage":4,"enemies":"Blue Slaver","floor":6,"turns":4},{"damage":9,"enemies":"Gremlin Nob","floor":11,"turns":3},{"damage":29,"enemies":"Lagavulin","floor":13,"turns":5},{"damage":0,"enemies":"Looter","floor":14,"turns":4},{"damage":16,"enemies":"The Guardian","floor":16,"turns":14},{"damage":24,"enemies":"2 Thieves","floor":18,"turns":5},{"damage":0,"enemies":"Spheric Guardian","floor":19,"turns":4},{"damage":9,"enemies":"Shelled Parasite and Fungi","floor":22,"turns":4},{"damage":20,"enemies":"Book of Stabbing","floor":23,"turns":5},{"damage":9,"enemies":"Snake Plant","floor":24,"turns":9},{"damage":16,"enemies":"Gremlin Leader","floor":25,"turns":4},{"damage":58,"enemies":"Slavers","floor":28,"turns":3}],"seed_played":"4030608175930779730","potions_obtained":[{"floor":2,"key":"SteroidPotion"},{"floor":3,"key":"LiquidBronze"},{"floor":4,"key":"Ancient Potion"},{"floor":14,"key":"FocusPotion"},{"floor":18,"key":"Dexterity Potion"}],"is_trial":false,"path_per_floor":["M","M","M","M","$","M","R","?","T","R","E","R","E","M","R","B",null,"M","M","?","$","M","E","M","E","T","?","E"],"character_chosen":"DEFECT","items_purchased":["Self Repair","Loop","Go for the Eyes","White Noise","Turbo"],"campfire_rested":0,"item_purchase_floors":[5,21,21,21,21],"current_hp_per_floor":[70,65,52,52,52,55,55,55,55,55,53,53,38,45,45,43,75,58,65,65,65,63,50,55,53,53,53,0],"gold":234,"neow_bonus":"THREE_CARDS","is_prod":false,"is_daily":false,"chose_seed":false,"campfire_upgraded":4,"win_rate":0,"timestamp":1568060686,"path_taken":["M","M","M","M","$","M","R","?","T","R","E","R","E","M","R","BOSS","M","M","?","$","M","E","M","E","T","?","E"],"build_version":"2019-07-17","purchased_purges":1,"victory":false,"max_hp_per_floor":[75,75,75,75,75,75,75,75,75,75,75,75,75,75,75,75,75,75,75,75,75,75,75,75,75,75,75,75],"card_choices":[{"not_picked":["Redo","Hologram"],"picked":"Defragment","floor":0},{"not_picked":["Compile Driver","Recycle"],"picked":"Streamline","floor":1},{"not_picked":["Cold Snap","Fusion"],"picked":"Ball Lightning","floor":2},{"not_picked":["Conserve Battery","Chill"],"picked":"Glacier","floor":3},{"not_picked":["Compile Driver","Consume","Gash"],"picked":"SKIP","floor":4},{"not_picked":["Compile Driver","Turbo"],"picked":"Hologram","floor":6},{"not_picked":["Compile Driver","Redo"],"picked":"Amplify","floor":11},{"not_picked":["Meteor Strike","Consume"],"picked":"Reinforced Body","floor":13},{"not_picked":["Streamline","Heatsinks"],"picked":"Defragment","floor":14},{"not_picked":["Reboot","Rainbow"],"picked":"Thunder Strike","floor":16},{"not_picked":["Blizzard+1","Consume"],"picked":"Doom and Gloom","floor":18},{"not_picked":["Beam Cell","Steam"],"picked":"Ball Lightning+1","floor":19},{"not_picked":["Coolheaded","Go for the Eyes+1"],"picked":"Cold Snap","floor":22},{"not_picked":["Reprogram","Rip and Tear"],"picked":"Loop","floor":23},{"not_picked":["Beam Cell","Streamline"],"picked":"Redo+1","floor":24},{"not_picked":["Reinforced Body+1","Go for the Eyes"],"picked":"Creative AI","floor":25}],"player_experience":258761,"relics_obtained":[{"floor":9,"key":"Thread and Needle"},{"floor":11,"key":"Torii"},{"floor":13,"key":"Darkstone Periapt"},{"floor":23,"key":"Omamori"},{"floor":25,"key":"Bottled Lightning"},{"floor":26,"key":"DataDisk"}],"event_choices":[{"cards_removed":["Strike_B"],"damage_healed":0,"gold_gain":0,"player_choice":"Forget","damage_taken":0,"max_hp_gain":0,"max_hp_loss":0,"event_name":"Living Wall","floor":8,"gold_loss":0},{"damage_healed":0,"gold_gain":0,"player_choice":"Opened","damage_taken":0,"relics_obtained":["Tiny Chest"],"max_hp_gain":0,"max_hp_loss":0,"event_name":"The Mausoleum","floor":20,"gold_loss":0},{"damage_healed":0,"gold_gain":99,"player_choice":"Stole From Cult","damage_taken":0,"max_hp_gain":0,"max_hp_loss":0,"event_name":"Nest","floor":27,"gold_loss":0}],"is_beta":false,"boss_relics":[{"not_picked":["Ectoplasm","Empty Cage"],"picked":"Astrolabe"}],"items_purged_floors":[5],"is_endless":false,"potions_floor_spawned":[2,3,4,6,14,18,24],"killed_by":"Slavers","ascension_level":1}