{"gold_per_floor":[113,126,136,136,150,150,166,166,166,166,116,148,148,177,177,278,278,295,307,325,325,180,180,190,190,190,202,213,213,226,238,238,335,335,351,351,365,384,384,417,417,134,134,159,159,177,190,222,222,222,222,222,97,123,123],"floor_reached":56,"playtime":2261,"items_purged":["Strike_R","Strike_R","Strike_R"],"score":1375,"play_id":"a70ea2e5-1515-45aa-84dc-6db88cb41ce3","local_time":"20190805172109","is_ascension_mode":true,"campfire_choices":[{"data":"Searing Blow","floor":6.0,"key":"SMITH"},{"data":"Searing Blow+1","floor":8.0,"key":"SMITH"},{"data":"Searing Blow+2","floor":10.0,"key":"SMITH"},{"data":"Searing Blow+3","floor":13.0,"key":"SMITH"},{"data":"Searing Blow+4","floor":15.0,"key":"SMITH"},{"data":"Searing Blow+5","floor":23.0,"key":"SMITH"},{"data":"Searing Blow+6","floor":25.0,"key":"SMITH"},{"data":"Searing Blow+7","floor":29.0,"key":"SMITH"},{"data":"Searing Blow+8","floor":32.0,"key":"SMITH"},{"data":"Searing Blow+9","floor":41.0,"key":"SMITH"},{"floor":45.0,"key":"RECALL"},{"data":"Searing Blow+10","floor":49.0,"key":"SMITH"},{"data":"Searing Blow+11","floor":52.0,"key":"SMITH"}],"neow_cost":"NONE","seed_source_timestamp":0,"circlet_count":0,"master_deck":["Strike_R","Defend_R","Defend_R+1","Defend_R","Defend_R","Bash+1","Armaments","Body Slam","Searing Blow+12","Flame Barrier","Headbutt","Thunderclap","Double Tap","Offering","Armaments+1","Disarm","Malaise+1","Master of Strategy"],"special_seed":0,"relics":["Burning Blood","Matryoshka","Pantograph","Singing Bowl","Sozu","Potion Belt","Pear","Snecko Eye","Pen Nib","Bronze Scales","Ornamental Fan","Toxic Egg 2","Oddly Smooth Stone"],"potions_floor_usage":[55],"damage_taken":[{"damage":20.0,"enemies":"Jaw Worm","floor":1.0,"turns":4.0},{"damage":2.0,"enemies":"Small Slimes","floor":2.0,"turns":5.0},{"damage":6.0,"enemies":"Cultist","floor":3.0,"turns":3.0},{"damage":11.0,"enemies":"Blue Slaver","floor":5.0,"turns":3.0},{"damage":8.0,"enemies":"Red Slaver","floor":7.0,"turns":3.0},{"damage":15.0,"enemies":"3 Sentries","floor":12.0,"turns":9.0},{"damage":19.0,"enemies":"Lagavulin","floor":14.0,"turns":5.0},{"damage":13.0,"enemies":"Hexaghost","floor":16.0,"turns":7.0},{"damage":14.0,"enemies":"3 Byrds","floor":18.0,"turns":5.0},{"damage":2.0,"enemies":"Spheric Guardian","floor":19.0,"turns":3.0},{"damage":0.0,"enemies":"Centurion and Healer","floor":20.0,"turns":3.0},{"damage":0.0,"enemies":"Snecko","floor":24.0,"turns":2.0},{"damage":0.0,"enemies":"Sentry and Sphere","floor":27.0,"turns":2.0},{"damage":9.0,"enemies":"Centurion and Healer","floor":28.0,"turns":3.0},{"damage":5.0,"enemies":"Cultist and Chosen","floor":30.0,"turns":2.0},{"damage":0.0,"enemies":"Snake Plant","floor":31.0,"turns":1.0},{"damage":12.0,"enemies":"Collector","floor":33.0,"turns":5.0},{"damage":17.0,"enemies":"3 Darklings","floor":35.0,"turns":3.0},{"damage":0.0,"enemies":"Orb Walker","floor":37.0,"turns":1.0},{"damage":1.0,"enemies":"4 Shapes","floor":38.0,"turns":5.0},{"damage":47.0,"enemies":"Reptomancer","floor":40.0,"turns":6.0},{"damage":16.0,"enemies":"Nemesis","floor":44.0,"turns":3.0},{"damage":6.0,"enemies":"Maw","floor":46.0,"turns":2.0},{"damage":2.0,"enemies":"Transient","floor":47.0,"turns":5.0},{"damage":6.0,"enemies":"Giant Head","floor":48.0,"turns":3.0},{"damage":31.0,"enemies":"Donu and Deca","floor":50.0,"turns":7.0},{"damage":16,"enemies":"Shield and Spear","floor":54,"turns":3},{"damage":89,"enemies":"The Heart","floor":55,"turns":7}],"seed_played":"2181148194114311017","potions_obtained":[{"floor":2.0,"key":"SpeedPotion"},{"floor":12.0,"key":"Poison Potion"},{"floor":16.0,"key":"PowerPotion"}],"is_trial":false,"path_per_floor":["M","M","M","?","M","R","M","R","T","R","?","E","R","E","R","B",null,"M","M","M","?","$","R","M","R","T","M","M","R","M","M","R","B",null,"M","?","M","M","?","E","R","$","T","E","R","M","M","E","R","B",null,"R","$","E","B",null],"character_chosen":"IRONCLAD","items_purchased":["Offering","Master of Strategy"],"campfire_rested":0,"item_purchase_floors":[22,42],"current_hp_per_floor":[66,70,70,54,49,49,47,47,47,47,47,38,38,27,27,45,82,76,82,88,88,88,88,90,90,100,102,101,101,102,106,106,102,108,97,97,105,112,112,73,73,73,73,65,65,67,73,75,75,75,122,122,122,114,41],"gold":123,"neow_bonus":"UPGRADE_CARD","is_prod":false,"is_daily":false,"chose_seed":false,"campfire_upgraded":12,"win_rate":0,"timestamp":1565014869,"path_taken":["M","M","M","?","M","R","M","R","T","R","?","E","R","E","R","BOSS","M","M","M","?","?","R","M","R","T","M","M","R","M","M","R","BOSS","M","?","?","M","?","E","R","$","T","E","R","M","M","E","R","BOSS","R","$","E","BOSS"],"build_version":"2019-07-17","purchased_purges":3,"victory":true,"max_hp_per_floor":[80,80,80,80,80,80,80,80,80,80,80,80,80,82,82,82,82,84,86,88,88,88,88,90,90,100,102,104,104,104,106,106,108,108,108,108,110,112,112,114,114,114,114,116,116,118,120,122,122,122,122,122,122,124,124],"card_choices":[{"not_picked":["Warcry","Bloodletting"],"picked":"Armaments","floor":1.0},{"not_picked":["Twin Strike","Heavy Blade"],"picked":"Body Slam","floor":2.0},{"not_picked":["Shrug It Off","Anger"],"picked":"Searing Blow","floor":3.0},{"not_picked":["Sword Boomerang","Havoc"],"picked":"Flame Barrier","floor":5.0},{"not_picked":["Cleave","Twin Strike"],"picked":"Headbutt","floor":7.0},{"not_picked":["Combust","Cleave"],"picked":"Thunderclap","floor":12.0},{"not_picked":["Feel No Pain","Shrug It Off","Sever Soul"],"picked":"Singing Bowl","floor":14.0},{"not_picked":["Berserk","Bludgeon"],"picked":"Double Tap","floor":16.0},{"not_picked":["Warcry+1","Spot Weakness","Sword Boomerang"],"picked":"Singing Bowl","floor":18.0},{"not_picked":["Body Slam+1","True Grit","Fire Breathing"],"picked":"Singing Bowl","floor":19.0},{"not_picked":["Combust","Thunderclap","Iron Wave"],"picked":"Singing Bowl","floor":20.0},{"not_picked":["Flex","Headbutt","Spot Weakness"],"picked":"Singing Bowl","floor":24.0},{"not_picked":["Perfected Strike","Carnage+1","Body Slam+1"],"picked":"Singing Bowl","floor":27.0},{"not_picked":["Flex","Iron Wave+1","Feed"],"picked":"Singing Bowl","floor":28.0},{"not_picked":["Headbutt","Iron Wave+1"],"picked":"Armaments+1","floor":30.0},{"not_picked":["Sentinel+1","Clash","Cleave+1"],"picked":"Singing Bowl","floor":31.0},{"not_picked":["Limit Break","Feed","Bludgeon"],"picked":"Singing Bowl","floor":33.0},{"not_picked":["Burning Pact","Rage"],"picked":"Disarm","floor":35.0},{"not_picked":["Clothesline+1","Anger+1","Infernal Blade+1"],"picked":"Singing Bowl","floor":37.0},{"not_picked":["Sentinel+1","Rampage+1","Twin Strike"],"picked":"Singing Bowl","floor":38.0},{"not_picked":["Inflame","Twin Strike","Whirlwind+1"],"picked":"Singing Bowl","floor":40.0},{"not_picked":["Reckless Charge","Perfected Strike","Anger+1"],"picked":"Singing Bowl","floor":44.0},{"not_picked":["Shrug It Off","Exhume","Clash+1"],"picked":"Singing Bowl","floor":46.0},{"not_picked":["Wild Strike+1","Armaments+1","Clash"],"picked":"Singing Bowl","floor":47.0},{"not_picked":["Flame Barrier+1","Sword Boomerang","Intimidate"],"picked":"Singing Bowl","floor":48.0},{"not_picked":["Inflame+1","Body Slam","Dropkick"],"picked":"Singing Bowl","floor":54}],"player_experience":186301,"relics_obtained":[{"floor":9.0,"key":"Matryoshka"},{"floor":12.0,"key":"Pantograph"},{"floor":14.0,"key":"Singing Bowl"},{"floor":26.0,"key":"Potion Belt"},{"floor":26.0,"key":"Pear"},{"floor":40.0,"key":"Pen Nib"},{"floor":43.0,"key":"Bronze Scales"},{"floor":44.0,"key":"Ornamental Fan"},{"floor":48.0,"key":"Toxic Egg 2"},{"floor":54,"key":"Oddly Smooth Stone"}],"event_choices":[{"damage_healed":0.0,"max_hp_gain":0.0,"max_hp_loss":0.0,"gold_gain":0.0,"event_name":"Shining Light","player_choice":"Entered Light","floor":4.0,"gold_loss":0.0,"damage_taken":16.0,"cards_upgraded":["Defend_R","Strike_R"]},{"cards_removed":["Strike_R"],"damage_healed":0.0,"max_hp_gain":0.0,"max_hp_loss":0.0,"gold_gain":0.0,"event_name":"The Cleric","player_choice":"Card Removal","floor":11.0,"gold_loss":50.0,"damage_taken":0.0},{"damage_healed":0.0,"max_hp_gain":0.0,"max_hp_loss":0.0,"gold_gain":0.0,"event_name":"Duplicator","player_choice":"Copied","floor":21.0,"gold_loss":0.0,"damage_taken":0.0,"cards_obtained":["Searing Blow"]},{"cards_removed":["Searing Blow"],"damage_healed":0.0,"max_hp_gain":0.0,"max_hp_loss":0.0,"gold_gain":0.0,"event_name":"NoteForYourself","player_choice":"Took Card","floor":36.0,"gold_loss":0.0,"damage_taken":0.0,"cards_obtained":["Malaise"]},{"damage_healed":0.0,"max_hp_gain":0.0,"max_hp_loss":0.0,"gold_gain":0.0,"event_name":"Lab","player_choice":"Got Potions","floor":39.0,"gold_loss":0.0,"damage_taken":0.0}],"is_beta":false,"boss_relics":[{"not_picked":["Cursed Key","Empty Cage"],"picked":"Sozu"},{"not_picked":["Orrery","Mark of Pain"],"picked":"Snecko Eye"}],"items_purged_floors":[22,42,53],"is_endless":false,"potions_floor_spawned":[2,12,16,18,20,27,30,35,40,46,48],"ascension_level":1}