{"gold_per_floor":[421,421,596,79,103,142,208,241,241,285,324,368,407,423,423,547,547,570,53,53,53,206,240,265,299,299,339,475,520,562,600,612,727,739,766,738,927,1047,1075,1116,1158,1504,1516,1554,1566,1607,1650,1695,1707,1719,1731,1743,23,49,150],"floor_reached":56,"playtime":3246,"items_purged":["Doubt"],"score":2367,"play_id":"c17ec55f-b165-49ac-a8ce-b487cba05d65","local_time":"20190112124401","daily_mods":["SealedDeck","Shiny","Specialized","Vintage","Heirloom","Time Dilation","Flight","DeadlyEvents","Elite Swarm"],"is_ascension_mode":false,"campfire_choices":[{"data":"infinitespire:Neurotoxin","floor":15,"key":"SMITH"},{"data":"Adrenaline","floor":32,"key":"SMITH"},{"floor":45,"key":"RECALL"},{"data":"Adrenaline","floor":49,"key":"SMITH"},{"data":"strawberrySpire:KnifeParty","floor":52,"key":"SMITH"}],"neow_cost":"","seed_source_timestamp":0,"circlet_count":0,"master_deck":["Venomology","Corpse Explosion+1","strawberrySpire:KnifeParty+1","Malaise","Phantasmal Killer+1","strawberrySpire:Marathoner","strawberrySpire:Lockstep","Die Die Die","Adrenaline","Envenom","Doppelganger+1","Burst","Wraith Form v2","Tools of the Trade","Night Terror","infinitespire:Neurotoxin+1","Unload","strawberrySpire:HotShot","After Image+1","Bullet Time","Storm of Steel","Glass Knife","A Thousand Cuts","Grand Finale","Eviscerate","Eviscerate","Eviscerate","Eviscerate","Eviscerate","Cloak And Dagger","Dagger Spray","Cloak And Dagger","Cloak And Dagger","Outmaneuver","Dodge and Roll","Dagger Throw+1","Noxious Fumes","Footwork","strawberrySpire:DreamfoilDart","Injury","strawberrySpire:Dropbox","Die Die Die","Burst","Glass Knife","Adrenaline+1","Malaise+1","Cloak And Dagger","Storm of Steel+1","Night Terror+1","infinitespire:Virus","Malaise+1","Malaise+1","infinitespire:Execution","Adrenaline+1","Bullet Time+1"],"relics":["Ring of the Snake","Shovel","Happy Flower","Bloody Idol","Gremlin Horn","Oddly Smooth Stone","Bottled Lightning","Tiny Chest","Letter Opener","Pear","Ancient Tea Set","Centennial Puzzle","strawberrySpire:PoopsieRoll","strawberrySpire:ShipInABottle","infinitespire:BottledMercury","Black Star","infinitespire:Beetle Shell","Molten Egg 2","HandDrill","Sundial","Boot","Question Card","infinitespire:Lychee Nut","Bronze Scales","strawberrySpire:ElefentMask","strawberrySpire:KineticCharger","MawBank","Blue Candle","Pantograph","infinitespire:WardingShard","strawberrySpire:StillNotAdequateHouse","Singing Bowl","strawberrySpire:ByrdBeak","Thread and Needle","Pen Nib","Mercury Hourglass","War Paint","Eternal Feather","Orichalcum","Darkstone Periapt","Anchor","strawberrySpire:Treaders","Smiling Mask","Ninja Scroll","Incense Burner","Mummified Hand","infinitespire:FocusingShard","Regal Pillow","Old Coin","infinitespire:Satchel","The Courier","infinitespire:ShieldingShard","Meat on the Bone","Potion Belt","Mango","Strawberry","Bottled Tornado","TheAbacus","Dead Branch","Vajra","strawberrySpire:MawJerky","infinitespire:Joker Card","Lantern","Tingsha","Bag of Marbles","Ice Cream","Ornamental Fan","Du-Vu Doll","strawberrySpire:TinySteamboat"],"potions_floor_usage":[6,6,7,7,8,8,12,16,23,24,24,28,28,29,29,29,30,31,31,31,37,37,38,40,41,42,50,54,55,55,55,55,55,55],"damage_taken":[{"damage":17,"enemies":"Jaw Worm","floor":1,"turns":3},{"damage":0,"enemies":"2 Louse","floor":5,"turns":2},{"damage":14,"enemies":"3 Sentries","floor":6,"turns":4},{"damage":3,"enemies":"Lagavulin","floor":7,"turns":4},{"damage":0,"enemies":"3 Sentries","floor":8,"turns":3},{"damage":18,"enemies":"Lagavulin","floor":10,"turns":3},{"damage":11,"enemies":"3 Sentries","floor":11,"turns":5},{"damage":0,"enemies":"Lagavulin","floor":12,"turns":2},{"damage":1,"enemies":"strawberrySpire:EnergyPylons","floor":13,"turns":1},{"damage":0,"enemies":"Small Slimes","floor":14,"turns":2},{"damage":23,"enemies":"The Guardian","floor":16,"turns":5},{"damage":10,"enemies":"Chosen","floor":18,"turns":2},{"damage":4,"enemies":"Gremlin Leader","floor":23,"turns":5},{"damage":16,"enemies":"Nightmare","floor":24,"turns":4},{"damage":44,"enemies":"Nightmare","floor":25,"turns":5},{"damage":3,"enemies":"Book of Stabbing","floor":27,"turns":2},{"damage":0,"enemies":"Gremlin Leader","floor":28,"turns":3},{"damage":16,"enemies":"Nightmare","floor":29,"turns":7},{"damage":0,"enemies":"Gremlin Leader","floor":30,"turns":4},{"damage":0,"enemies":"Book of Stabbing","floor":31,"turns":4},{"damage":0,"enemies":"Automaton","floor":33,"turns":4},{"damage":0,"enemies":"Orb Walker","floor":35,"turns":1},{"damage":15,"enemies":"Giant Head","floor":37,"turns":6},{"damage":0,"enemies":"strawberrySpire:EssenceStones","floor":38,"turns":2},{"damage":0,"enemies":"3 Shapes","floor":39,"turns":2},{"damage":19,"enemies":"Nightmare","floor":40,"turns":2},{"damage":4,"enemies":"Reptomancer","floor":41,"turns":4},{"damage":6,"enemies":"Nightmare","floor":42,"turns":5},{"damage":0,"enemies":"Nemesis","floor":44,"turns":5},{"damage":0,"enemies":"Giant Head","floor":46,"turns":5},{"damage":0,"enemies":"Nemesis","floor":47,"turns":3},{"damage":0,"enemies":"Nightmare","floor":48,"turns":2},{"damage":0,"enemies":"Donu and Deca","floor":50,"turns":3},{"damage":0,"enemies":"Shield and Spear","floor":54,"turns":1},{"damage":0,"enemies":"The Heart","floor":55,"turns":3}],"seed_played":"-8553828858215600509","potions_obtained":[{"floor":1,"key":"Weak Potion"},{"floor":6,"key":"GhostInAJar"},{"floor":7,"key":"Energy Potion"},{"floor":8,"key":"FearPotion"},{"floor":16,"key":"Energy Potion"},{"floor":18,"key":"Fire Potion"},{"floor":24,"key":"LiquidBronze"},{"floor":25,"key":"infinitespire:BlackPotion"},{"floor":27,"key":"SkillPotion"},{"floor":29,"key":"infinitespire:BlackPotion"},{"floor":31,"key":"AttackPotion"},{"floor":36,"key":"SteroidPotion"},{"floor":36,"key":"Ancient Potion"},{"floor":39,"key":"Strength Potion"},{"floor":47,"key":"Poison Potion"},{"floor":55,"key":"Block Potion"}],"is_trial":true,"path_per_floor":["M","?","?","$","M","E","E","E","T","E","E","E","E","M","R","B",null,"M","$","?","?","T","E","NM","NM","T","E","E","NM","E","E","R","B",null,"M","?","E","E","M","NM","E","NM","T","E","R","E","E","NM","R","B",null,"R","$","E","B",null],"character_chosen":"THE_SILENT","items_purchased":["Gremlin Horn","strawberrySpire:Dropbox","Molten Egg 2","HandDrill","Cloak And Dagger","TheAbacus","Dead Branch","Vajra","strawberrySpire:MawJerky","infinitespire:Joker Card","Lantern","Tingsha","Bag of Marbles","Ice Cream","Ornamental Fan"],"campfire_rested":0,"item_purchase_floors":[4,4,19,19,19,53,53,53,53,53,53,53,53,53,53],"current_hp_per_floor":[53,53,53,53,53,45,48,54,64,46,35,41,40,40,40,17,80,70,70,70,70,75,76,60,28,28,38,66,57,70,72,72,74,74,74,74,75,78,78,64,78,80,80,82,82,84,98,107,107,107,107,107,107,111,113],"gold":150,"neow_bonus":"","is_prod":false,"is_daily":false,"chose_seed":false,"campfire_upgraded":4,"win_rate":0,"timestamp":1547286241,"path_taken":["M","?","?","?","M","E","E","E","T","E","E","E","E","?","R","BOSS","M","$","?","?","?","E","NM","NM","T","E","E","NM","E","E","R","BOSS","M","?","?","?","?","NM","E","NM","T","E","R","E","E","NM","R","BOSS","R","$","E","BOSS"],"build_version":"2019-01-10","purchased_purges":1,"victory":true,"max_hp_per_floor":[70,70,70,70,70,70,70,70,80,80,80,80,80,80,80,80,80,80,80,80,80,80,80,60,60,60,60,66,68,70,72,72,74,74,74,74,76,78,78,78,78,80,80,82,82,84,98,107,107,107,107,107,107,111,113],"card_choices":[{"not_picked":["Corpse Explosion","strawberrySpire:HotShot","strawberrySpire:Lockstep"],"picked":"SKIP","floor":6},{"not_picked":["A Thousand Cuts","strawberrySpire:HotShot"],"picked":"Die Die Die","floor":7},{"not_picked":["A Thousand Cuts","Grand Finale"],"picked":"Burst","floor":8},{"not_picked":["strawberrySpire:Marathoner","strawberrySpire:HotShot"],"picked":"Glass Knife","floor":10},{"not_picked":["Venomology","Unload","A Thousand Cuts"],"picked":"SKIP","floor":11},{"not_picked":["strawberrySpire:Marathoner","After Image"],"picked":"Adrenaline","floor":12},{"not_picked":["strawberrySpire:Lockstep","Unload","A Thousand Cuts"],"picked":"SKIP","floor":13},{"not_picked":["Storm of Steel","Night Terror"],"picked":"Malaise+1","floor":16},{"not_picked":["Venomology+1","Burst","strawberrySpire:HotShot"],"picked":"SKIP","floor":23},{"not_picked":["Die Die Die+1","Glass Knife+1","Doppelganger+1","A Thousand Cuts"],"picked":"SKIP","floor":24},{"not_picked":["Tools of the Trade","Phantasmal Killer","Malaise"],"picked":"Storm of Steel+1","floor":25},{"not_picked":["Burst","Storm of Steel+1","strawberrySpire:Marathoner","After Image"],"picked":"SKIP","floor":27},{"not_picked":["Unload+1","Tools of the Trade","strawberrySpire:Lockstep"],"picked":"Night Terror+1","floor":28},{"not_picked":["Storm of Steel","Doppelganger+1","Die Die Die+1","Venomology"],"picked":"Singing Bowl","floor":29},{"not_picked":["Die Die Die+1","Venomology+1","Burst","Storm of Steel"],"picked":"Singing Bowl","floor":30},{"not_picked":["Doppelganger","Malaise","Night Terror","Grand Finale+1"],"picked":"Singing Bowl","floor":31},{"not_picked":["Bullet Time","Unload+1","After Image+1","Glass Knife+1"],"picked":"Singing Bowl","floor":33},{"not_picked":["strawberrySpire:Lockstep","strawberrySpire:Marathoner","Grand Finale+1","Phantasmal Killer+1"],"picked":"Singing Bowl","floor":37},{"not_picked":["Wraith Form v2","Envenom+1","Unload+1","Malaise"],"picked":"Singing Bowl","floor":38},{"not_picked":["infinitespire:TheBestDefense","infinitespire:Fortify"],"picked":"infinitespire:Virus","floor":40},{"not_picked":["Wraith Form v2","strawberrySpire:HotShot","Doppelganger"],"picked":"Malaise+1","floor":40},{"not_picked":["Corpse Explosion","Storm of Steel","strawberrySpire:Marathoner"],"picked":"Malaise+1","floor":41},{"not_picked":["infinitespire:FutureSight","infinitespire:NeuralNetwork"],"picked":"infinitespire:Execution","floor":42},{"not_picked":["Storm of Steel","Bullet Time","Wraith Form v2","Doppelganger+1"],"picked":"Singing Bowl","floor":42},{"not_picked":["Die Die Die+1","Phantasmal Killer","strawberrySpire:KnifeParty","strawberrySpire:Lockstep+1"],"picked":"Singing Bowl","floor":44},{"not_picked":["A Thousand Cuts","Burst","Grand Finale+1","Doppelganger+1"],"picked":"Singing Bowl","floor":46},{"not_picked":["strawberrySpire:Marathoner+1","After Image","strawberrySpire:HotShot"],"picked":"Adrenaline","floor":47},{"not_picked":["Doppelganger+1","Night Terror","strawberrySpire:HotShot","Phantasmal Killer"],"picked":"Singing Bowl","floor":48},{"not_picked":["Glass Knife+1","Envenom","Doppelganger"],"picked":"Bullet Time+1","floor":54},{"not_picked":["strawberrySpire:KnifeParty","Grand Finale+1","infinitespire:Neurotoxin","Die Die Die+1"],"picked":"Singing Bowl","floor":55}],"player_experience":1071414,"relics_obtained":[{"floor":1,"key":"Happy Flower"},{"floor":5,"key":"Oddly Smooth Stone"},{"floor":6,"key":"Bottled Lightning"},{"floor":7,"key":"Tiny Chest"},{"floor":8,"key":"Letter Opener"},{"floor":9,"key":"Pear"},{"floor":10,"key":"Ancient Tea Set"},{"floor":11,"key":"Centennial Puzzle"},{"floor":12,"key":"strawberrySpire:PoopsieRoll"},{"floor":13,"key":"strawberrySpire:ShipInABottle"},{"floor":14,"key":"infinitespire:BottledMercury"},{"floor":18,"key":"infinitespire:Beetle Shell"},{"floor":22,"key":"Sundial"},{"floor":23,"key":"Boot"},{"floor":23,"key":"Question Card"},{"floor":24,"key":"infinitespire:Lychee Nut"},{"floor":24,"key":"Bronze Scales"},{"floor":25,"key":"strawberrySpire:ElefentMask"},{"floor":25,"key":"strawberrySpire:KineticCharger"},{"floor":26,"key":"MawBank"},{"floor":27,"key":"Blue Candle"},{"floor":27,"key":"Pantograph"},{"floor":28,"key":"infinitespire:WardingShard"},{"floor":28,"key":"strawberrySpire:StillNotAdequateHouse"},{"floor":29,"key":"Singing Bowl"},{"floor":29,"key":"strawberrySpire:ByrdBeak"},{"floor":30,"key":"Thread and Needle"},{"floor":30,"key":"Pen Nib"},{"floor":31,"key":"Mercury Hourglass"},{"floor":31,"key":"War Paint"},{"floor":35,"key":"Orichalcum"},{"floor":37,"key":"Darkstone Periapt"},{"floor":37,"key":"Anchor"},{"floor":38,"key":"strawberrySpire:Treaders"},{"floor":38,"key":"Smiling Mask"},{"floor":39,"key":"Ninja Scroll"},{"floor":40,"key":"Incense Burner"},{"floor":41,"key":"Mummified Hand"},{"floor":41,"key":"infinitespire:FocusingShard"},{"floor":42,"key":"Regal Pillow"},{"floor":42,"key":"Old Coin"},{"floor":44,"key":"infinitespire:Satchel"},{"floor":44,"key":"The Courier"},{"floor":46,"key":"infinitespire:ShieldingShard"},{"floor":46,"key":"Meat on the Bone"},{"floor":47,"key":"Potion Belt"},{"floor":47,"key":"Mango"},{"floor":48,"key":"Strawberry"},{"floor":48,"key":"Bottled Tornado"},{"floor":54,"key":"Du-Vu Doll"},{"floor":54,"key":"strawberrySpire:TinySteamboat"}],"event_choices":[{"damage_healed":0,"gold_gain":0,"player_choice":"Take Wound","damage_taken":0,"relics_obtained":["Golden Idol"],"max_hp_gain":0,"max_hp_loss":0,"event_name":"Golden Idol","floor":2,"gold_loss":0,"cards_obtained":["Injury"]},{"damage_healed":0,"gold_gain":175,"player_choice":"AGREE","damage_taken":0,"max_hp_gain":0,"max_hp_loss":0,"event_name":"Liars Game","floor":3,"gold_loss":0,"cards_obtained":["Doubt"]},{"damage_healed":0,"gold_gain":0,"player_choice":"Gave Idol","damage_taken":0,"relics_obtained":["Bloody Idol"],"max_hp_gain":0,"max_hp_loss":0,"event_name":"Forgotten Altar","floor":20,"relics_lost":["Golden Idol"],"gold_loss":0},{"damage_healed":0,"gold_gain":0,"player_choice":"Ignored","damage_taken":0,"max_hp_gain":0,"max_hp_loss":0,"event_name":"Vampires","floor":21,"gold_loss":0},{"damage_healed":0,"gold_gain":0,"player_choice":"Bought 3 Potions","damage_taken":0,"max_hp_gain":0,"max_hp_loss":0,"event_name":"The Woman in Blue","floor":36,"gold_loss":0}],"is_beta":true,"boss_relics":[{"not_picked":["Cursed Key","infinitespire:Cupcake"],"picked":"Black Star"},{"not_picked":["Velvet Choker","Snecko Eye"],"picked":"Eternal Feather"}],"items_purged_floors":[4],"is_endless":true,"potions_floor_spawned":[1,6,7,8,12,16,18,24,27,30,31,39,44,46,47,55],"ascension_level":0}