{"gold_per_floor":[114,114,126,126,47,47,66,100,100,118,180,105,134,149,149,249,249,259,271,284,284,63,96,96,112,136,136,149,149,167,167,167,267,267,286,304,320,1,1,1,1,1,1,1,14,34,50,80,92,104],"floor_reached":50,"playtime":2247,"items_purged":["Strike_R","Strike_R"],"score":565,"play_id":"30f46f2c-3ac8-4188-918c-8995a1f31991","local_time":"20181121132820","is_ascension_mode":true,"campfire_choices":[{"data":"Body Slam","floor":6,"key":"SMITH"},{"data":"Uppercut","floor":15,"key":"SMITH"},{"data":"Corruption","floor":24,"key":"SMITH"},{"floor":29,"key":"REST"},{"data":"Limit Break","floor":32,"key":"SMITH"},{"data":"Panache","floor":40,"key":"SMITH"},{"data":"Inflame","floor":42,"key":"SMITH"},{"data":"Metallicize","floor":44,"key":"SMITH"},{"floor":49,"key":"REST"}],"neow_cost":"CURSE","seed_source_timestamp":104675203708018,"circlet_count":0,"master_deck":["Strike_R","Strike_R","Strike_R","Defend_R","Defend_R","Defend_R","Defend_R","Bash","Dramatic Entrance","Flash of Steel","Body Slam+1","Headbutt","Uppercut+1","Clash","Anger","Twin Strike","Metallicize","Immolate","Battle Trance","Limit Break+1","Shockwave","Anger+1","Havoc+1","Shrug It Off","Corruption+1","Flex+1","Disarm+1","Inflame+1","Disarm+1","Metallicize","Impervious","Metallicize+1","Flame Barrier","Flex+1","Panache+1","Feel No Pain","Flex","Madness","Madness","Decay","Regret","Entrench+1","Parasite","Disarm+1","Seeing Red","Infernal Blade"],"relics":["Burning Blood","Self Forming Clay","Mummified Hand","Tiny Chest","Ancient Tea Set","White Beast Statue","MutagenicStrength","Potion Belt","Cursed Key","Kunai","Ornamental Fan","MawBank"],"potions_floor_usage":[11,11,19,20,25,28,28,33,37,37,46,48,48,48,50,50,50],"damage_taken":[{"damage":3,"enemies":"Jaw Worm","floor":1,"turns":3},{"damage":0,"enemies":"Small Slimes","floor":3,"turns":2},{"damage":0,"enemies":"2 Louse","floor":7,"turns":2},{"damage":33,"enemies":"3 Sentries","floor":8,"turns":9},{"damage":5,"enemies":"Gremlin Gang","floor":10,"turns":3},{"damage":8,"enemies":"Lagavulin","floor":11,"turns":3},{"damage":11,"enemies":"Gremlin Nob","floor":13,"turns":3},{"damage":6,"enemies":"2 Fungi Beasts","floor":14,"turns":2},{"damage":21,"enemies":"The Guardian","floor":16,"turns":9},{"damage":5,"enemies":"3 Byrds","floor":18,"turns":5},{"damage":11,"enemies":"Shell Parasite","floor":19,"turns":4},{"damage":10,"enemies":"Cultist and Chosen","floor":20,"turns":6},{"damage":31,"enemies":"Book of Stabbing","floor":23,"turns":5},{"damage":29,"enemies":"Snecko","floor":25,"turns":5},{"damage":5,"enemies":"Centurion and Healer","floor":28,"turns":5},{"damage":10,"enemies":"Cultist and Chosen","floor":30,"turns":3},{"damage":32,"enemies":"Collector","floor":33,"turns":7},{"damage":10,"enemies":"3 Shapes","floor":35,"turns":3},{"damage":7,"enemies":"3 Darklings","floor":36,"turns":6},{"damage":0,"enemies":"Transient","floor":37,"turns":5},{"damage":18,"enemies":"4 Shapes","floor":45,"turns":6},{"damage":12,"enemies":"Writhing Mass","floor":46,"turns":5},{"damage":18,"enemies":"Maw","floor":47,"turns":8},{"damage":33,"enemies":"Nemesis","floor":48,"turns":11},{"damage":60,"enemies":"Time Eater","floor":50,"turns":8}],"seed_played":"-4761784322475517487","potions_obtained":[{"floor":8,"key":"SkillPotion"},{"floor":10,"key":"PowerPotion"},{"floor":14,"key":"SpeedPotion"},{"floor":18,"key":"Weak Potion"},{"floor":19,"key":"Fire Potion"},{"floor":20,"key":"PowerPotion"},{"floor":23,"key":"SteroidPotion"},{"floor":25,"key":"Swift Potion"},{"floor":28,"key":"LiquidBronze"},{"floor":30,"key":"Explosive Potion"},{"floor":33,"key":"Fire Potion"},{"floor":35,"key":"Energy Potion"},{"floor":36,"key":"Dexterity Potion"},{"floor":37,"key":"Explosive Potion"},{"floor":45,"key":"Regen Potion"},{"floor":46,"key":"SkillPotion"},{"floor":47,"key":"AttackPotion"},{"floor":48,"key":"Ancient Potion"}],"is_trial":false,"path_per_floor":["M","?","M","?","$","R","M","E","T","M","E","$","E","M","R","B",null,"M","M","M","?","$","E","R","M","T","?","M","R","M","?","R","B",null,"M","M","M","$","?","R","T","R","T","R","M","M","M","E","R","B"],"character_chosen":"IRONCLAD","items_purchased":["Uppercut","Shrug It Off","Corruption","Panache","Feel No Pain","Flex","PowerPotion"],"campfire_rested":2,"item_purchase_floors":[5,22,22,38,38,38,38],"current_hp_per_floor":[80,73,79,84,84,84,85,58,58,59,57,57,52,52,52,37,85,85,80,76,76,76,51,51,28,28,28,29,54,50,50,50,24,85,81,80,85,85,74,74,74,74,74,74,62,56,44,32,57,0],"gold":104,"neow_bonus":"RANDOM_COLORLESS_2","is_prod":false,"is_daily":false,"chose_seed":false,"campfire_upgraded":7,"win_rate":0,"timestamp":1542796100,"path_taken":["M","?","M","?","?","R","M","E","T","M","E","$","E","M","R","BOSS","M","M","M","?","$","E","R","M","T","?","?","R","M","?","R","BOSS","M","M","?","$","?","R","?","R","T","R","M","M","?","E","R","BOSS"],"build_version":"2018-11-15","purchased_purges":2,"victory":false,"max_hp_per_floor":[80,80,80,85,85,85,85,85,85,85,85,85,85,85,85,85,85,85,85,85,85,85,85,85,85,85,85,85,85,85,85,85,85,85,85,85,85,85,85,85,85,85,85,85,85,85,85,85,85,85],"card_choices":[{"not_picked":["Feel No Pain","Bloodletting"],"picked":"Body Slam","floor":1},{"not_picked":["Disarm","Pommel Strike"],"picked":"Headbutt","floor":3},{"not_picked":["Armaments","Evolve"],"picked":"Clash","floor":7},{"not_picked":["Infernal Blade","Evolve"],"picked":"Anger","floor":8},{"not_picked":["Heavy Blade","Pommel Strike"],"picked":"Twin Strike","floor":10},{"not_picked":["Clothesline","Thunderclap"],"picked":"Metallicize","floor":11},{"not_picked":["Dual Wield","Battle Trance"],"picked":"Immolate","floor":13},{"not_picked":["Sever Soul","Clothesline"],"picked":"Battle Trance","floor":14},{"not_picked":["Barricade","Feed"],"picked":"Limit Break","floor":16},{"not_picked":["Wild Strike+1","True Grit"],"picked":"Shockwave","floor":18},{"not_picked":["Perfected Strike","Clash"],"picked":"Anger+1","floor":19},{"not_picked":["Body Slam","True Grit"],"picked":"Havoc+1","floor":20},{"not_picked":["Sever Soul","Sword Boomerang"],"picked":"Flex","floor":23},{"not_picked":["Entrench","Intimidate"],"picked":"Disarm+1","floor":25},{"not_picked":["Rupture","Clothesline+1"],"picked":"Inflame","floor":28},{"not_picked":["Dual Wield","Uppercut"],"picked":"Disarm+1","floor":30},{"not_picked":["Brutality","Fiend Fire"],"picked":"Impervious","floor":33},{"not_picked":["Intimidate","True Grit+1"],"picked":"Metallicize","floor":35},{"not_picked":["Fire Breathing","Twin Strike"],"picked":"Flame Barrier","floor":36},{"not_picked":["Carnage","Wild Strike"],"picked":"Flex+1","floor":37},{"not_picked":["Seeing Red","Wild Strike+1"],"picked":"Entrench+1","floor":45},{"not_picked":["Power Through+1","Rampage"],"picked":"Disarm+1","floor":46},{"not_picked":["Clash+1","Entrench+1"],"picked":"Seeing Red","floor":47},{"not_picked":["Dropkick","Wild Strike+1"],"picked":"Infernal Blade","floor":48}],"player_experience":929020,"relics_obtained":[{"floor":8,"key":"Self Forming Clay"},{"floor":9,"key":"Mummified Hand"},{"floor":11,"key":"Tiny Chest"},{"floor":13,"key":"Ancient Tea Set"},{"floor":23,"key":"Potion Belt"},{"floor":41,"key":"Kunai"},{"floor":43,"key":"Ornamental Fan"},{"floor":48,"key":"MawBank"}],"event_choices":[{"cards_removed":["Shame"],"damage_healed":0,"gold_gain":0,"player_choice":"Card Removal","damage_taken":7,"max_hp_gain":0,"max_hp_loss":0,"event_name":"Golden Wing","floor":2,"gold_loss":0},{"damage_healed":0,"gold_gain":0,"player_choice":"Donut","damage_taken":0,"max_hp_gain":5,"max_hp_loss":0,"event_name":"Big Fish","floor":4,"gold_loss":0},{"damage_healed":0,"gold_gain":0,"player_choice":"Inject Mutagens","damage_taken":0,"relics_obtained":["MutagenicStrength"],"max_hp_gain":0,"max_hp_loss":0,"event_name":"Drug Dealer","floor":21,"gold_loss":0},{"damage_healed":0,"gold_gain":0,"player_choice":"Upgraded","damage_taken":0,"max_hp_gain":0,"max_hp_loss":0,"event_name":"Upgrade Shrine","floor":27,"gold_loss":0,"cards_upgraded":["Flex"]},{"damage_healed":0,"gold_gain":0,"player_choice":"Copied","damage_taken":0,"max_hp_gain":0,"max_hp_loss":0,"event_name":"Duplicator","floor":31,"gold_loss":0,"cards_obtained":["Metallicize"]},{"damage_healed":0,"gold_gain":0,"player_choice":"Embrace Madness","damage_taken":11,"max_hp_gain":0,"max_hp_loss":0,"event_name":"Winding Halls","floor":39,"gold_loss":0,"cards_obtained":["Madness","Madness"]}],"is_beta":true,"boss_relics":[{"not_picked":["Velvet Choker","Lizard Tail"],"picked":"White Beast Statue"},{"not_picked":["Snecko Eye","Coffee Dripper"],"picked":"Cursed Key"}],"items_purged_floors":[12,22],"is_endless":false,"potions_floor_spawned":[8,10,14,18,19,20,23,25,28,30,33,35,36,37,45,46,47,48],"killed_by":"Time Eater","ascension_level":1}