{"gold_per_floor":[110,123,136,136,211,242,242,276,353,369,385,385,407,425,425,524,524,534,534,23,34,54,54,83,83,83,113,123,148,68,98,98,198,248,258,277,294,58,68,68,68,86,86,120,120,120,0,31,31,31,31,31,31,57,57],"floor_reached":55,"playtime":2421,"items_purged":["Pain"],"score":860,"play_id":"083aea20-33cd-49dd-a286-d33cbca1d3c8","local_time":"20181120091937","is_ascension_mode":true,"campfire_choices":[{"data":"Ball Lightning","floor":7,"key":"SMITH"},{"data":"Hologram","floor":12,"key":"SMITH"},{"data":"Zap","floor":15,"key":"SMITH"},{"data":"1","floor":25,"key":"LIFT"},{"floor":32,"key":"REST"},{"data":"2","floor":40,"key":"LIFT"},{"floor":46,"key":"RECALL"},{"data":"Defragment","floor":49,"key":"SMITH"},{"data":"Rainbow","floor":52,"key":"SMITH"}],"neow_cost":"NONE","seed_source_timestamp":2919387843767,"circlet_count":0,"master_deck":["Strike_B+1","Strike_B","Strike_B","Strike_B","Defend_B","Defend_B","Defend_B","Defend_B","Zap+1","Dualcast","Ball Lightning+1","Steam","Hologram+1","Sweeping Beam+1","Cold Snap","Beam Cell","Hologram+1","Self Repair","Streamline","All For One","Stack+1","FTL","Gash+1","Conserve Battery","Doom and Gloom+1","Defragment+1","Echo Form","Ball Lightning","Rainbow+1","Leap","Stack+1","Reinforced Body+1","Capacitor+1","Turbo","Force Field"],"relics":["Cracked Core","Calipers","Whetstone","Matryoshka","Odd Mushroom","Busted Crown","WarpedTongs","OrangePellets","Ancient Tea Set","Girya","Bronze Scales","Gremlin Horn","Gambling Chip","Dream Catcher","Darkstone Periapt","Tiny House","Omamori","Dodecahedron","Bag of Preparation","Red Mask","Bag of Marbles","Frozen Egg 2"],"potions_floor_usage":[10,13,13,16,27,27,39,42,50,55,55],"damage_taken":[{"damage":3,"enemies":"2 Louse","floor":1,"turns":2},{"damage":6,"enemies":"Jaw Worm","floor":2,"turns":2},{"damage":0,"enemies":"Small Slimes","floor":3,"turns":2},{"damage":13,"enemies":"Gremlin Nob","floor":6,"turns":4},{"damage":26,"enemies":"Lagavulin","floor":8,"turns":5},{"damage":5,"enemies":"Exordium Thugs","floor":10,"turns":3},{"damage":0,"enemies":"Lots of Slimes","floor":11,"turns":2},{"damage":0,"enemies":"The Mushroom Lair","floor":13,"turns":3},{"damage":5,"enemies":"Looter","floor":14,"turns":2},{"damage":2,"enemies":"Hexaghost","floor":16,"turns":9},{"damage":7,"enemies":"Shell Parasite","floor":18,"turns":3},{"damage":18,"enemies":"2 Thieves","floor":21,"turns":3},{"damage":3,"enemies":"Centurion and Healer","floor":22,"turns":5},{"damage":11,"enemies":"Book of Stabbing","floor":24,"turns":3},{"damage":23,"enemies":"Slavers","floor":27,"turns":3},{"damage":0,"enemies":"Sentry and Sphere","floor":28,"turns":3},{"damage":10,"enemies":"Gremlin Leader","floor":29,"turns":5},{"damage":29,"enemies":"Book of Stabbing","floor":31,"turns":3},{"damage":30,"enemies":"Champ","floor":33,"turns":9},{"damage":19,"enemies":"3 Darklings","floor":35,"turns":3},{"damage":13,"enemies":"3 Shapes","floor":36,"turns":4},{"damage":10,"enemies":"Maw","floor":37,"turns":6},{"damage":11,"enemies":"Sphere and 2 Shapes","floor":39,"turns":4},{"damage":14,"enemies":"Spire Growth","floor":42,"turns":4},{"damage":55,"enemies":"Nemesis","floor":44,"turns":7},{"damage":35,"enemies":"Giant Head","floor":48,"turns":8},{"damage":59,"enemies":"Time Eater","floor":50,"turns":12},{"damage":18,"enemies":"Shield and Spear","floor":54,"turns":6},{"damage":71,"enemies":"The Heart","floor":55,"turns":5}],"seed_played":"-4079243746146939759","potions_obtained":[{"floor":1,"key":"Block Potion"},{"floor":6,"key":"Poison Potion"},{"floor":11,"key":"Energy Potion"},{"floor":14,"key":"FocusPotion"},{"floor":16,"key":"Strength Potion"},{"floor":18,"key":"Regen Potion"},{"floor":22,"key":"Regen Potion"},{"floor":24,"key":"SteroidPotion"},{"floor":27,"key":"Ancient Potion"},{"floor":34,"key":"Regen Potion"},{"floor":39,"key":"Ancient Potion"},{"floor":44,"key":"Dexterity Potion"}],"is_trial":false,"path_per_floor":["M","M","M","?","?","E","R","E","T","M","M","R","?","M","R","B",null,"M","?","$","M","M","$","E","R","T","E","M","E","$","E","R","B",null,"M","M","M","$","M","R","?","M","T","E","?","R","?","E","R","B",null,"R","$","E","B"],"character_chosen":"DEFECT","items_purchased":["FTL","OrangePellets","Ancient Tea Set","Defragment","Omamori","Turbo","Force Field"],"campfire_rested":1,"item_purchase_floors":[20,20,20,30,38,38,38],"current_hp_per_floor":[79,73,73,73,62,49,49,23,23,18,18,18,18,13,13,18,82,82,82,82,71,75,75,64,64,64,57,57,57,57,28,52,29,87,68,62,52,52,67,67,87,73,73,25,87,87,87,62,62,10,87,87,87,69,0],"gold":57,"neow_bonus":"TEN_PERCENT_HP_BONUS","is_prod":false,"is_daily":false,"chose_seed":false,"campfire_upgraded":5,"win_rate":0,"timestamp":1542694777,"path_taken":["M","M","M","?","?","E","R","E","T","M","M","R","?","M","R","BOSS","M","?","$","M","M","?","E","R","T","E","?","E","$","E","R","BOSS","M","M","M","?","M","R","?","?","T","E","?","R","?","E","R","BOSS","R","$","E","BOSS"],"build_version":"2018-11-15","purchased_purges":1,"victory":false,"max_hp_per_floor":[82,82,82,82,82,82,82,82,82,82,82,82,82,82,82,82,82,82,82,82,82,82,82,82,82,82,82,82,82,82,82,82,82,87,87,87,87,87,87,87,87,87,87,87,87,87,87,87,87,87,87,87,87,87,87],"card_choices":[{"not_picked":["Barrage","Aggregate"],"picked":"Ball Lightning","floor":1},{"not_picked":["Barrage","Steam Power"],"picked":"Steam","floor":2},{"not_picked":["Redo","Steam"],"picked":"Hologram","floor":3},{"not_picked":["Steam","Aggregate"],"picked":"Sweeping Beam","floor":6},{"not_picked":["Compile Driver","Biased Cognition"],"picked":"Cold Snap","floor":8},{"not_picked":["Auto Shields","Tempest"],"picked":"Beam Cell","floor":10},{"not_picked":["Sweeping Beam","Steam"],"picked":"Hologram","floor":11},{"not_picked":["Force Field","Heatsinks"],"picked":"Self Repair","floor":13},{"not_picked":["Stack","Reinforced Body"],"picked":"Streamline","floor":14},{"not_picked":["Electrodynamics","Biased Cognition"],"picked":"All For One","floor":16},{"not_picked":[],"picked":"Stack","floor":18},{"not_picked":[],"picked":"Gash+1","floor":21},{"not_picked":["Coolheaded+1"],"picked":"SKIP","floor":22},{"not_picked":["Consume"],"picked":"SKIP","floor":24},{"not_picked":["Blizzard"],"picked":"SKIP","floor":27},{"not_picked":[],"picked":"Conserve Battery","floor":28},{"not_picked":[],"picked":"Doom and Gloom+1","floor":29},{"not_picked":[],"picked":"Echo Form","floor":31},{"not_picked":[],"picked":"Ball Lightning","floor":32},{"not_picked":[],"picked":"Rainbow","floor":33},{"not_picked":[],"picked":"Leap","floor":34},{"not_picked":[],"picked":"Stack+1","floor":35},{"not_picked":[],"picked":"Reinforced Body+1","floor":36},{"not_picked":[],"picked":"Capacitor+1","floor":37},{"not_picked":["Recycle"],"picked":"SKIP","floor":39},{"not_picked":["Rip and Tear"],"picked":"SKIP","floor":42},{"not_picked":["Tempest"],"picked":"SKIP","floor":44},{"not_picked":["Sweeping Beam+1"],"picked":"SKIP","floor":48},{"not_picked":["Rip and Tear"],"picked":"SKIP","floor":54}],"player_experience":926599,"relics_obtained":[{"floor":6,"key":"Calipers"},{"floor":8,"key":"Whetstone"},{"floor":9,"key":"Matryoshka"},{"floor":13,"key":"Odd Mushroom"},{"floor":24,"key":"Girya"},{"floor":26,"key":"Bronze Scales"},{"floor":26,"key":"Gremlin Horn"},{"floor":27,"key":"Gambling Chip"},{"floor":29,"key":"Dream Catcher"},{"floor":31,"key":"Darkstone Periapt"},{"floor":43,"key":"Dodecahedron"},{"floor":44,"key":"Bag of Preparation"},{"floor":48,"key":"Bag of Marbles"},{"floor":54,"key":"Frozen Egg 2"}],"event_choices":[{"damage_healed":0,"gold_gain":0,"player_choice":"Grow","damage_taken":0,"max_hp_gain":0,"max_hp_loss":0,"event_name":"Living Wall","floor":4,"gold_loss":0,"cards_upgraded":["Hologram"]},{"damage_healed":0,"gold_gain":75,"player_choice":"Gather Gold","damage_taken":11,"max_hp_gain":0,"max_hp_loss":0,"event_name":"World of Goop","floor":5,"gold_loss":0},{"damage_healed":0,"gold_gain":0,"player_choice":"Fought Mushrooms","damage_taken":0,"max_hp_gain":0,"max_hp_loss":0,"event_name":"Mushrooms","floor":13,"gold_loss":0},{"damage_healed":0,"gold_gain":0,"player_choice":"Rummage","damage_taken":0,"relics_obtained":["WarpedTongs"],"max_hp_gain":0,"max_hp_loss":0,"event_name":"Accursed Blacksmith","floor":19,"gold_loss":0,"cards_obtained":["Pain"]},{"damage_healed":22,"gold_gain":0,"player_choice":"Writhe","damage_taken":0,"max_hp_gain":0,"max_hp_loss":0,"event_name":"Winding Halls","floor":41,"gold_loss":0,"cards_obtained":["Writhe"]},{"damage_healed":62,"gold_gain":0,"player_choice":"Heal","damage_taken":0,"max_hp_gain":0,"max_hp_loss":0,"event_name":"MindBloom","floor":45,"gold_loss":0,"cards_obtained":["Doubt"]},{"damage_healed":0,"gold_gain":0,"player_choice":"Paid","damage_taken":0,"relics_obtained":["Red Mask"],"max_hp_gain":0,"max_hp_loss":0,"event_name":"Tomb of Lord Red Mask","floor":47,"gold_loss":120}],"is_beta":true,"boss_relics":[{"not_picked":["Runic Dome","Lizard Tail"],"picked":"Busted Crown"},{"not_picked":["Runic Pyramid","Cursed Key"],"picked":"Tiny House"}],"items_purged_floors":[20],"is_endless":false,"potions_floor_spawned":[1,6,11,14,16,18,22,24,27,37,39,44],"killed_by":"The Heart","ascension_level":1}