{"gold_per_floor":[115,115,115,131,131,131,144,157,457,468,484,501,22,47,47,148,148,168,188,188,200,123,123,133,133,133,133,133,133,165,184,184,282,282,298,313,331,344,344,344,344,360,360,388,388,405,405,405,405,405],"floor_reached":51,"playtime":2211,"items_purged":[],"score":816,"play_id":"5c1760cd-ddcf-481f-8180-f43bbe07e0c6","local_time":"20180807184454","is_ascension_mode":false,"campfire_choices":[{"data":"1","floor":6,"key":"LIFT"},{"data":"2","floor":15,"key":"LIFT"},{"data":"3","floor":23,"key":"LIFT"},{"data":"Pummel","floor":25,"key":"SMITH"},{"data":"Shrug It Off","floor":27,"key":"SMITH"},{"data":"Spot Weakness","floor":29,"key":"SMITH"},{"data":"Bash","floor":32,"key":"SMITH"},{"data":"True Grit","floor":40,"key":"SMITH"},{"floor":45,"key":"DIG"},{"floor":47,"key":"DIG"},{"data":"J.A.X.","floor":49,"key":"SMITH"}],"neow_cost":"PERCENT_DAMAGE","seed_source_timestamp":1185621592368406,"circlet_count":0,"master_deck":["Strike_R+1","Strike_R+1","Strike_R+1","Strike_R+1","Strike_R+1","Defend_R+1","Defend_R+1","Defend_R+1","Defend_R+1","Bash+1","Cleave","Flex","Bloodletting","Clash","Spot Weakness+1","Shrug It Off+1","True Grit+1","Pummel+1","Battle Trance","Offering","Thunderclap+1","Dropkick","Shrug It Off","J.A.X.+1","Heavy Blade+1","Necronomicurse","Carnage+1","Shockwave","Bludgeon","Armaments+1","Clothesline+1","Flame Barrier","Dual Wield+1","Carnage+1","Flame Barrier","Corruption+1"],"relics":["Burning Blood","Shovel","Girya","Old Coin","Meat on the Bone","Happy Flower","Odd Mushroom","Mark of Pain","Pear","Necronomicon","Self Forming Clay","Eternal Feather","Ancient Tea Set","Gambling Chip","StoneCalendar","Shuriken","Boot","Bottled Flame","Potion Belt"],"potions_floor_usage":[12,16,16,16,35,50,50,50],"damage_taken":[{"damage":8,"enemies":"Jaw Worm","floor":1,"turns":4},{"damage":0,"enemies":"Small Slimes","floor":4,"turns":2},{"damage":0,"enemies":"2 Louse","floor":7,"turns":2},{"damage":8,"enemies":"Blue Slaver","floor":8,"turns":3},{"damage":0,"enemies":"Red Slaver","floor":10,"turns":4},{"damage":10,"enemies":"Large Slime","floor":11,"turns":5},{"damage":0,"enemies":"Blue Slaver","floor":12,"turns":1},{"damage":4,"floor":14,"turns":3},{"damage":3,"enemies":"Slime Boss","floor":16,"turns":5},{"damage":19,"enemies":"Shell Parasite","floor":18,"turns":3},{"damage":11,"enemies":"Chosen","floor":19,"turns":3},{"damage":11,"enemies":"Snake Plant","floor":21,"turns":3},{"damage":6,"enemies":"Centurion and Healer","floor":24,"turns":2},{"damage":9,"enemies":"Gremlin Leader","floor":30,"turns":3},{"damage":21,"enemies":"3 Cultists","floor":31,"turns":4},{"damage":15,"enemies":"Automaton","floor":33,"turns":5},{"damage":3,"enemies":"Flame Bruiser 1 Orb","floor":35,"turns":1},{"damage":10,"enemies":"3 Shapes","floor":36,"turns":3},{"damage":12,"enemies":"Jaw Worm Horde","floor":37,"turns":2},{"damage":3,"enemies":"Spire Growth","floor":38,"turns":3},{"damage":0,"floor":41,"turns":3},{"damage":19,"enemies":"Transient","floor":42,"turns":5},{"damage":42,"enemies":"Nemesis","floor":44,"turns":5},{"damage":12,"enemies":"Snecko and Mystics","floor":46,"turns":6},{"damage":66,"enemies":"Awakened One","floor":50,"turns":6}],"seed_played":"-7630208474257270124","potions_obtained":[{"floor":8,"key":"Explosive Potion"},{"floor":10,"key":"Swift Potion"},{"floor":12,"key":"Fire Potion"},{"floor":18,"key":"LiquidBronze"},{"floor":19,"key":"LiquidBronze"},{"floor":31,"key":"SteroidPotion"},{"floor":37,"key":"LiquidBronze"}],"is_trial":false,"path_per_floor":["M","?","?","M","?","R","M","M","T","M","M","M","$","?","R","B",null,"M","M","?","M","?","R","M","R","T","R","?","R","E","M","R","B",null,"M","M","M","M","T","R","?","M","T","E","R","M","R","T","R","B"],"character_chosen":"IRONCLAD","items_purchased":["Meat on the Bone","Happy Flower","Pummel","PowerPotion"],"campfire_rested":0,"item_purchase_floors":[13,13,13,13],"current_hp_per_floor":[54,38,64,70,67,67,73,71,71,77,73,79,79,80,80,80,80,67,62,62,57,57,57,57,57,67,67,51,51,60,57,57,60,90,90,86,80,83,83,90,90,77,77,53,74,68,89,89,90,42],"gold":405,"neow_bonus":"ONE_RARE_RELIC","is_prod":false,"is_daily":false,"chose_seed":false,"campfire_upgraded":6,"win_rate":0,"timestamp":1533656694,"path_taken":["M","?","?","M","?","R","M","M","T","M","?","M","$","?","R","BOSS","M","?","?","M","?","R","M","R","T","R","?","R","E","M","R","BOSS","M","?","M","M","?","R","?","M","T","E","R","M","R","?","R","BOSS"],"build_version":"2018-08-06","purchased_purges":0,"victory":true,"max_hp_per_floor":[80,80,80,80,80,80,80,80,80,80,80,80,80,80,80,80,80,80,80,80,80,80,80,80,80,90,90,90,90,90,90,90,90,90,90,90,90,90,90,90,90,90,90,90,90,90,90,90,90,90],"card_choices":[{"not_picked":["Twin Strike","Clash"],"picked":"Cleave","floor":1},{"not_picked":["Headbutt","Pummel"],"picked":"Flex","floor":4},{"not_picked":["Dual Wield","Warcry"],"picked":"Bloodletting","floor":7},{"not_picked":["Cleave","Perfected Strike"],"picked":"Clash","floor":8},{"not_picked":["Searing Blow","Sword Boomerang"],"picked":"Spot Weakness","floor":10},{"not_picked":["Havoc","Body Slam"],"picked":"Shrug It Off","floor":11},{"not_picked":["Flex","Warcry"],"picked":"True Grit","floor":12},{"not_picked":["Combust","Heavy Blade"],"picked":"Battle Trance","floor":14},{"not_picked":["Barricade","Dark Embrace"],"picked":"Offering","floor":16},{"not_picked":["Dropkick","Perfected Strike"],"picked":"Thunderclap+1","floor":18},{"not_picked":["Headbutt","Seeing Red"],"picked":"Dropkick","floor":19},{"not_picked":["Fire Breathing","Demon Form"],"picked":"Shrug It Off","floor":21},{"not_picked":["Flex+1","Sword Boomerang"],"picked":"Heavy Blade+1","floor":24},{"not_picked":["Flex+1","Sever Soul"],"picked":"Carnage+1","floor":30},{"not_picked":["Pommel Strike+1","Carnage"],"picked":"Shockwave","floor":31},{"not_picked":["Juggernaut","Fiend Fire"],"picked":"Bludgeon","floor":33},{"not_picked":["Spot Weakness","Clash+1"],"picked":"Armaments+1","floor":35},{"not_picked":["Havoc+1","Body Slam+1"],"picked":"Clothesline+1","floor":36},{"not_picked":["Seeing Red","Power Through","Pommel Strike"],"picked":"SKIP","floor":37},{"not_picked":["Sentinel","Inflame"],"picked":"Flame Barrier","floor":38},{"not_picked":["Armaments","Clash+1"],"picked":"Dual Wield+1","floor":41},{"not_picked":["Evolve","Combust+1"],"picked":"Carnage+1","floor":42},{"not_picked":["Heavy Blade","Berserk"],"picked":"Flame Barrier","floor":44},{"not_picked":["Spot Weakness","Wild Strike+1"],"picked":"Corruption+1","floor":46}],"player_experience":606034,"relics_obtained":[{"floor":9,"key":"Old Coin"},{"floor":14,"key":"Odd Mushroom"},{"floor":26,"key":"Pear"},{"floor":28,"key":"Necronomicon"},{"floor":30,"key":"Self Forming Clay"},{"floor":39,"key":"Ancient Tea Set"},{"floor":41,"key":"Gambling Chip"},{"floor":43,"key":"StoneCalendar"},{"floor":44,"key":"Shuriken"},{"floor":45,"key":"Boot"},{"floor":47,"key":"Bottled Flame"},{"floor":48,"key":"Potion Belt"}],"event_choices":[{"event_name":"Shining Light","player_choice":"Entered Light","floor":2,"damage_taken":0},{"event_name":"Big Fish","player_choice":"Banana","floor":3,"damage_taken":0},{"event_name":"Scrap Ooze","player_choice":"success","floor":5,"damage_taken":3},{"event_name":"Mushrooms","player_choice":"Fought Mushrooms","floor":14,"damage_taken":0},{"event_name":"Back to Basics","player_choice":"Simplicity","floor":20,"damage_taken":0},{"event_name":"Drug Dealer","player_choice":"Got JAXXED","floor":22,"damage_taken":0},{"event_name":"Cursed Tome","player_choice":"Obtained Book","floor":28,"damage_taken":0},{"event_name":"MindBloom","player_choice":"Fight","floor":41,"damage_taken":0}],"is_beta":true,"boss_relics":[{"not_picked":["Tiny House","Lizard Tail"],"picked":"Mark of Pain"},{"not_picked":["Runic Dome","Fusion Hammer"],"picked":"Eternal Feather"}],"items_purged_floors":[],"is_endless":false,"potions_floor_spawned":[8,10,12,14,18,19,31,37,46],"ascension_level":0}