{"gold_per_floor":[111,121,131,147,164,164,181,181,233,105,123,149,149,168,168,272,272,282,282,292,308,308,308,338,338,338,338,338],"floor_reached":28,"playtime":1102,"items_purged":["Strike_B"],"score":267,"play_id":"5f1b5754-622e-441f-aa02-c0c4822af2da","local_time":"20190731203448","is_ascension_mode":false,"campfire_choices":[{"data":"Zap","floor":6,"key":"SMITH"},{"data":"Double Energy","floor":8,"key":"SMITH"},{"data":"Dualcast","floor":13,"key":"SMITH"},{"data":"Buffer","floor":15,"key":"SMITH"},{"floor":23,"key":"REST"},{"data":"Tempest","floor":27,"key":"SMITH"}],"neow_cost":"TEN_PERCENT_HP_LOSS","seed_source_timestamp":1588460916220,"circlet_count":0,"master_deck":["Strike_B","Strike_B","Defend_B","Defend_B","Defend_B","Defend_B","Zap+1","Dualcast+1","BootSequence","White Noise","Double Energy+1","White Noise","Coolheaded","Hologram","Buffer+1","Storm","Hologram","Creative AI","Glacier","Tempest+1","White Noise"],"relics":["Cracked Core","Dead Branch","Potion Belt","Cables","White Beast Statue","Nilry\u0027s Codex","Matryoshka","DataDisk","Happy Flower","Toxic Egg 2"],"potions_floor_usage":[20,21,21,24,24],"damage_taken":[{"damage":0,"enemies":"Cultist","floor":1,"turns":3},{"damage":1,"enemies":"Jaw Worm","floor":2,"turns":4},{"damage":2,"enemies":"Small Slimes","floor":3,"turns":5},{"damage":5,"enemies":"Looter","floor":4,"turns":3},{"damage":7,"enemies":"Large Slime","floor":5,"turns":5},{"damage":0,"enemies":"Exordium Wildlife","floor":7,"turns":2},{"damage":0,"enemies":"Looter","floor":11,"turns":3},{"damage":0,"enemies":"Lagavulin","floor":12,"turns":5},{"damage":1,"enemies":"Red Slaver","floor":14,"turns":4},{"damage":25,"enemies":"The Guardian","floor":16,"turns":7},{"damage":4,"enemies":"Spheric Guardian","floor":18,"turns":3},{"damage":2,"enemies":"2 Thieves","floor":20,"turns":3},{"damage":16,"enemies":"Sentry and Sphere","floor":21,"turns":6},{"damage":43,"enemies":"Slavers","floor":24,"turns":7},{"damage":41,"enemies":"Masked Bandits","floor":28,"turns":3}],"seed_played":"-5902954346707015569","potions_obtained":[{"floor":5,"key":"Regen Potion"},{"floor":7,"key":"Ancient Potion"},{"floor":11,"key":"Regen Potion"},{"floor":12,"key":"SkillPotion"},{"floor":14,"key":"Dexterity Potion"},{"floor":18,"key":"PowerPotion"},{"floor":20,"key":"Swift Potion"},{"floor":21,"key":"Ancient Potion"},{"floor":24,"key":"Strength Potion"}],"is_trial":false,"path_per_floor":["M","M","M","M","M","R","M","R","T","$","M","E","R","M","R","B",null,"M","?","M","M","?","R","E","?","T","R","?"],"character_chosen":"DEFECT","items_purchased":["Hologram"],"campfire_rested":1,"item_purchase_floors":[10],"current_hp_per_floor":[68,67,65,60,53,53,53,53,53,53,53,53,53,52,52,27,68,64,64,62,46,30,50,41,41,41,41,0],"gold":338,"neow_bonus":"ONE_RARE_RELIC","is_prod":false,"is_daily":false,"chose_seed":false,"campfire_upgraded":5,"win_rate":0,"timestamp":1564626888,"path_taken":["M","?","M","M","M","R","M","R","T","$","M","E","R","M","R","BOSS","M","?","M","?","?","R","E","?","T","R","?"],"build_version":"2019-07-17","purchased_purges":1,"victory":false,"max_hp_per_floor":[68,68,68,68,68,68,68,68,68,68,68,68,68,68,68,68,68,68,68,68,68,68,68,68,68,68,68,68],"card_choices":[{"not_picked":["Go for the Eyes","Rebound"],"picked":"BootSequence","floor":1},{"not_picked":["Chaos","Stack"],"picked":"White Noise","floor":2},{"not_picked":["Redo","Force Field","Turbo"],"picked":"SKIP","floor":3},{"not_picked":["Conserve Battery","Turbo"],"picked":"Double Energy","floor":4},{"not_picked":["Leap","Steam Power"],"picked":"White Noise","floor":5},{"not_picked":["Doom and Gloom","Consume"],"picked":"Coolheaded","floor":7},{"not_picked":["Auto Shields","Leap"],"picked":"Buffer","floor":11},{"not_picked":["Scrape","Go for the Eyes"],"picked":"Storm","floor":12},{"not_picked":["Turbo","Barrage"],"picked":"Hologram","floor":14},{"not_picked":["Machine Learning","Echo Form"],"picked":"Creative AI","floor":16},{"not_picked":["Scrape","Go for the Eyes","Streamline"],"picked":"SKIP","floor":18},{"not_picked":["Rebound","Turbo+1"],"picked":"Glacier","floor":20},{"not_picked":["Barrage","Aggregate+1"],"picked":"Tempest","floor":21},{"not_picked":["Chaos+1","Tempest"],"picked":"White Noise","floor":24}],"player_experience":1609030,"relics_obtained":[{"floor":9,"key":"Potion Belt"},{"floor":12,"key":"Cables"},{"floor":22,"key":"Nilry\u0027s Codex"},{"floor":24,"key":"Matryoshka"},{"floor":26,"key":"Happy Flower"},{"floor":26,"key":"Toxic Egg 2"}],"event_choices":[{"cards_removed":["Strike_B"],"damage_healed":0,"gold_gain":0,"player_choice":"Offered Basic","damage_taken":0,"max_hp_gain":0,"max_hp_loss":0,"event_name":"Bonfire Elementals","floor":19,"gold_loss":0},{"damage_healed":0,"gold_gain":0,"player_choice":"Obtained Book","damage_taken":16,"max_hp_gain":0,"max_hp_loss":0,"event_name":"Cursed Tome","floor":22,"gold_loss":0},{"damage_healed":0,"gold_gain":0,"player_choice":"Opened","damage_taken":0,"relics_obtained":["DataDisk"],"max_hp_gain":0,"max_hp_loss":0,"event_name":"The Mausoleum","floor":25,"gold_loss":0},{"damage_healed":0,"gold_gain":0,"player_choice":"Fought Bandits","damage_taken":0,"max_hp_gain":0,"max_hp_loss":0,"event_name":"Masked Bandits","floor":28,"gold_loss":0}],"is_beta":false,"boss_relics":[{"not_picked":["Black Star","FrozenCore"],"picked":"White Beast Statue"}],"items_purged_floors":[10],"is_endless":false,"potions_floor_spawned":[5,7,11,12,14,18,20,21,24],"killed_by":"Masked Bandits","ascension_level":0}