{"gold_per_floor":[119,130,145,420,434,434,450,450,520,547,561,561,580,608,620,737,749,773,805,836,848,194,222,222,9,36,36,36,69,69,85,85,187,187,207,207,13,24,38,69,69,88,114,114,131,2,2,16,16,16,16,16,16,48,48],"floor_reached":56,"playtime":3264,"items_purged":["Regret"],"score":1404,"play_id":"f8cb4fde-8668-4edc-b573-b00c4cdea8e1","local_time":"20190215030502","is_ascension_mode":true,"campfire_choices":[{"data":"Searing Blow","floor":6,"key":"SMITH"},{"data":"Searing Blow+1","floor":8,"key":"SMITH"},{"data":"Searing Blow+2","floor":12,"key":"SMITH"},{"data":"True Grit","floor":15,"key":"SMITH"},{"data":"Searing Blow+3","floor":24,"key":"SMITH"},{"data":"Searing Blow+4","floor":27,"key":"SMITH"},{"data":"Searing Blow+5","floor":28,"key":"SMITH"},{"data":"Searing Blow+6","floor":30,"key":"SMITH"},{"data":"Searing Blow+7","floor":32,"key":"SMITH"},{"floor":47,"key":"RECALL"},{"data":"Corruption","floor":49,"key":"SMITH"},{"data":"Bloodletting","floor":52,"key":"SMITH"}],"neow_cost":"NONE","seed_source_timestamp":141831718080275,"circlet_count":0,"master_deck":["Bash","Headbutt","Clothesline","Seeing Red","Searing Blow+8","Iron Wave","Impervious","True Grit+1","Uppercut","Berserk","Armaments","Armaments","Ghostly","Ghostly","Ghostly","Ghostly","Ghostly","Magnetism","Discovery","Warcry","Fiend Fire","Flash of Steel","Shrug It Off","Impervious","Juggernaut","Evolve","Dual Wield","Dropkick","Bloodletting+1","Dark Embrace","Metallicize","Feed","Second Wind+1","Jack Of All Trades","Flash of Steel","Deep Breath","Seeing Red","Corruption+1","Feel No Pain+1","Parasite","Feel No Pain","Impervious","Sentinel+1","Seeing Red"],"relics":["Burning Blood","Pantograph","Du-Vu Doll","MawBank","Coffee Dripper","Dead Branch","WingedGreaves","Pen Nib","Meat on the Bone","Pandora\u0027s Box","ClockworkSouvenir","Bird Faced Urn","Bronze Scales","Blood Vial"],"potions_floor_usage":[2,5,14,16,55,55,55],"damage_taken":[{"damage":3,"enemies":"Small Slimes","floor":1,"turns":3},{"damage":6,"enemies":"Cultist","floor":2,"turns":3},{"damage":1,"enemies":"2 Louse","floor":3,"turns":2},{"damage":23,"enemies":"Exordium Thugs","floor":5,"turns":6},{"damage":10,"enemies":"Red Slaver","floor":7,"turns":3},{"damage":12,"enemies":"Gremlin Nob","floor":10,"turns":4},{"damage":0,"enemies":"Large Slime","floor":11,"turns":4},{"damage":15,"enemies":"3 Louse","floor":13,"turns":4},{"damage":19,"enemies":"Lagavulin","floor":14,"turns":6},{"damage":60,"enemies":"Slime Boss","floor":16,"turns":12},{"damage":8,"enemies":"Shell Parasite","floor":18,"turns":4},{"damage":24,"enemies":"Spheric Guardian","floor":19,"turns":4},{"damage":18,"enemies":"Snake Plant","floor":20,"turns":4},{"damage":1,"enemies":"Gremlin Leader","floor":23,"turns":8},{"damage":29,"enemies":"Slavers","floor":29,"turns":6},{"damage":0,"enemies":"Centurion and Healer","floor":31,"turns":7},{"damage":12,"enemies":"Champ","floor":33,"turns":9},{"damage":3,"enemies":"3 Shapes","floor":35,"turns":3},{"damage":21,"enemies":"3 Darklings","floor":38,"turns":6},{"damage":1,"enemies":"Jaw Worm Horde","floor":39,"turns":5},{"damage":4,"enemies":"Giant Head","floor":40,"turns":9},{"damage":12,"enemies":"Transient","floor":42,"turns":5},{"damage":3,"enemies":"Writhing Mass","floor":45,"turns":5},{"damage":9,"enemies":"3 Darklings","floor":48,"turns":4},{"damage":1,"enemies":"Donu and Deca","floor":50,"turns":5},{"damage":7,"enemies":"Shield and Spear","floor":54,"turns":5},{"damage":14,"enemies":"The Heart","floor":55,"turns":7}],"seed_played":"5554163721461668718","potions_obtained":[{"floor":0,"key":"FairyPotion"},{"floor":0,"key":"Strength Potion"},{"floor":0,"key":"SteroidPotion"},{"floor":2,"key":"Fruit Juice"},{"floor":3,"key":"Energy Potion"},{"floor":13,"key":"Regen Potion"},{"floor":14,"key":"Poison Potion"},{"floor":16,"key":"LiquidBronze"},{"floor":19,"key":"GamblersBrew"}],"is_trial":false,"path_per_floor":["M","M","M","?","M","R","M","R","T","E","M","R","M","E","R","B",null,"M","M","M","?","$","E","R","$","T","R","R","E","R","M","R","B",null,"M","?","$","M","M","E","?","M","T","?","M","$","R","M","R","B",null,"R","$","E","B",null],"character_chosen":"IRONCLAD","items_purchased":["Dead Branch","Magnetism","Discovery","Warcry","Flash of Steel","Shrug It Off","Ancient Potion","ClockworkSouvenir","Impervious","PowerPotion"],"campfire_rested":0,"item_purchase_floors":[22,22,22,22,25,25,25,37,46,46],"current_hp_per_floor":[80,85,85,85,68,68,64,64,64,58,64,64,55,57,57,28,85,83,65,53,42,42,42,42,42,42,42,42,19,19,37,37,36,42,45,35,35,32,37,39,39,45,45,45,45,45,45,45,45,48,48,48,48,48,48],"gold":48,"neow_bonus":"THREE_SMALL_POTIONS","is_prod":false,"is_daily":false,"chose_seed":false,"campfire_upgraded":11,"win_rate":0,"timestamp":1550189102,"path_taken":["M","M","M","?","M","R","?","R","T","E","M","R","M","E","R","BOSS","M","M","?","?","?","E","R","$","T","R","R","E","R","M","R","BOSS","M","?","$","M","M","E","?","?","T","?","M","?","R","M","R","BOSS","R","$","E","BOSS"],"build_version":"2019-02-06","purchased_purges":1,"victory":true,"max_hp_per_floor":[80,85,85,85,85,85,85,85,85,85,85,85,85,85,85,85,85,85,85,85,42,42,42,42,42,42,42,42,42,42,42,42,42,42,45,45,45,45,45,45,45,45,45,45,45,45,45,45,45,48,48,48,48,48,48],"card_choices":[{"not_picked":["Combust","Perfected Strike"],"picked":"Headbutt","floor":1},{"not_picked":["Body Slam","Seeing Red"],"picked":"Clothesline","floor":2},{"not_picked":["Perfected Strike","Wild Strike"],"picked":"Seeing Red","floor":3},{"not_picked":["Bloodletting","Rupture"],"picked":"Searing Blow","floor":5},{"not_picked":["Heavy Blade","Flex"],"picked":"Iron Wave","floor":7},{"not_picked":["Pummel","Headbutt"],"picked":"Impervious","floor":10},{"not_picked":["Headbutt","Thunderclap","Flex"],"picked":"SKIP","floor":11},{"not_picked":["Clash","Spot Weakness"],"picked":"True Grit","floor":13},{"not_picked":["Warcry","Havoc"],"picked":"Uppercut","floor":14},{"not_picked":["Dark Embrace","Fiend Fire"],"picked":"Berserk","floor":16},{"not_picked":["Dropkick+1","Rupture"],"picked":"Armaments","floor":18},{"not_picked":["Iron Wave+1","Heavy Blade"],"picked":"Armaments","floor":19},{"not_picked":["Perfected Strike","Thunderclap","Iron Wave"],"picked":"SKIP","floor":20},{"not_picked":["Heavy Blade+1","Limit Break"],"picked":"Fiend Fire","floor":23},{"not_picked":["Flex","True Grit","Anger"],"picked":"SKIP","floor":29},{"not_picked":["Wild Strike","Uppercut"],"picked":"Impervious","floor":31},{"not_picked":["Fiend Fire","Reaper"],"picked":"Juggernaut","floor":33},{"not_picked":["Thunderclap","Bloodletting+1"],"picked":"Second Wind+1","floor":35},{"not_picked":["Purity","Dramatic Entrance"],"picked":"Jack Of All Trades","floor":36},{"not_picked":["Impatience","Dramatic Entrance"],"picked":"Flash of Steel","floor":36},{"not_picked":["The Bomb","Mind Blast"],"picked":"Deep Breath","floor":36},{"not_picked":["Burning Pact","Dual Wield"],"picked":"Seeing Red","floor":38},{"not_picked":["Sword Boomerang","Whirlwind","Armaments"],"picked":"SKIP","floor":39},{"not_picked":["Armaments+1","Second Wind"],"picked":"Corruption","floor":40},{"not_picked":["Cleave","Body Slam+1"],"picked":"Feel No Pain+1","floor":42},{"not_picked":["Wild Strike+1","Headbutt+1"],"picked":"Feel No Pain","floor":45},{"not_picked":["Rage+1","Hemokinesis+1"],"picked":"Sentinel+1","floor":48},{"not_picked":["Rampage+1","Havoc"],"picked":"Seeing Red","floor":54}],"player_experience":1148968,"relics_obtained":[{"floor":9,"key":"Pantograph"},{"floor":10,"key":"Du-Vu Doll"},{"floor":14,"key":"MawBank"},{"floor":23,"key":"WingedGreaves"},{"floor":26,"key":"Pen Nib"},{"floor":29,"key":"Meat on the Bone"},{"floor":40,"key":"Bird Faced Urn"},{"floor":54,"key":"Blood Vial"}],"event_choices":[{"damage_healed":0,"gold_gain":275,"player_choice":"Desecrate","damage_taken":0,"max_hp_gain":0,"max_hp_loss":0,"event_name":"Golden Shrine","floor":4,"gold_loss":0,"cards_obtained":["Regret"]},{"damage_healed":0,"gold_gain":0,"player_choice":"Became a Ghost","damage_taken":0,"max_hp_gain":0,"max_hp_loss":43,"event_name":"Ghosts","floor":21,"gold_loss":0,"cards_obtained":["Ghostly","Ghostly","Ghostly","Ghostly","Ghostly"]},{"damage_healed":0,"gold_gain":0,"player_choice":"Memory 3","damage_taken":10,"max_hp_gain":0,"max_hp_loss":0,"event_name":"SensoryStone","floor":36,"gold_loss":0},{"cards_removed":["Spot Weakness"],"damage_healed":0,"gold_gain":0,"player_choice":"Gave Card","damage_taken":0,"relics_obtained":["Bronze Scales"],"max_hp_gain":0,"max_hp_loss":0,"event_name":"WeMeetAgain","floor":41,"gold_loss":0},{"cards_removed":["Heavy Blade"],"damage_healed":0,"gold_gain":0,"player_choice":"Removed Attack","damage_taken":0,"max_hp_gain":0,"max_hp_loss":0,"event_name":"Falling","floor":44,"gold_loss":0}],"is_beta":true,"boss_relics":[{"not_picked":["Black Blood","Eternal Feather"],"picked":"Coffee Dripper"},{"not_picked":["Velvet Choker","Orrery"],"picked":"Pandora\u0027s Box"}],"items_purged_floors":[22],"is_endless":false,"potions_floor_spawned":[2,3,13,14,16,18,19,31,33,38,39,42,45],"ascension_level":1}