{"gold_per_floor":[112,131,131,16,31,60,60,72,72,91,106,106],"floor_reached":12,"playtime":368,"items_purged":[],"score":86,"play_id":"4f811fbb-d39b-48cd-a477-cfa430871ce0","local_time":"20181216065301","is_ascension_mode":true,"campfire_choices":[{"data":"Whirlwind","floor":7,"key":"SMITH"}],"neow_cost":"NONE","seed_source_timestamp":204898861958708,"circlet_count":0,"master_deck":["Strike_R","Strike_R","Strike_R","Strike_R","Strike_R","Defend_R","Defend_R","Defend_R","Defend_R","Bash","Berserk+1","Clothesline","Ghostly Armor","Disarm","Anger","Clash","Whirlwind+1","Anger","Carnage","Offering"],"relics":["Burning Blood","Mummified Hand","Question Card"],"potions_floor_usage":[6,10,12,12],"damage_taken":[{"damage":8,"enemies":"Cultist","floor":1,"turns":4},{"damage":3,"enemies":"Jaw Worm","floor":2,"turns":4},{"damage":2,"enemies":"2 Louse","floor":5,"turns":2},{"damage":38,"enemies":"Gremlin Nob","floor":6,"turns":5},{"damage":5,"enemies":"Looter","floor":8,"turns":3},{"damage":34,"enemies":"Gremlin Gang","floor":10,"turns":4},{"damage":9,"enemies":"Large Slime","floor":11,"turns":4},{"damage":34,"enemies":"3 Sentries","floor":12,"turns":4}],"seed_played":"1123011202854185586","potions_obtained":[{"floor":1,"key":"EssenceOfSteel"},{"floor":2,"key":"SteroidPotion"},{"floor":5,"key":"BloodPotion"},{"floor":11,"key":"Weak Potion"}],"is_trial":false,"path_per_floor":["M","M","?","$","M","E","R","M","T","M","M","E"],"character_chosen":"IRONCLAD","items_purchased":["Disarm","Anger"],"campfire_rested":0,"item_purchase_floors":[4,4],"current_hp_per_floor":[78,80,80,80,80,48,48,49,49,21,18,0],"gold":106,"neow_bonus":"ONE_RANDOM_RARE_CARD","is_prod":false,"is_daily":false,"chose_seed":false,"campfire_upgraded":1,"win_rate":0,"timestamp":1544932381,"path_taken":["M","?","?","?","M","E","R","M","T","M","M","E"],"build_version":"2018-12-13","purchased_purges":0,"victory":false,"max_hp_per_floor":[80,80,80,80,80,80,80,80,80,80,80,80],"card_choices":[{"not_picked":["Fire Breathing","Dropkick"],"picked":"Clothesline","floor":1},{"not_picked":["Cleave","Feel No Pain"],"picked":"Ghostly Armor","floor":2},{"not_picked":["Infernal Blade","Warcry"],"picked":"Clash","floor":5},{"not_picked":["Sword Boomerang","Body Slam"],"picked":"Whirlwind","floor":6},{"not_picked":["Clothesline","Clash"],"picked":"Anger","floor":8},{"not_picked":["Reckless Charge","Thunderclap","Clothesline"],"picked":"Carnage","floor":10},{"not_picked":["Ghostly Armor","Thunderclap","Intimidate"],"picked":"Offering","floor":11}],"player_experience":978605,"relics_obtained":[{"floor":6,"key":"Mummified Hand"},{"floor":9,"key":"Question Card"}],"event_choices":[{"damage_healed":0,"gold_gain":0,"player_choice":"Grow","damage_taken":0,"max_hp_gain":0,"max_hp_loss":0,"event_name":"Living Wall","floor":3,"gold_loss":0,"cards_upgraded":["Berserk"]}],"is_beta":true,"boss_relics":[],"items_purged_floors":[],"is_endless":false,"potions_floor_spawned":[1,2,5,11],"killed_by":"3 Sentries","ascension_level":1}