{"gold_per_floor":[114,131,131,131,131,165,165,185,185,197,212,212,538,556,556,556],"floor_reached":16,"playtime":917,"items_purged":[],"score":118,"play_id":"3f3bfe17-e2d6-4e3d-a008-82e4d0ba1fab","local_time":"20190911083231","is_ascension_mode":true,"campfire_choices":[{"floor":7,"key":"REST"},{"data":"Dodge and Roll","floor":12,"key":"SMITH"},{"data":"Leg Sweep","floor":15,"key":"SMITH"}],"neow_cost":"NONE","seed_source_timestamp":329463215134300,"circlet_count":0,"master_deck":["Strike_G","Strike_G","Strike_G","Strike_G","Strike_G","Defend_G+1","Defend_G","Defend_G","Defend_G","Defend_G","Survivor","Neutralize+1","Dodge and Roll+1","Leg Sweep+1","Backflip","Deadly Poison","Predator","Infinite Blades","Dagger Spray","PiercingWail"],"relics":["Ring of the Snake","Torii","Blue Candle","Old Coin"],"potions_floor_usage":[16,16,16],"damage_taken":[{"damage":0,"enemies":"2 Louse","floor":1,"turns":4},{"damage":3,"enemies":"Jaw Worm","floor":2,"turns":7},{"damage":47,"enemies":"Gremlin Nob","floor":6,"turns":8},{"damage":0,"enemies":"Small Slimes","floor":8,"turns":4},{"damage":1,"enemies":"Red Slaver","floor":10,"turns":6},{"damage":10,"enemies":"Looter","floor":11,"turns":3},{"damage":2,"enemies":"3 Sentries","floor":13,"turns":11},{"damage":1,"enemies":"3 Louse","floor":14,"turns":4},{"damage":18,"enemies":"Slime Boss","floor":16,"turns":7}],"seed_played":"3533166022755013773","potions_obtained":[{"floor":6,"key":"GhostInAJar"},{"floor":10,"key":"GamblersBrew"},{"floor":13,"key":"Dexterity Potion"}],"is_trial":false,"path_per_floor":["M","M","?","?","?","E","R","M","T","M","M","R","E","M","R","B"],"character_chosen":"THE_SILENT","items_purchased":[],"campfire_rested":1,"item_purchase_floors":[],"current_hp_per_floor":[70,67,72,65,50,3,25,25,25,24,14,14,12,11,11,0],"gold":556,"neow_bonus":"RANDOM_COLORLESS","is_prod":false,"is_daily":false,"chose_seed":false,"campfire_upgraded":2,"win_rate":0,"timestamp":1568179951,"path_taken":["M","M","?","?","?","E","R","M","T","?","M","R","E","M","R","BOSS"],"build_version":"2019-09-10","purchased_purges":0,"victory":false,"max_hp_per_floor":[70,70,75,75,75,75,75,75,75,75,75,75,75,75,75,75],"card_choices":[{"not_picked":["Bane","Quick Slash"],"picked":"Dodge and Roll","floor":1},{"not_picked":["All Out Attack","Flying Knee"],"picked":"Leg Sweep","floor":2},{"not_picked":["Acrobatics","Blade Dance"],"picked":"Backflip","floor":6},{"not_picked":["Blade Dance","Underhanded Strike"],"picked":"Deadly Poison","floor":8},{"not_picked":["Flying Knee","Night Terror"],"picked":"Predator","floor":10},{"not_picked":["Calculated Gamble","Outmaneuver"],"picked":"Infinite Blades","floor":11},{"not_picked":["Acrobatics","Prepared"],"picked":"Dagger Spray","floor":13},{"not_picked":["Dagger Spray","Dodge and Roll"],"picked":"PiercingWail","floor":14}],"player_experience":266051,"relics_obtained":[{"floor":6,"key":"Torii"},{"floor":9,"key":"Blue Candle"},{"floor":13,"key":"Old Coin"}],"event_choices":[{"damage_healed":0,"gold_gain":0,"player_choice":"Donut","damage_taken":0,"max_hp_gain":5,"max_hp_loss":0,"event_name":"Big Fish","floor":3,"gold_loss":0},{"cards_removed":["Forethought"],"damage_healed":0,"gold_gain":0,"player_choice":"Card Removal","damage_taken":7,"max_hp_gain":0,"max_hp_loss":0,"event_name":"Golden Wing","floor":4,"gold_loss":0},{"damage_healed":0,"gold_gain":0,"player_choice":"Entered Light","damage_taken":15,"max_hp_gain":0,"max_hp_loss":0,"event_name":"Shining Light","floor":5,"gold_loss":0,"cards_upgraded":["Neutralize","Defend_G"]}],"is_beta":true,"boss_relics":[],"items_purged_floors":[],"is_endless":false,"potions_floor_spawned":[6,10,13],"killed_by":"Slime Boss","ascension_level":1}