{"gold_per_floor":[113,113,127,127,146,177,177,207,207,207,220,220,145,155,155,259,259,278,303,322,237,237,268,268,285,360,390,407,435,81,111,111,206,206,223,323,323,545,561,561,591,591,591,591,636,636,671,683,683,683,683,683,39,74,74],"floor_reached":56,"playtime":2561,"items_purged":["Strike_G","Strike_G","Dagger Spray"],"score":1623,"play_id":"d0943c29-24ef-430a-ae81-8b80f040ba50","local_time":"20190815082436","is_ascension_mode":true,"campfire_choices":[{"data":"Searing Blow+5","floor":7,"key":"SMITH"},{"data":"Searing Blow+6","floor":10,"key":"SMITH"},{"data":"Searing Blow+7","floor":15,"key":"SMITH"},{"data":"Malaise","floor":24,"key":"SMITH"},{"data":"Doppelganger","floor":32,"key":"SMITH"},{"data":"Searing Blow+8","floor":40,"key":"SMITH"},{"data":"Searing Blow+9","floor":42,"key":"SMITH"},{"data":"Searing Blow+10","floor":44,"key":"SMITH"},{"data":"Searing Blow+11","floor":46,"key":"SMITH"},{"floor":49,"key":"RECALL"},{"data":"Searing Blow+12","floor":52,"key":"SMITH"}],"neow_cost":"TEN_PERCENT_HP_LOSS","seed_source_timestamp":488239466193621,"circlet_count":0,"master_deck":["Defend_G","Defend_G","Defend_G","Defend_G","Defend_G","Survivor","Blade Dance","Searing Blow+13","Terror","Malaise+1","Acrobatics","Doppelganger+1","Escape Plan+1","Night Terror","Backstab","Backstab","Adrenaline","PiercingWail","Madness","Madness","Escape Plan+1","Prepared+1","Prepared+1","Deflect","Deflect","Backflip"],"relics":["Ring of the Snake","WingedGreaves","Dead Branch","Sundial","Meat on the Bone","Pear","HoveringKite","Red Mask","Bronze Scales","Question Card","Pantograph","Matryoshka","Pen Nib","Tingsha","Gremlin Horn","The Courier","Empty Cage","Du-Vu Doll","Ninja Scroll","Smiling Mask","Girya","Torii","Happy Flower","Lantern","Toy Ornithopter","Boot"],"potions_floor_usage":[19,33,50,55,55,55,55,55],"damage_taken":[{"damage":6,"enemies":"2 Louse","floor":1,"turns":5},{"damage":0,"enemies":"Small Slimes","floor":3,"turns":2},{"damage":1,"enemies":"Cultist","floor":5,"turns":3},{"damage":9,"enemies":"3 Sentries","floor":6,"turns":5},{"damage":0,"enemies":"Gremlin Nob","floor":8,"turns":2},{"damage":0,"enemies":"Looter","floor":11,"turns":3},{"damage":2,"enemies":"Exordium Wildlife","floor":14,"turns":3},{"damage":0,"enemies":"Slime Boss","floor":16,"turns":2},{"damage":0,"enemies":"Spheric Guardian","floor":18,"turns":1},{"damage":8,"enemies":"Masked Bandits","floor":19,"turns":5},{"damage":0,"enemies":"Chosen","floor":20,"turns":3},{"damage":20,"enemies":"Slavers","floor":23,"turns":5},{"damage":0,"enemies":"Snecko","floor":25,"turns":3},{"damage":5,"enemies":"Gremlin Leader","floor":27,"turns":2},{"damage":0,"enemies":"Cultist and Chosen","floor":28,"turns":4},{"damage":0,"enemies":"Book of Stabbing","floor":29,"turns":2},{"damage":2,"enemies":"Gremlin Leader","floor":31,"turns":3},{"damage":21,"enemies":"Automaton","floor":33,"turns":6},{"damage":6,"enemies":"3 Darklings","floor":35,"turns":2},{"damage":0,"enemies":"Mind Bloom Boss Battle","floor":36,"turns":2},{"damage":0,"enemies":"Orb Walker","floor":39,"turns":1},{"damage":0,"enemies":"Giant Head","floor":41,"turns":3},{"damage":0,"enemies":"2 Orb Walkers","floor":45,"turns":3},{"damage":0,"enemies":"Reptomancer","floor":47,"turns":2},{"damage":0,"enemies":"Jaw Worm Horde","floor":48,"turns":1},{"damage":16,"enemies":"Time Eater","floor":50,"turns":6},{"damage":0,"enemies":"Shield and Spear","floor":54,"turns":1},{"damage":56,"enemies":"The Heart","floor":55,"turns":8}],"seed_played":"-5458984623146842002","potions_obtained":[{"floor":3,"key":"Fire Potion"},{"floor":6,"key":"Swift Potion"},{"floor":11,"key":"Ancient Potion"},{"floor":19,"key":"Fire Potion"},{"floor":27,"key":"Block Potion"},{"floor":31,"key":"SkillPotion"},{"floor":33,"key":"Explosive Potion"},{"floor":36,"key":"Dexterity Potion"}],"is_trial":false,"path_per_floor":["M","?","M","?","M","E","R","E","T","R","M","?","$","M","R","B",null,"M","?","M","?","T","E","R","M","T","E","M","E","$","E","R","B",null,"M","?","?","?","M","R","E","R","T","R","?","R","E","M","R","B",null,"R","$","E","B",null],"character_chosen":"THE_SILENT","items_purchased":["Gremlin Horn","EntropicBrew","Happy Flower","Deflect","Deflect","Backflip","Lantern","Toy Ornithopter"],"campfire_rested":0,"item_purchase_floors":[30,53,53,53,53,53,53,53],"current_hp_per_floor":[57,50,50,50,49,40,40,40,40,40,40,32,32,42,42,42,73,73,65,65,65,65,45,45,45,45,40,40,40,40,38,38,42,73,67,73,64,64,64,64,64,64,64,64,64,64,64,64,64,57,73,73,73,73,46],"gold":74,"neow_bonus":"ONE_RARE_RELIC","is_prod":false,"is_daily":false,"chose_seed":false,"campfire_upgraded":10,"win_rate":0,"timestamp":1565846676,"path_taken":["M","?","M","?","?","E","R","E","T","R","M","?","?","M","R","BOSS","M","?","M","?","?","E","R","M","T","E","M","E","$","E","R","BOSS","M","?","?","?","?","R","E","R","T","R","?","R","E","M","R","BOSS","R","$","E","BOSS"],"build_version":"2019-07-17","purchased_purges":3,"victory":true,"max_hp_per_floor":[63,63,63,63,63,63,63,63,63,63,63,73,73,73,73,73,73,73,73,73,73,73,73,73,73,73,73,73,73,73,73,73,73,73,73,73,73,73,73,73,73,73,73,73,73,73,73,73,73,73,73,73,73,73,73],"card_choices":[{"not_picked":["Accuracy","Outmaneuver"],"picked":"Dagger Spray","floor":1},{"not_picked":["Dagger Spray","Dagger Throw"],"picked":"Blade Dance","floor":3},{"not_picked":["Deadly Poison","Heel Hook"],"picked":"Terror","floor":5},{"not_picked":["Slice","Cloak And Dagger"],"picked":"Malaise","floor":6},{"not_picked":["Prepared","Choke","Flying Knee"],"picked":"SKIP","floor":8},{"not_picked":["Deadly Poison","Cloak And Dagger"],"picked":"Acrobatics","floor":11},{"not_picked":["Bane","Acrobatics","Slice"],"picked":"SKIP","floor":14},{"not_picked":["A Thousand Cuts","Grand Finale"],"picked":"Doppelganger","floor":16},{"not_picked":["Flechettes+1","Bane","Setup+1"],"picked":"SKIP","floor":18},{"not_picked":["Tactician+1","Cloak And Dagger"],"picked":"Escape Plan+1","floor":20},{"not_picked":["Heel Hook","Bouncing Flask","Cloak And Dagger","Blur"],"picked":"SKIP","floor":23},{"not_picked":["Dodge and Roll","Accuracy","Expertise","Flying Knee"],"picked":"SKIP","floor":25},{"not_picked":["Quick Slash","Poisoned Stab+1","Well Laid Plans"],"picked":"Night Terror","floor":27},{"not_picked":["Outmaneuver+1","Heel Hook","Deflect+1","Acrobatics"],"picked":"SKIP","floor":28},{"not_picked":["Flying Knee","Deadly Poison","Cloak And Dagger"],"picked":"Backstab","floor":29},{"not_picked":["Finisher","Crippling Poison+1","Bane"],"picked":"Backstab","floor":31},{"not_picked":["Doppelganger","Malaise","Wraith Form v2"],"picked":"Adrenaline","floor":33},{"not_picked":["Choke+1","Quick Slash","Outmaneuver","PiercingWail"],"picked":"SKIP","floor":35},{"not_picked":["Reflex+1","Endless Agony+1","Leg Sweep"],"picked":"PiercingWail","floor":36},{"not_picked":["Cloak And Dagger+1","Prepared","Backflip"],"picked":"Escape Plan+1","floor":39},{"not_picked":["Expertise+1","Well Laid Plans","Endless Agony","Deadly Poison+1"],"picked":"SKIP","floor":41},{"not_picked":["Dagger Throw","Blade Dance","Expertise"],"picked":"Prepared+1","floor":45},{"not_picked":["Deadly Poison+1","Cloak And Dagger","Dagger Throw+1","Die Die Die"],"picked":"SKIP","floor":47},{"not_picked":["Dagger Throw","Cloak And Dagger+1","Flying Knee+1"],"picked":"Prepared+1","floor":48},{"not_picked":["Backstab","Deflect","Dagger Throw+1","Underhanded Strike+1"],"picked":"SKIP","floor":54}],"player_experience":218562,"relics_obtained":[{"floor":6,"key":"Dead Branch"},{"floor":8,"key":"Sundial"},{"floor":9,"key":"Meat on the Bone"},{"floor":19,"key":"Red Mask"},{"floor":22,"key":"Question Card"},{"floor":23,"key":"Pantograph"},{"floor":26,"key":"Matryoshka"},{"floor":27,"key":"Pen Nib"},{"floor":29,"key":"Tingsha"},{"floor":31,"key":"The Courier"},{"floor":36,"key":"Du-Vu Doll"},{"floor":41,"key":"Ninja Scroll"},{"floor":43,"key":"Smiling Mask"},{"floor":45,"key":"Girya"},{"floor":47,"key":"Torii"},{"floor":54,"key":"Boot"}],"event_choices":[{"cards_removed":["Strike_G"],"damage_healed":0,"gold_gain":0,"player_choice":"Card Removal","damage_taken":7,"max_hp_gain":0,"max_hp_loss":0,"event_name":"Golden Wing","floor":2,"gold_loss":0},{"cards_removed":["Neutralize"],"damage_healed":0,"gold_gain":0,"player_choice":"Took Card","damage_taken":0,"max_hp_gain":0,"max_hp_loss":0,"event_name":"NoteForYourself","floor":4,"gold_loss":0,"cards_obtained":["Searing Blow"]},{"damage_healed":0,"gold_gain":0,"player_choice":"Success","damage_taken":18,"relics_obtained":["Pear"],"max_hp_gain":0,"max_hp_loss":0,"event_name":"Scrap Ooze","floor":12,"gold_loss":0},{"damage_healed":0,"gold_gain":0,"player_choice":"Fought Bandits","damage_taken":0,"max_hp_gain":0,"max_hp_loss":0,"event_name":"Masked Bandits","floor":19,"gold_loss":0},{"damage_healed":0,"gold_gain":0,"player_choice":"Obtained Relic","damage_taken":0,"relics_obtained":["Bronze Scales"],"max_hp_gain":0,"max_hp_loss":0,"event_name":"Addict","floor":21,"gold_loss":85},{"damage_healed":0,"gold_gain":0,"player_choice":"Fight","damage_taken":0,"max_hp_gain":0,"max_hp_loss":0,"event_name":"MindBloom","floor":36,"gold_loss":0},{"damage_healed":0,"gold_gain":0,"player_choice":"Embrace Madness","damage_taken":9,"max_hp_gain":0,"max_hp_loss":0,"event_name":"Winding Halls","floor":37,"gold_loss":0,"cards_obtained":["Madness","Madness"]},{"damage_healed":0,"gold_gain":222,"player_choice":"Wore Mask","damage_taken":0,"max_hp_gain":0,"max_hp_loss":0,"event_name":"Tomb of Lord Red Mask","floor":38,"gold_loss":0},{"damage_healed":0,"gold_gain":0,"player_choice":"Fight","damage_taken":0,"max_hp_gain":0,"max_hp_loss":0,"event_name":"Mysterious Sphere","floor":45,"gold_loss":0}],"is_beta":false,"boss_relics":[{"not_picked":["Busted Crown","Runic Dome"],"picked":"HoveringKite"},{"not_picked":["WristBlade","Tiny House"],"picked":"Empty Cage"}],"items_purged_floors":[13,30,53],"is_endless":false,"potions_floor_spawned":[3,6,11,14,19,23,27,31,33,36,41,45,47],"ascension_level":1}