{"gold_per_floor":[117,117,192,206,223,248,248,282,282,317,41,52,52,68,68,170,170,183,193,193,193,209,237,248,264,341,341,369,379,379,478,478,583,583,602,602,602,617,617,617,631,658,681,591,610,637,651,662,662,662],"floor_reached":51,"playtime":4445,"items_purged":["Strike_R"],"score":859,"play_id":"289a7767-c899-4224-8693-869f940ce330","local_time":"20181203111321","is_ascension_mode":true,"campfire_choices":[{"data":"Barricade","floor":7,"key":"SMITH"},{"data":"Metallicize","floor":13,"key":"SMITH"},{"data":"Panache","floor":15,"key":"SMITH"},{"data":"Entrench","floor":27,"key":"SMITH"},{"data":"Ghostly Armor","floor":30,"key":"SMITH"},{"data":"Spot Weakness","floor":32,"key":"SMITH"},{"data":"Magnetism","floor":40,"key":"SMITH"},{"floor":49,"key":"REST"}],"neow_cost":"PERCENT_DAMAGE","seed_source_timestamp":1131163413181409,"circlet_count":0,"master_deck":["Strike_R+1","Strike_R+1","Strike_R+1","Defend_R+1","Defend_R+1","Defend_R+1","Defend_R+1","Bash","Barricade+1","Clothesline+1","Metallicize+1","Ghostly Armor+1","Iron Wave+1","Panache+1","Infernal Blade+1","Entrench+1","Reaper","Armaments","Iron Wave+1","Spot Weakness+1","Disarm+1","Juggernaut","Iron Wave","The Bomb","Magnetism+1","Madness","Madness+1","Disarm","Infernal Blade+1"],"relics":["Burning Blood","Orichalcum","Mercury Hourglass","Singing Bowl","Whetstone","Omamori","White Beast Statue","GremlinMask","Bronze Scales","Art of War","Busted Crown","Blood Vial","War Paint","Bottled Flame"],"potions_floor_usage":[8,10,18,22,23,24,28,28,33,33,41,42,46,46,48,48,50],"damage_taken":[{"damage":20,"enemies":"Jaw Worm","floor":1,"turns":5},{"damage":0,"enemies":"2 Louse","floor":4,"turns":3},{"damage":2,"enemies":"Small Slimes","floor":5,"turns":7},{"damage":7,"enemies":"Lagavulin","floor":6,"turns":14},{"damage":9,"enemies":"3 Sentries","floor":8,"turns":9},{"damage":0,"enemies":"Lagavulin","floor":10,"turns":9},{"damage":5,"enemies":"Looter","floor":12,"turns":3},{"damage":0,"enemies":"2 Fungi Beasts","floor":14,"turns":3},{"damage":18,"enemies":"The Guardian","floor":16,"turns":23},{"damage":26,"enemies":"3 Byrds","floor":18,"turns":6},{"damage":3,"enemies":"Shell Parasite","floor":19,"turns":19},{"damage":4,"enemies":"Centurion and Healer","floor":22,"turns":13},{"damage":12,"enemies":"Book of Stabbing","floor":23,"turns":8},{"damage":6,"enemies":"Sentry and Sphere","floor":24,"turns":10},{"damage":7,"enemies":"Snecko","floor":25,"turns":8},{"damage":51,"enemies":"Slavers","floor":28,"turns":7},{"damage":6,"enemies":"Snake Plant","floor":29,"turns":6},{"damage":0,"enemies":"Automaton","floor":33,"turns":19},{"damage":16,"enemies":"3 Darklings","floor":35,"turns":6},{"damage":9,"enemies":"3 Shapes","floor":38,"turns":5},{"damage":55,"enemies":"Transient","floor":41,"turns":5},{"damage":36,"enemies":"Nemesis","floor":42,"turns":7},{"damage":9,"enemies":"4 Shapes","floor":45,"turns":4},{"damage":8,"enemies":"Giant Head","floor":46,"turns":8},{"damage":11,"enemies":"Sphere and 2 Shapes","floor":47,"turns":4},{"damage":3,"enemies":"Transient","floor":48,"turns":5},{"damage":86,"enemies":"Donu and Deca","floor":50,"turns":12}],"seed_played":"4888601219298505478","potions_obtained":[{"floor":1,"key":"FairyPotion"},{"floor":6,"key":"Regen Potion"},{"floor":8,"key":"SkillPotion"},{"floor":10,"key":"BloodPotion"},{"floor":18,"key":"Fire Potion"},{"floor":19,"key":"Weak Potion"},{"floor":22,"key":"LiquidBronze"},{"floor":23,"key":"SteroidPotion"},{"floor":24,"key":"Explosive Potion"},{"floor":25,"key":"SteroidPotion"},{"floor":28,"key":"Weak Potion"},{"floor":29,"key":"Explosive Potion"},{"floor":33,"key":"SkillPotion"},{"floor":35,"key":"SpeedPotion"},{"floor":38,"key":"Energy Potion"},{"floor":41,"key":"SkillPotion"},{"floor":42,"key":"AttackPotion"},{"floor":45,"key":"Swift Potion"},{"floor":46,"key":"EssenceOfSteel"},{"floor":47,"key":"Regen Potion"},{"floor":48,"key":"FairyPotion"}],"is_trial":false,"path_per_floor":["M","?","?","M","M","E","R","E","T","E","$","M","R","M","R","B",null,"M","M","?","?","M","E","M","M","T","R","E","M","R","?","R","B",null,"M","?","?","M","?","R","M","E","T","?","M","E","M","M","R","B",null],"character_chosen":"IRONCLAD","items_purchased":["Panache","Infernal Blade"],"campfire_rested":1,"item_purchase_floors":[11,11],"current_hp_per_floor":[42,30,19,25,29,28,28,40,40,48,48,49,49,55,55,43,82,84,84,84,84,86,84,88,87,87,87,47,54,54,54,54,64,90,83,75,63,65,65,65,18,22,22,22,23,38,37,57,87,17],"gold":662,"neow_bonus":"THREE_RARE_CARDS","is_prod":false,"is_daily":false,"chose_seed":false,"campfire_upgraded":7,"win_rate":0,"timestamp":1543824801,"path_taken":["M","?","?","M","M","E","R","E","T","E","?","?","R","M","R","BOSS","M","M","?","?","?","E","M","M","T","R","E","M","R","?","R","BOSS","M","?","?","M","?","R","M","E","T","?","?","E","M","M","R","BOSS"],"build_version":"2018-11-15","purchased_purges":1,"victory":true,"max_hp_per_floor":[80,80,80,80,80,80,80,80,80,82,82,82,82,82,82,82,82,84,84,84,84,86,86,88,88,88,88,88,90,90,90,90,90,90,90,92,92,94,94,94,96,98,98,98,100,100,102,102,102,102],"card_choices":[{"not_picked":["Berserk","Limit Break"],"picked":"Barricade","floor":0},{"not_picked":["Carnage","True Grit"],"picked":"Clothesline","floor":1},{"not_picked":["Sword Boomerang","Clothesline"],"picked":"Metallicize","floor":4},{"not_picked":["Evolve","Clash"],"picked":"Ghostly Armor","floor":5},{"not_picked":["Wild Strike","Inflame","Havoc"],"picked":"SKIP","floor":6},{"not_picked":["Thunderclap","Headbutt"],"picked":"Iron Wave","floor":8},{"not_picked":["Reckless Charge","Pummel","Sword Boomerang"],"picked":"Singing Bowl","floor":10},{"not_picked":["Twin Strike","Fiend Fire"],"picked":"Whirlwind","floor":12},{"not_picked":["Flame Barrier","Pommel Strike"],"picked":"Entrench","floor":14},{"not_picked":["Bludgeon","Exhume"],"picked":"Reaper","floor":16},{"not_picked":["Sword Boomerang","Burning Pact","Twin Strike"],"picked":"Singing Bowl","floor":18},{"not_picked":["Clothesline","Combust"],"picked":"Armaments","floor":19},{"not_picked":["Feel No Pain+1","Havoc","Corruption"],"picked":"Singing Bowl","floor":22},{"not_picked":["Ghostly Armor","Armaments"],"picked":"Iron Wave+1","floor":23},{"not_picked":["Pommel Strike+1","Anger","Havoc"],"picked":"Singing Bowl","floor":24},{"not_picked":["Armaments","Havoc"],"picked":"Spot Weakness","floor":25},{"not_picked":["Pummel+1","Sever Soul"],"picked":"Disarm+1","floor":28},{"not_picked":["Barricade","Wild Strike","Perfected Strike"],"picked":"Singing Bowl","floor":29},{"not_picked":["Fiend Fire","Barricade"],"picked":"Juggernaut","floor":33},{"not_picked":[],"picked":"Iron Wave","floor":35},{"not_picked":["Forethought"],"picked":"Singing Bowl","floor":36},{"not_picked":[],"picked":"The Bomb","floor":36},{"not_picked":[],"picked":"Magnetism","floor":36},{"not_picked":["Clothesline+1"],"picked":"Singing Bowl","floor":38},{"not_picked":["Pommel Strike"],"picked":"Singing Bowl","floor":41},{"not_picked":["Searing Blow+1"],"picked":"Singing Bowl","floor":42},{"not_picked":["Perfected Strike"],"picked":"Singing Bowl","floor":45},{"not_picked":[],"picked":"Disarm","floor":46},{"not_picked":["Armaments"],"picked":"Singing Bowl","floor":47},{"not_picked":[],"picked":"Infernal Blade+1","floor":48}],"player_experience":957403,"relics_obtained":[{"floor":6,"key":"Mercury Hourglass"},{"floor":8,"key":"Singing Bowl"},{"floor":9,"key":"Whetstone"},{"floor":10,"key":"Omamori"},{"floor":23,"key":"Bronze Scales"},{"floor":28,"key":"Art of War"},{"floor":42,"key":"Blood Vial"},{"floor":43,"key":"War Paint"},{"floor":46,"key":"Bottled Flame"}],"event_choices":[{"damage_healed":0,"gold_gain":0,"player_choice":"Success","damage_taken":12,"relics_obtained":["Orichalcum"],"max_hp_gain":0,"max_hp_loss":0,"event_name":"Scrap Ooze","floor":2,"gold_loss":0},{"damage_healed":0,"gold_gain":75,"player_choice":"Gather Gold","damage_taken":11,"max_hp_gain":0,"max_hp_loss":0,"event_name":"World of Goop","floor":3,"gold_loss":0},{"damage_healed":0,"gold_gain":0,"player_choice":"Simplicity","damage_taken":0,"max_hp_gain":0,"max_hp_loss":0,"event_name":"Back to Basics","floor":20,"gold_loss":0,"cards_upgraded":["Strike_R","Strike_R","Strike_R","Defend_R","Defend_R","Defend_R","Defend_R"]},{"damage_healed":0,"gold_gain":0,"player_choice":"Trade","damage_taken":0,"relics_obtained":["GremlinMask"],"max_hp_gain":0,"max_hp_loss":0,"event_name":"FaceTrader","floor":21,"gold_loss":0},{"damage_healed":0,"gold_gain":99,"player_choice":"Stole From Cult","damage_taken":0,"max_hp_gain":0,"max_hp_loss":0,"event_name":"Nest","floor":31,"gold_loss":0},{"damage_healed":0,"gold_gain":0,"player_choice":"Memory 3","damage_taken":10,"max_hp_gain":0,"max_hp_loss":0,"event_name":"SensoryStone","floor":36,"gold_loss":0},{"damage_healed":0,"gold_gain":0,"player_choice":"Embrace Madness","damage_taken":12,"max_hp_gain":0,"max_hp_loss":0,"event_name":"Winding Halls","floor":37,"gold_loss":0,"cards_obtained":["Madness","Madness"]},{"cards_removed":["Whirlwind"],"damage_healed":0,"gold_gain":0,"player_choice":"Removed Attack","damage_taken":0,"max_hp_gain":0,"max_hp_loss":0,"event_name":"Falling","floor":39,"gold_loss":0},{"cards_removed":["Strike_R"],"damage_healed":0,"gold_gain":0,"player_choice":"Upgrade and Remove","damage_taken":0,"max_hp_gain":0,"max_hp_loss":0,"event_name":"Designer","floor":44,"gold_loss":90,"cards_upgraded":["Clothesline"]}],"is_beta":true,"boss_relics":[{"not_picked":["Empty Cage","Lizard Tail"],"picked":"White Beast Statue"},{"not_picked":["Pandora\u0027s Box","Sozu"],"picked":"Busted Crown"}],"items_purged_floors":[11],"is_endless":false,"potions_floor_spawned":[1,6,8,10,18,19,22,23,24,25,28,29,33,35,38,41,42,45,46,47,48],"ascension_level":1}