{"gold_per_floor":[18,293,312,331,34,68,68,86,86,96,96,131,147,147],"floor_reached":14,"playtime":547,"items_purged":[],"score":102,"play_id":"0fefecf2-c01d-4652-8707-af15e4e9ba68","local_time":"20181103201354","is_ascension_mode":false,"campfire_choices":[{"data":"Body Slam","floor":7,"key":"SMITH"}],"neow_cost":"NO_GOLD","seed_source_timestamp":473904953572796,"circlet_count":0,"master_deck":["Strike_R","Strike_R","Strike_R","Strike_R","Strike_R","Defend_R","Bash","Shrug It Off","Regret","Clothesline","Body Slam+1","Shrug It Off","Iron Wave","Intimidate","Exhume","Headbutt","Battle Trance"],"relics":["Burning Blood","Calipers","Blue Candle","Gremlin Horn"],"potions_floor_usage":[12,13],"damage_taken":[{"damage":1,"enemies":"Cultist","floor":1,"turns":3},{"damage":3,"enemies":"Small Slimes","floor":3,"turns":3},{"damage":6,"enemies":"2 Louse","floor":4,"turns":3},{"damage":49,"enemies":"Lagavulin","floor":6,"turns":8},{"damage":7,"enemies":"Looter","floor":8,"turns":4},{"damage":1,"enemies":"Large Slime","floor":10,"turns":6},{"damage":38,"enemies":"3 Sentries","floor":12,"turns":9},{"damage":8,"enemies":"Blue Slaver","floor":13,"turns":2},{"damage":8,"enemies":"3 Louse","floor":14,"turns":1}],"seed_played":"7900198622220318232","potions_obtained":[{"floor":1,"key":"GamblersBrew"},{"floor":10,"key":"LiquidBronze"},{"floor":12,"key":"Fire Potion"},{"floor":13,"key":"Strength Potion"}],"is_trial":false,"path_per_floor":["M","?","M","M","$","E","R","M","T","M","?","E","M","M"],"character_chosen":"IRONCLAD","items_purchased":["Calipers"],"campfire_rested":0,"item_purchase_floors":[5],"current_hp_per_floor":[80,80,80,80,80,37,37,36,36,41,41,9,7,0],"gold":147,"neow_bonus":"REMOVE_TWO","is_prod":false,"is_daily":false,"chose_seed":false,"campfire_upgraded":1,"win_rate":0,"timestamp":1541265234,"path_taken":["M","?","M","?","$","E","R","M","T","?","?","E","M","M"],"build_version":"2018-11-02","purchased_purges":0,"victory":false,"max_hp_per_floor":[80,80,80,80,80,80,80,80,80,80,80,80,80,80],"card_choices":[{"not_picked":["Bloodletting","Sentinel"],"picked":"Shrug It Off","floor":1},{"not_picked":["Headbutt","Burning Pact"],"picked":"Clothesline","floor":3},{"not_picked":["Thunderclap","Battle Trance"],"picked":"Body Slam","floor":4},{"not_picked":["Thunderclap","Corruption"],"picked":"Shrug It Off","floor":6},{"not_picked":["Reckless Charge","Havoc"],"picked":"Iron Wave","floor":8},{"not_picked":["Sword Boomerang","Clash"],"picked":"Intimidate","floor":10},{"not_picked":["Feel No Pain","Dark Embrace"],"picked":"Headbutt","floor":12},{"not_picked":["Anger","Twin Strike"],"picked":"Battle Trance","floor":13}],"player_experience":873951,"relics_obtained":[{"floor":6,"key":"Blue Candle"},{"floor":12,"key":"Gremlin Horn"}],"event_choices":[{"damage_healed":0,"gold_gain":275,"player_choice":"Desecrate","damage_taken":0,"max_hp_gain":0,"max_hp_loss":0,"event_name":"Golden Shrine","floor":2,"gold_loss":0,"cards_obtained":["Regret"]},{"damage_healed":0,"gold_gain":0,"cards_transformed":["Defend_R"],"player_choice":"Transformed","damage_taken":0,"max_hp_gain":0,"max_hp_loss":0,"event_name":"Transmorgrifier","floor":11,"gold_loss":0,"cards_obtained":["Exhume"]}],"is_beta":true,"boss_relics":[],"items_purged_floors":[],"is_endless":false,"potions_floor_spawned":[1,10,12,13],"killed_by":"3 Louse","ascension_level":0}