{"gold_per_floor":[110,285,285,305,316,350,350,379,379,413,413,60,80,95,95,195,225,240,240,240,240,255,255,265,294,294,294,294,308,407,5,5,5],"floor_reached":33,"playtime":1069,"items_purged":["Strike_B","Defend_B"],"score":350,"play_id":"214e6016-7261-4154-9476-b33c014ecc54","local_time":"20181127233222","is_ascension_mode":true,"campfire_choices":[{"data":"Rip and Tear","floor":7,"key":"SMITH"},{"data":"Streamline","floor":15,"key":"SMITH"},{"data":"Consume","floor":23,"key":"SMITH"},{"data":"All For One","floor":27,"key":"SMITH"},{"data":"Hologram","floor":32,"key":"SMITH"}],"neow_cost":"NONE","seed_source_timestamp":660504372095405,"circlet_count":0,"master_deck":["Strike_B+1","Strike_B+1","Strike_B","Defend_B","Defend_B","Defend_B","Zap","Dualcast","Rip and Tear+1","Doom and Gloom","Go for the Eyes","Consume+1","Steam","Sweeping Beam","Streamline+1","Go for the Eyes","All For One+1","Shame","Injury","Decay","Streamline+1","Ball Lightning","Hologram+1","Capacitor","Secret Weapon"],"relics":["Busted Crown","Bird Faced Urn","Du-Vu Doll","Turnip","Meat on the Bone","PreservedInsect","Calling Bell","Tiny Chest","Gremlin Horn","Unceasing Top","MutagenicStrength","Singing Bowl","Mercury Hourglass","Shuriken"],"potions_floor_usage":[8,8,16,16,16,25,25,25,29,33,33],"damage_taken":[{"damage":1,"enemies":"Cultist","floor":1,"turns":4},{"damage":2,"enemies":"2 Louse","floor":4,"turns":2},{"damage":2,"enemies":"Small Slimes","floor":5,"turns":2},{"damage":16,"enemies":"Lagavulin","floor":6,"turns":4},{"damage":19,"enemies":"3 Sentries","floor":8,"turns":5},{"damage":3,"enemies":"Lagavulin","floor":10,"turns":4},{"damage":0,"enemies":"Exordium Wildlife","floor":13,"turns":2},{"damage":0,"enemies":"3 Louse","floor":14,"turns":3},{"damage":0,"enemies":"Hexaghost","floor":16,"turns":8},{"damage":19,"enemies":"Shell Parasite","floor":18,"turns":4},{"damage":3,"enemies":"3 Byrds","floor":22,"turns":3},{"damage":9,"enemies":"Cultist and Chosen","floor":24,"turns":4},{"damage":10,"enemies":"Book of Stabbing","floor":25,"turns":3},{"damage":20,"enemies":"Snake Plant","floor":29,"turns":4},{"damage":85,"enemies":"Automaton","floor":33,"turns":6}],"seed_played":"-4793478614529240426","potions_obtained":[{"floor":1,"key":"SkillPotion"},{"floor":4,"key":"EssenceOfSteel"},{"floor":6,"key":"Explosive Potion"},{"floor":16,"key":"FocusPotion"},{"floor":18,"key":"Fire Potion"},{"floor":24,"key":"EntropicBrew"},{"floor":29,"key":"SmokeBomb"}],"is_trial":false,"path_per_floor":["M","?","?","M","M","E","R","E","T","E","?","$","M","M","R","B",null,"M","?","?","T","M","R","M","E","T","R","T","M","?","$","R","B"],"character_chosen":"DEFECT","items_purchased":["PreservedInsect","Streamline","Block Potion","AttackPotion","Hologram","Capacitor","Secret Weapon"],"campfire_rested":0,"item_purchase_floors":[12,12,12,12,31,31,31],"current_hp_per_floor":[74,74,67,65,63,47,47,28,28,25,10,10,22,34,34,46,75,56,56,56,56,55,55,48,52,52,52,52,44,44,44,44,0],"gold":5,"neow_bonus":"BOSS_RELIC","is_prod":false,"is_daily":false,"chose_seed":false,"campfire_upgraded":5,"win_rate":0,"timestamp":1543350742,"path_taken":["M","?","?","M","M","E","R","E","T","E","?","$","?","M","R","BOSS","M","?","?","?","?","R","M","E","T","R","?","M","?","$","R","BOSS"],"build_version":"2018-11-15","purchased_purges":2,"victory":false,"max_hp_per_floor":[75,75,75,75,75,75,75,75,75,75,75,75,75,75,75,75,75,75,75,75,75,77,77,79,81,81,81,81,81,81,81,81,81],"card_choices":[{"not_picked":[],"picked":"Rip and Tear","floor":1},{"not_picked":[],"picked":"Doom and Gloom","floor":4},{"not_picked":[],"picked":"Go for the Eyes","floor":5},{"not_picked":[],"picked":"Consume","floor":6},{"not_picked":[],"picked":"Steam","floor":8},{"not_picked":[],"picked":"Sweeping Beam","floor":10},{"not_picked":[],"picked":"Go for the Eyes","floor":13},{"not_picked":["Lockon"],"picked":"SKIP","floor":14},{"not_picked":[],"picked":"All For One","floor":16},{"not_picked":[],"picked":"Streamline+1","floor":18},{"not_picked":["Steam Power"],"picked":"Singing Bowl","floor":22},{"not_picked":["Barrage"],"picked":"Singing Bowl","floor":24},{"not_picked":["Redo"],"picked":"Singing Bowl","floor":25},{"not_picked":[],"picked":"Ball Lightning","floor":29}],"player_experience":939783,"relics_obtained":[{"floor":6,"key":"Bird Faced Urn"},{"floor":8,"key":"Du-Vu Doll"},{"floor":9,"key":"Turnip"},{"floor":10,"key":"Meat on the Bone"},{"floor":17,"key":"Tiny Chest"},{"floor":17,"key":"Gremlin Horn"},{"floor":17,"key":"Unceasing Top"},{"floor":21,"key":"Singing Bowl"},{"floor":25,"key":"Mercury Hourglass"},{"floor":26,"key":"Shuriken"}],"event_choices":[{"damage_healed":0,"gold_gain":175,"player_choice":"AGREE","damage_taken":0,"max_hp_gain":0,"max_hp_loss":0,"event_name":"Liars Game","floor":2,"gold_loss":0,"cards_obtained":["Doubt"]},{"cards_removed":["Doubt"],"damage_healed":0,"gold_gain":0,"player_choice":"Card Removal","damage_taken":7,"max_hp_gain":0,"max_hp_loss":0,"event_name":"Golden Wing","floor":3,"gold_loss":0},{"damage_healed":0,"gold_gain":0,"player_choice":"Entered Light","damage_taken":15,"max_hp_gain":0,"max_hp_loss":0,"event_name":"Shining Light","floor":11,"gold_loss":0,"cards_upgraded":["Strike_B","Strike_B"]},{"damage_healed":0,"gold_gain":0,"player_choice":"Inject Mutagens","damage_taken":0,"relics_obtained":["MutagenicStrength"],"max_hp_gain":0,"max_hp_loss":0,"event_name":"Drug Dealer","floor":19,"gold_loss":0},{"damage_healed":0,"gold_gain":0,"player_choice":"Ignored","damage_taken":0,"max_hp_gain":0,"max_hp_loss":0,"event_name":"Ghosts","floor":20,"gold_loss":0},{"damage_healed":0,"gold_gain":99,"player_choice":"Stole From Cult","damage_taken":0,"max_hp_gain":0,"max_hp_loss":0,"event_name":"Nest","floor":30,"gold_loss":0}],"is_beta":true,"boss_relics":[{"not_picked":["Snecko Eye","Fusion Hammer"],"picked":"Calling Bell"}],"items_purged_floors":[12,31],"is_endless":false,"potions_floor_spawned":[1,4,6,13,16,18,24,29],"killed_by":"Automaton","ascension_level":1}