{"gold_per_floor":[118,118,293,293,293,327,327,358,358,373,391,403,419,436,436,531,531,541,555,555,555,2,37,37,47,93,109,138,138,138,153,153,253,253,263,263,282,504,524,524,540,575,626,626],"floor_reached":44,"playtime":2503,"items_purged":["Doubt"],"score":620,"play_id":"faa8fa47-d856-4bd5-ba61-deaab670b3d0","local_time":"20181101070815","is_ascension_mode":false,"campfire_choices":[{"data":"Bash","floor":7,"key":"SMITH"},{"data":"Double Tap","floor":15,"key":"SMITH"},{"data":"Juggernaut","floor":24,"key":"SMITH"},{"data":"Barricade","floor":29,"key":"SMITH"},{"data":"Flame Barrier","floor":32,"key":"SMITH"},{"data":"Ghostly","floor":40,"key":"SMITH"}],"neow_cost":"TEN_PERCENT_HP_LOSS","seed_source_timestamp":251989559875249,"circlet_count":0,"master_deck":["Strike_R","Strike_R","Strike_R+1","Defend_R","Defend_R","Defend_R","Bash+1","Iron Wave+1","Second Wind","Shrug It Off","Flex","Double Tap+1","Armaments","Shrug It Off","Flame Barrier+1","Uppercut","Iron Wave","Impervious","Juggernaut+1","Headbutt","Clothesline","Ghostly+1","Ghostly","Ghostly","Ghostly","Ghostly","Sadistic Nature","Barricade+1","Whirlwind","Spot Weakness+1","Shockwave+1","Immolate","Magnetism","Master of Strategy","Heavy Blade+1","Intimidate+1"],"relics":["Burning Blood","Orichalcum","Dodecahedron","Magic Flower","Unceasing Top","Sozu","MutagenicStrength","Mango","Centennial Puzzle","Vajra","Red Mask","Busted Crown","Boot","Bag of Preparation"],"potions_floor_usage":[6,16],"damage_taken":[{"damage":1,"enemies":"Cultist","floor":1,"turns":3},{"damage":35,"enemies":"Lagavulin","floor":6,"turns":10},{"damage":16,"enemies":"Gremlin Nob","floor":8,"turns":6},{"damage":0,"enemies":"2 Louse","floor":10,"turns":3},{"damage":0,"enemies":"Small Slimes","floor":11,"turns":5},{"damage":3,"enemies":"Exordium Thugs","floor":12,"turns":4},{"damage":6,"enemies":"Red Slaver","floor":13,"turns":3},{"damage":0,"enemies":"Blue Slaver","floor":14,"turns":5},{"damage":15,"enemies":"The Guardian","floor":16,"turns":14},{"damage":10,"enemies":"2 Thieves","floor":18,"turns":5},{"damage":3,"enemies":"Chosen","floor":19,"turns":5},{"damage":0,"enemies":"Slavers","floor":23,"turns":7},{"damage":0,"enemies":"Shelled Parasite and Fungi","floor":25,"turns":7},{"damage":0,"enemies":"Snecko","floor":27,"turns":4},{"damage":0,"enemies":"Masked Bandits","floor":28,"turns":6},{"damage":9,"enemies":"Snake Plant","floor":31,"turns":4},{"damage":25,"enemies":"Automaton","floor":33,"turns":11},{"damage":0,"enemies":"3 Darklings","floor":35,"turns":4},{"damage":2,"enemies":"Orb Walker","floor":37,"turns":3},{"damage":0,"enemies":"Sphere and 2 Shapes","floor":39,"turns":6},{"damage":6,"enemies":"4 Shapes","floor":41,"turns":6},{"damage":0,"enemies":"Giant Head","floor":42,"turns":6},{"damage":60,"enemies":"Nemesis","floor":44,"turns":4}],"seed_played":"2731401541766790994","potions_obtained":[{"floor":1,"key":"Energy Potion"},{"floor":11,"key":"FearPotion"},{"floor":13,"key":"FearPotion"}],"is_trial":false,"path_per_floor":["M","T","?","?","?","E","R","E","T","M","M","M","M","M","R","B",null,"M","M","?","?","$","E","R","M","T","M","?","R","?","M","R","B",null,"M","?","M","?","M","R","M","E","T","E"],"character_chosen":"IRONCLAD","items_purchased":["Mango","Sadistic Nature"],"campfire_rested":0,"item_purchase_floors":[22,22],"current_hp_per_floor":[72,72,72,58,58,29,29,19,19,28,37,43,46,55,55,49,72,71,72,72,36,50,50,50,50,50,50,50,50,50,50,50,34,50,50,40,47,47,50,50,50,50,50,0],"gold":626,"neow_bonus":"TRANSFORM_TWO_CARDS","is_prod":false,"is_daily":false,"chose_seed":false,"campfire_upgraded":6,"win_rate":0,"timestamp":1541045295,"path_taken":["M","?","?","?","?","E","R","E","T","M","M","M","M","?","R","BOSS","M","M","?","?","?","E","R","M","T","M","?","R","?","M","R","BOSS","M","?","M","?","M","R","M","E","T","E"],"build_version":"2018-10-30","purchased_purges":1,"victory":false,"max_hp_per_floor":[72,72,72,72,72,72,72,72,72,72,72,72,72,72,72,72,72,72,72,72,36,50,50,50,50,50,50,50,50,50,50,50,50,50,50,50,50,50,50,50,50,50,50,50],"card_choices":[{"not_picked":["Heavy Blade","Wild Strike"],"picked":"Shrug It Off","floor":1},{"not_picked":["Sword Boomerang","Warcry"],"picked":"Double Tap","floor":6},{"not_picked":["Second Wind","Feel No Pain"],"picked":"Armaments","floor":8},{"not_picked":["Clash","Infernal Blade"],"picked":"Shrug It Off","floor":10},{"not_picked":["Combust","Sword Boomerang"],"picked":"Flame Barrier","floor":11},{"not_picked":["Clash","Thunderclap"],"picked":"Uppercut","floor":12},{"not_picked":["Wild Strike","Whirlwind"],"picked":"Iron Wave","floor":13},{"not_picked":["Intimidate","True Grit"],"picked":"Impervious","floor":14},{"not_picked":["Exhume","Double Tap"],"picked":"Juggernaut","floor":16},{"not_picked":["Heavy Blade","Second Wind"],"picked":"Headbutt","floor":18},{"not_picked":["Carnage","Flex+1"],"picked":"Clothesline","floor":19},{"not_picked":["Havoc","Uppercut"],"picked":"Barricade","floor":23},{"not_picked":["Twin Strike+1","Reckless Charge","Warcry"],"picked":"SKIP","floor":25},{"not_picked":["Combust+1","Cleave"],"picked":"Whirlwind","floor":27},{"not_picked":["Clothesline","Flex"],"picked":"Spot Weakness+1","floor":28},{"not_picked":["Sever Soul","Rage"],"picked":"Shockwave+1","floor":31},{"not_picked":["Double Tap","Fiend Fire"],"picked":"Immolate","floor":33},{"not_picked":["Uppercut"],"picked":"SKIP","floor":35},{"not_picked":[],"picked":"Magnetism","floor":36},{"not_picked":[],"picked":"Master of Strategy","floor":36},{"not_picked":["Rampage+1"],"picked":"SKIP","floor":37},{"not_picked":[],"picked":"Heavy Blade+1","floor":39},{"not_picked":[],"picked":"Intimidate+1","floor":41},{"not_picked":["Combust"],"picked":"SKIP","floor":42}],"player_experience":854863,"relics_obtained":[{"floor":2,"key":"Orichalcum"},{"floor":6,"key":"Dodecahedron"},{"floor":8,"key":"Magic Flower"},{"floor":9,"key":"Unceasing Top"},{"floor":23,"key":"Centennial Puzzle"},{"floor":26,"key":"Vajra"},{"floor":28,"key":"Red Mask"},{"floor":42,"key":"Boot"},{"floor":43,"key":"Bag of Preparation"}],"event_choices":[{"damage_healed":0,"gold_gain":175,"player_choice":"AGREE","damage_taken":0,"max_hp_gain":0,"max_hp_loss":0,"event_name":"Liars Game","floor":3,"gold_loss":0,"cards_obtained":["Doubt"]},{"damage_healed":0,"gold_gain":0,"player_choice":"Entered Light","damage_taken":14,"max_hp_gain":0,"max_hp_loss":0,"event_name":"Shining Light","floor":4,"gold_loss":0,"cards_upgraded":["Strike_R","Iron Wave"]},{"damage_healed":0,"gold_gain":0,"cards_transformed":["Strike_R"],"player_choice":"Transformed","damage_taken":0,"max_hp_gain":0,"max_hp_loss":0,"event_name":"Transmorgrifier","floor":5,"gold_loss":0,"cards_obtained":["Flex"]},{"damage_healed":0,"gold_gain":0,"player_choice":"Inject Mutagens","damage_taken":0,"relics_obtained":["MutagenicStrength"],"max_hp_gain":0,"max_hp_loss":0,"event_name":"Drug Dealer","floor":20,"gold_loss":0},{"damage_healed":0,"gold_gain":0,"player_choice":"Became a Ghost","damage_taken":0,"max_hp_gain":0,"max_hp_loss":36,"event_name":"Ghosts","floor":21,"gold_loss":0,"cards_obtained":["Ghostly","Ghostly","Ghostly","Ghostly","Ghostly"]},{"damage_healed":0,"gold_gain":0,"player_choice":"Fought Bandits","damage_taken":0,"max_hp_gain":0,"max_hp_loss":0,"event_name":"Masked Bandits","floor":28,"gold_loss":0},{"damage_healed":0,"gold_gain":0,"player_choice":"Got Potions","damage_taken":0,"max_hp_gain":0,"max_hp_loss":0,"event_name":"Lab","floor":30,"gold_loss":0},{"damage_healed":0,"gold_gain":0,"player_choice":"Memory 3","damage_taken":10,"max_hp_gain":0,"max_hp_loss":0,"event_name":"SensoryStone","floor":36,"gold_loss":0},{"damage_healed":0,"gold_gain":222,"player_choice":"Wore Mask","damage_taken":0,"max_hp_gain":0,"max_hp_loss":0,"event_name":"Tomb of Lord Red Mask","floor":38,"gold_loss":0}],"is_beta":true,"boss_relics":[{"not_picked":["Cursed Key","Fusion Hammer"],"picked":"Sozu"},{"not_picked":["Empty Cage","Philosopher\u0027s Stone"],"picked":"Busted Crown"}],"items_purged_floors":[22],"is_endless":false,"potions_floor_spawned":[1,11,13,18,23,27,31,39,41],"killed_by":"Nemesis","ascension_level":0}