{"gold_per_floor":[114,132,132,232,52,227,247,46,72,91,115,190,190,233,233,359,359,384,384,15,39,59,59,75,75,75,75,23,36,48,96,96,96],"floor_reached":33,"playtime":1312,"items_purged":["Normality","Doubt"],"score":247,"play_id":"dd06ac6b-b045-4c58-bce5-2a4f9ba5adfc","local_time":"20180808071849","is_ascension_mode":false,"campfire_choices":[{"floor":13,"key":"REST"},{"data":"Beam Cell","floor":15,"key":"SMITH"},{"data":"Mayhem","floor":23,"key":"SMITH"},{"data":"Hologram","floor":27,"key":"SMITH"},{"floor":32,"key":"REST"}],"neow_cost":"CURSE","seed_source_timestamp":1231772217735191,"circlet_count":0,"master_deck":["Strike_B","Strike_B","Strike_B","Strike_B","Defend_B","Defend_B","Defend_B","Defend_B","Zap","Dualcast","Electrodynamics","Reprogram","Cold Snap","Rebound","Cold Snap","Streamline","Hologram+1","Melter","Conserve Battery","Beam Cell+1","Reboot","Echo Form","Steam+1","Mayhem+1","Gash","Finesse","Leap","Glacier","Go for the Eyes","Gash+1","Decay","Cold Snap","Steam+1","Decay"],"relics":["Cracked Core","Bloody Idol","Strawberry","Mummified Hand","Cursed Key","Enchiridion","Smiling Mask","Blue Candle","Pen Nib"],"potions_floor_usage":[14,16,33,33,33],"damage_taken":[{"damage":0,"enemies":"Small Slimes","floor":1,"turns":3},{"damage":5,"enemies":"Jaw Worm","floor":2,"turns":4},{"damage":0,"enemies":"Cultist","floor":7,"turns":3},{"damage":17,"enemies":"Large Slime","floor":10,"turns":4},{"damage":7,"enemies":"Exordium Wildlife","floor":11,"turns":4},{"damage":15,"enemies":"Lagavulin","floor":14,"turns":5},{"damage":24,"enemies":"Slime Boss","floor":16,"turns":6},{"damage":1,"enemies":"3 Byrds","floor":18,"turns":3},{"damage":11,"enemies":"Spheric Guardian","floor":21,"turns":4},{"damage":8,"enemies":"Snake Plant","floor":22,"turns":4},{"damage":4,"enemies":"Snecko","floor":24,"turns":3},{"damage":5,"enemies":"Centurion and Healer","floor":29,"turns":6},{"damage":16,"enemies":"Snake Plant","floor":30,"turns":6},{"damage":64,"enemies":"Automaton","floor":33,"turns":6}],"seed_played":"-8124135466324460264","potions_obtained":[{"floor":2,"key":"Poison Potion"},{"floor":10,"key":"Swift Potion"},{"floor":11,"key":"Dexterity Potion"},{"floor":24,"key":"FocusPotion"},{"floor":30,"key":"FocusPotion"}],"is_trial":false,"path_per_floor":["M","M","?","?","$","?","M","$","T","M","M","?","R","E","R","B",null,"M","?","$","M","M","R","M","?","T","R","?","M","M","T","R"],"character_chosen":"DEFECT","items_purchased":["Rebound","Cold Snap","Hologram","Melter","Mayhem","Gash","Finesse","Leap"],"campfire_rested":2,"item_purchase_floors":[5,5,8,8,20,20,20,20],"current_hp_per_floor":[75,70,52,52,52,52,52,52,59,42,35,24,48,33,33,9,82,81,65,65,54,46,46,42,42,42,42,42,42,31,36,60,0],"gold":96,"neow_bonus":"THREE_RARE_CARDS","is_prod":false,"is_daily":false,"chose_seed":false,"campfire_upgraded":3,"win_rate":0,"timestamp":1533701929,"path_taken":["M","M","?","?","?","?","M","$","T","M","?","?","R","E","R","BOSS","M","?","$","M","?","R","M","?","T","R","?","M","M","?","R","BOSS"],"build_version":"2018-08-07","purchased_purges":2,"victory":false,"max_hp_per_floor":[75,75,75,75,75,75,75,75,82,82,82,82,82,82,82,82,82,82,82,82,82,82,82,82,82,82,82,82,82,82,82,82,82],"card_choices":[{"not_picked":["Thunder Strike","Creative AI"],"picked":"Electrodynamics","floor":0},{"not_picked":["Recycle","Stack"],"picked":"Reprogram","floor":1},{"not_picked":["Redo","Leap"],"picked":"Cold Snap","floor":2},{"not_picked":["Cold Snap","Hologram"],"picked":"Streamline","floor":7},{"not_picked":["Turbo","Barrage"],"picked":"Conserve Battery","floor":10},{"not_picked":["Go for the Eyes","Barrage"],"picked":"Beam Cell","floor":11},{"not_picked":["Ball Lightning","Melter"],"picked":"Reboot","floor":14},{"not_picked":["Amplify","Electrodynamics"],"picked":"Echo Form","floor":16},{"not_picked":["Skim","Heatsinks"],"picked":"Steam+1","floor":18},{"not_picked":["Beam Cell","Force Field"],"picked":"Glacier","floor":21},{"not_picked":["Conserve Battery","Force Field"],"picked":"Go for the Eyes","floor":22},{"not_picked":["Fusion","Reinforced Body+1"],"picked":"Gash+1","floor":24},{"not_picked":["Hello World","Streamline"],"picked":"Cold Snap","floor":29},{"not_picked":["Doom and Gloom","Static Discharge"],"picked":"Steam+1","floor":30}],"player_experience":608245,"relics_obtained":[{"floor":9,"key":"Strawberry"},{"floor":14,"key":"Mummified Hand"},{"floor":19,"key":"Enchiridion"},{"floor":26,"key":"Smiling Mask"},{"floor":31,"key":"Pen Nib"}],"event_choices":[{"event_name":"Golden Idol","player_choice":"Take Damage","floor":3,"damage_taken":0},{"event_name":"Golden Shrine","player_choice":"Pray","floor":4,"damage_taken":0},{"event_name":"Liars Game","player_choice":"agreed","floor":6,"damage_taken":0},{"event_name":"World of Goop","player_choice":"Gather Gold","floor":12,"damage_taken":0},{"event_name":"Cursed Tome","player_choice":"Obtained Book","floor":19,"damage_taken":0},{"event_name":"Forgotten Altar","player_choice":"Gave Idol","floor":25,"damage_taken":0},{"event_name":"WeMeetAgain","player_choice":"Gold","floor":28,"damage_taken":0}],"is_beta":true,"boss_relics":[{"not_picked":["Lizard Tail","Velvet Choker"],"picked":"Cursed Key"}],"items_purged_floors":[5,8],"is_endless":false,"potions_floor_spawned":[2,10,11,24,30],"killed_by":"Automaton","ascension_level":0}