{"gold_per_floor":[10,10,10,30,49,83,83,83,129,129,69,80,155,175,175,274,274,290,290,302,148,158,158,237,237,260,260,289,289,50,63,63,163,163,182,197,77,91,91,91,111,0,0,33,33,63,94,121,121,121],"floor_reached":51,"playtime":1196,"items_purged":["Strike_B","Pain","Strike_B","Zap"],"score":806,"play_id":"fc232fd6-3140-40fe-9ab9-0874dfa1d4f5","local_time":"20190818233247","is_ascension_mode":false,"campfire_choices":[{"data":"Rip and Tear","floor":7.0,"key":"SMITH"},{"data":"Rebound","floor":10.0,"key":"SMITH"},{"data":"Sweeping Beam","floor":15.0,"key":"SMITH"},{"data":"Go for the Eyes","floor":23.0,"key":"SMITH"},{"data":"Dramatic Entrance","floor":25.0,"key":"SMITH"},{"data":"Electrodynamics","floor":27.0,"key":"SMITH"},{"data":"The Bomb","floor":32.0,"key":"SMITH"},{"floor":40.0,"key":"REST"},{"floor":49,"key":"REST"}],"neow_cost":"NO_GOLD","seed_source_timestamp":3554867388018,"circlet_count":0,"master_deck":["Strike_B","Defend_B","Defend_B","Defend_B","Defend_B","Dualcast","Hyperbeam+1","Leap","Self Repair","Rip and Tear+1","Rebound+1","Electrodynamics+1","Sweeping Beam+1","Fission","Go for the Eyes+1","Dramatic Entrance+1","The Bomb+1","Creative AI","Compile Driver+1","Melter+1","Leap"],"special_seed":0,"relics":["Cracked Core","Blood Vial","The Courier","Bag of Preparation","Busted Crown","WarpedTongs","Mercury Hourglass","Vajra","WingedGreaves","Pocketwatch","Fusion Hammer","FaceOfCleric","Red Mask","Pen Nib","Ancient Tea Set","Prayer Wheel","Symbiotic Virus","Thread and Needle"],"potions_floor_usage":[44,44,47],"damage_taken":[{"damage":0.0,"enemies":"2 Louse","floor":1.0,"turns":1.0},{"damage":0.0,"enemies":"Small Slimes","floor":4.0,"turns":1.0},{"damage":1.0,"enemies":"Cultist","floor":5.0,"turns":3.0},{"damage":6.0,"enemies":"Gremlin Nob","floor":6.0,"turns":3.0},{"damage":0.0,"enemies":"3 Louse","floor":12.0,"turns":1.0},{"damage":0.0,"enemies":"2 Fungi Beasts","floor":14.0,"turns":2.0},{"damage":20.0,"enemies":"Slime Boss","floor":16.0,"turns":7.0},{"damage":0.0,"enemies":"Chosen","floor":18.0,"turns":3.0},{"damage":0.0,"enemies":"2 Thieves","floor":20.0,"turns":2.0},{"damage":0.0,"enemies":"Centurion and Healer","floor":22.0,"turns":3.0},{"damage":0.0,"enemies":"Slavers","floor":28.0,"turns":1.0},{"damage":7.0,"enemies":"Cultist and Chosen","floor":31.0,"turns":4.0},{"damage":49.0,"enemies":"Automaton","floor":33.0,"turns":7.0},{"damage":0.0,"enemies":"Orb Walker","floor":35.0,"turns":2.0},{"damage":0.0,"enemies":"3 Shapes","floor":36.0,"turns":2.0},{"damage":0.0,"enemies":"3 Darklings","floor":38.0,"turns":1.0},{"damage":0.0,"enemies":"Transient","floor":41.0,"turns":5.0},{"damage":21,"enemies":"Nemesis","floor":44,"turns":6},{"damage":14,"enemies":"Reptomancer","floor":46,"turns":4},{"damage":30,"enemies":"Giant Head","floor":47,"turns":8},{"damage":23,"enemies":"Nemesis","floor":48,"turns":5},{"damage":30,"enemies":"Time Eater","floor":50,"turns":10}],"seed_played":"-5726124802338316487","potions_obtained":[{"floor":5.0,"key":"Explosive Potion"},{"floor":14.0,"key":"Block Potion"},{"floor":16.0,"key":"EssenceOfSteel"},{"floor":22.0,"key":"AttackPotion"},{"floor":33.0,"key":"Fire Potion"},{"floor":36.0,"key":"Strength Potion"},{"floor":41.0,"key":"Explosive Potion"},{"floor":44,"key":"SkillPotion"}],"is_trial":false,"path_per_floor":["M","?","?","M","M","E","R","?","T","R","$","M","?","M","R","B",null,"M","?","M","$","M","R","T","R","T","R","E","?","$","M","R","B",null,"M","M","$","M","?","R","M","?","T","E","$","E","E","E","R","B",null],"character_chosen":"DEFECT","items_purchased":["Dramatic Entrance","The Bomb"],"campfire_rested":2,"item_purchase_floors":[21,30],"current_hp_per_floor":[75,75,75,75,75,75,75,42,42,42,42,44,33,42,42,31,75,75,75,75,75,75,75,75,75,75,75,75,75,75,75,75,33,75,75,75,75,75,75,75,76,76,76,63,63,59,46,33,57,37],"gold":121,"neow_bonus":"THREE_RARE_CARDS","is_prod":false,"is_daily":false,"chose_seed":false,"campfire_upgraded":7,"win_rate":0,"timestamp":1566192767,"path_taken":["M","?","?","M","?","E","R","?","T","R","$","M","?","M","R","BOSS","M","?","M","$","?","R","?","R","T","R","E","?","$","M","R","BOSS","M","M","$","?","?","R","?","?","T","E","$","E","E","E","R","BOSS"],"build_version":"2019-07-17","purchased_purges":4,"victory":true,"max_hp_per_floor":[75,75,75,75,75,75,75,75,75,75,75,75,75,75,75,75,75,75,75,75,75,75,75,75,75,75,75,75,75,75,75,75,75,75,75,75,75,75,75,75,76,76,76,77,77,78,79,80,80,81],"card_choices":[{"not_picked":["Echo Form","Multi-Cast"],"picked":"Hyperbeam","floor":0.0},{"not_picked":["Chill","Compile Driver"],"picked":"Leap","floor":1.0},{"not_picked":["BootSequence","Streamline"],"picked":"Rip and Tear","floor":4.0},{"not_picked":["Steam Power","Redo"],"picked":"Rebound","floor":5.0},{"not_picked":["Glacier","Recycle","Skim"],"picked":"SKIP","floor":6.0},{"not_picked":["Barrage","Turbo"],"picked":"Electrodynamics","floor":12.0},{"not_picked":["Lockon","Chaos"],"picked":"Sweeping Beam","floor":14.0},{"not_picked":["Buffer","Amplify"],"picked":"Fission","floor":16.0},{"not_picked":["Compile Driver"],"picked":"SKIP","floor":18.0},{"not_picked":[],"picked":"Go for the Eyes","floor":20.0},{"not_picked":["Aggregate"],"picked":"SKIP","floor":22.0},{"not_picked":["Capacitor"],"picked":"SKIP","floor":28.0},{"not_picked":["Fusion"],"picked":"SKIP","floor":31.0},{"not_picked":[],"picked":"Creative AI","floor":33.0},{"not_picked":["Steam"],"picked":"SKIP","floor":35.0},{"not_picked":["Go for the Eyes"],"picked":"SKIP","floor":36.0},{"not_picked":[],"picked":"Compile Driver+1","floor":38.0},{"not_picked":["Sunder"],"picked":"SKIP","floor":41.0},{"not_picked":[],"picked":"Melter+1","floor":44},{"not_picked":[],"picked":"Leap","floor":46},{"not_picked":["Sweeping Beam"],"picked":"SKIP","floor":47},{"not_picked":["Skim"],"picked":"SKIP","floor":48}],"player_experience":1682863,"relics_obtained":[{"floor":6.0,"key":"Blood Vial"},{"floor":9.0,"key":"Bag of Preparation"},{"floor":24.0,"key":"Mercury Hourglass"},{"floor":26.0,"key":"Vajra"},{"floor":28.0,"key":"WingedGreaves"},{"floor":43.0,"key":"Pen Nib"},{"floor":44,"key":"Ancient Tea Set"},{"floor":46,"key":"Prayer Wheel"},{"floor":47,"key":"Symbiotic Virus"},{"floor":48,"key":"Thread and Needle"}],"event_choices":[{"damage_healed":0.0,"max_hp_gain":0.0,"max_hp_loss":0.0,"gold_gain":0.0,"event_name":"Living Wall","player_choice":"Grow","floor":2.0,"gold_loss":0.0,"damage_taken":0.0,"cards_upgraded":["Hyperbeam"]},{"damage_healed":0.0,"max_hp_gain":0.0,"max_hp_loss":0.0,"gold_gain":0.0,"cards_transformed":["Strike_B"],"event_name":"Transmorgrifier","player_choice":"Transformed","floor":3.0,"gold_loss":0.0,"damage_taken":0.0,"cards_obtained":["Self Repair"]},{"damage_healed":0.0,"max_hp_gain":0.0,"max_hp_loss":0.0,"gold_gain":0.0,"event_name":"Scrap Ooze","player_choice":"Success","floor":8.0,"gold_loss":0.0,"damage_taken":33.0,"relics_obtained":["The Courier"]},{"damage_healed":0.0,"max_hp_gain":0.0,"max_hp_loss":0.0,"gold_gain":75.0,"event_name":"World of Goop","player_choice":"Gather Gold","floor":13.0,"gold_loss":0.0,"damage_taken":11.0},{"damage_healed":0.0,"max_hp_gain":0.0,"max_hp_loss":0.0,"gold_gain":0.0,"event_name":"Accursed Blacksmith","player_choice":"Rummage","floor":19.0,"gold_loss":0.0,"damage_taken":0.0,"relics_obtained":["WarpedTongs"],"cards_obtained":["Pain"]},{"damage_healed":0.0,"max_hp_gain":0.0,"max_hp_loss":0.0,"gold_gain":0.0,"event_name":"WeMeetAgain","player_choice":"Gave Potion","floor":29.0,"gold_loss":0.0,"damage_taken":0.0,"relics_obtained":["Pocketwatch"]},{"damage_healed":0.0,"max_hp_gain":0.0,"max_hp_loss":0.0,"gold_gain":0.0,"event_name":"FaceTrader","player_choice":"Trade","floor":39.0,"gold_loss":0.0,"damage_taken":0.0,"relics_obtained":["FaceOfCleric"]},{"damage_healed":0.0,"max_hp_gain":0.0,"max_hp_loss":0.0,"gold_gain":0.0,"event_name":"Tomb of Lord Red Mask","player_choice":"Paid","floor":42.0,"gold_loss":111.0,"damage_taken":0.0,"relics_obtained":["Red Mask"]}],"is_beta":false,"boss_relics":[{"not_picked":["FrozenCore","Coffee Dripper"],"picked":"Busted Crown"},{"not_picked":["Runic Pyramid","Orrery"],"picked":"Fusion Hammer"}],"items_purged_floors":[11,21,30,37],"is_endless":false,"potions_floor_spawned":[5,14,16,22,33,36,41,44],"ascension_level":0}