{"gold_per_floor":[114,189,207,207,223,223,240,240,267,296,296,310,11,21,21,124,124,140,170,170,183,202,202,127,127,152,163,163,193,193,203,203,300,300,317,328,35,52,52,52,82,82,82,95,109,109,9,9,9,9],"floor_reached":51,"playtime":1378,"items_purged":["Strike_R","Strike_R"],"score":872,"play_id":"a85fc6d4-6374-4f65-9e55-1101c21ceb0c","local_time":"20190915215003","is_ascension_mode":false,"campfire_choices":[{"data":"Flex","floor":6,"key":"SMITH"},{"data":"Spot Weakness","floor":8,"key":"SMITH"},{"data":"Berserk","floor":11,"key":"SMITH"},{"data":"Whirlwind","floor":15,"key":"SMITH"},{"data":"Spot Weakness","floor":23,"key":"SMITH"},{"data":"Flex","floor":28,"key":"SMITH"},{"data":"Heavy Blade","floor":30,"key":"SMITH"},{"data":"Bash","floor":32,"key":"SMITH"},{"data":"Limit Break","floor":40,"key":"SMITH"},{"data":"Flex","floor":42,"key":"SMITH"},{"data":"Deep Breath","floor":49,"key":"SMITH"}],"neow_cost":"NONE","seed_source_timestamp":9158220154134,"circlet_count":0,"master_deck":["Strike_R","Strike_R","Defend_R","Defend_R","Defend_R","Defend_R","Bash+1","Spot Weakness+1","Sword Boomerang","Offering","Flex+1","Deep Breath+1","Twin Strike","Sword Boomerang","Berserk+1","Shrug It Off","Flex+1","Heavy Blade+1","Whirlwind+1","Immolate","Shrug It Off","Spot Weakness+1","Decay","Clumsy","Thunderclap","Shrug It Off+1","Battle Trance","Limit Break+1","True Grit+1","Shrug It Off","Good Instincts","Good Instincts","Secret Weapon+1","Flex+1","Decay","Corruption+1"],"special_seed":0,"relics":["Burning Blood","Anchor","Strawberry","Bag of Preparation","Lantern","Cursed Key","Red Mask","Regal Pillow","Bag of Marbles","Art of War","SlaversCollar","Vajra","Sling","Meat on the Bone","Molten Egg 2"],"potions_floor_usage":[10,14,22,50,50,50],"damage_taken":[{"damage":2.0,"enemies":"2 Louse","floor":1.0,"turns":3.0},{"damage":0.0,"enemies":"Small Slimes","floor":3.0,"turns":4.0},{"damage":6,"enemies":"Cultist","floor":5,"turns":2},{"damage":6,"enemies":"2 Fungi Beasts","floor":7,"turns":1},{"damage":9,"enemies":"3 Sentries","floor":10,"turns":4},{"damage":0,"enemies":"3 Louse","floor":12,"turns":3},{"damage":0,"enemies":"Gremlin Gang","floor":14,"turns":1},{"damage":6,"enemies":"Slime Boss","floor":16,"turns":4},{"damage":6,"enemies":"Spheric Guardian","floor":18,"turns":2},{"damage":6,"enemies":"Masked Bandits","floor":19,"turns":1},{"damage":6,"enemies":"Shell Parasite","floor":21,"turns":2},{"damage":0,"enemies":"3 Cultists","floor":22,"turns":3},{"damage":6,"enemies":"Centurion and Healer","floor":27,"turns":3},{"damage":6,"enemies":"Book of Stabbing","floor":29,"turns":2},{"damage":0,"enemies":"Shelled Parasite and Fungi","floor":31,"turns":1},{"damage":24,"enemies":"Collector","floor":33,"turns":4},{"damage":16,"enemies":"3 Shapes","floor":35,"turns":4},{"damage":0,"enemies":"3 Darklings","floor":36,"turns":2},{"damage":6,"enemies":"Jaw Worm Horde","floor":38,"turns":2},{"damage":0,"enemies":"Reptomancer","floor":41,"turns":2},{"damage":11,"enemies":"4 Shapes","floor":44,"turns":2},{"damage":12,"enemies":"3 Darklings","floor":45,"turns":3},{"damage":69,"enemies":"Time Eater","floor":50,"turns":5}],"seed_played":"-8638351082070045933","potions_obtained":[{"floor":1.0,"key":"Explosive Potion"},{"floor":5,"key":"Weak Potion"},{"floor":7,"key":"BloodPotion"},{"floor":12,"key":"Explosive Potion"},{"floor":16,"key":"Block Potion"},{"floor":18,"key":"DuplicationPotion"},{"floor":22,"key":"Dexterity Potion"},{"floor":33,"key":"PowerPotion"}],"is_trial":false,"path_per_floor":["M","?","M","?","M","R","M","R","T","E","R","M","$","M","R","B",null,"M","?","?","M","M","R","?","?","T","M","R","E","R","M","R","B",null,"M","M","$","M","?","R","E","R","T","M","M","?","$","?","R","B",null],"character_chosen":"IRONCLAD","items_purchased":["Lantern","Flex","Heavy Blade","Vajra","Sling"],"campfire_rested":0,"item_purchase_floors":[13,13,13,37,37],"current_hp_per_floor":[80,69,75,75,75,75,75,75,82,79,79,85,85,87,87,87,87,87,87,87,87,87,87,87,87,87,87,87,87,87,87,87,69,87,77,83,83,83,73,73,79,79,79,74,68,68,68,68,68,36],"gold":9,"neow_bonus":"RANDOM_COMMON_RELIC","is_prod":false,"is_daily":false,"chose_seed":false,"campfire_upgraded":11,"win_rate":0,"timestamp":1568605803,"path_taken":["M","?","M","?","M","R","?","R","T","E","R","M","$","M","R","BOSS","M","?","?","M","M","R","?","?","T","M","R","E","R","M","R","BOSS","M","?","$","M","?","R","E","R","T","M","M","?","$","?","R","BOSS"],"build_version":"2019-09-12","purchased_purges":2,"victory":true,"max_hp_per_floor":[80,80,80,80,80,80,80,80,87,87,87,87,87,87,87,87,87,87,87,87,87,87,87,87,87,87,87,87,87,87,87,87,87,87,87,87,87,87,87,87,87,87,87,87,87,87,87,87,87,87],"card_choices":[{"not_picked":["Reckless Charge","Disarm"],"picked":"Spot Weakness","floor":1.0},{"not_picked":["Dual Wield","True Grit"],"picked":"Sword Boomerang","floor":3.0},{"not_picked":["Warcry","Cleave"],"picked":"Twin Strike","floor":5},{"not_picked":["Shrug It Off","Second Wind"],"picked":"Sword Boomerang","floor":7},{"not_picked":["Shrug It Off","Cleave"],"picked":"Berserk","floor":10},{"not_picked":["Hemokinesis","Dropkick"],"picked":"Shrug It Off","floor":12},{"not_picked":["Fire Breathing","Pummel"],"picked":"Whirlwind","floor":14},{"not_picked":["Feed","Offering"],"picked":"Immolate","floor":16},{"not_picked":["Dropkick","Clash","Warcry"],"picked":"SKIP","floor":18},{"not_picked":["Clothesline","Headbutt"],"picked":"Shrug It Off","floor":21},{"not_picked":["Second Wind+1","Infernal Blade"],"picked":"Spot Weakness","floor":22},{"not_picked":["Twin Strike","Juggernaut"],"picked":"Thunderclap","floor":27},{"not_picked":["Clash","Feed"],"picked":"Shrug It Off+1","floor":29},{"not_picked":["Pommel Strike","Cleave"],"picked":"Battle Trance","floor":31},{"not_picked":["Barricade","Exhume"],"picked":"Limit Break","floor":33},{"not_picked":["Clash+1","Shrug It Off"],"picked":"True Grit+1","floor":35},{"not_picked":["Uppercut","Sever Soul+1","Dual Wield+1"],"picked":"SKIP","floor":36},{"not_picked":["Thunderclap","Rampage"],"picked":"Shrug It Off","floor":38},{"not_picked":["Trip","Purity"],"picked":"Good Instincts","floor":39},{"not_picked":["Panacea","Chrysalis"],"picked":"Good Instincts","floor":39},{"not_picked":["Transmutation","Thinking Ahead"],"picked":"Secret Weapon","floor":39},{"not_picked":["Searing Blow","Dropkick+1"],"picked":"Flex","floor":41},{"not_picked":["Shrug It Off+1","Clothesline+1"],"picked":"Corruption+1","floor":44},{"not_picked":["Flex","Armaments+1","Power Through+1"],"picked":"SKIP","floor":45},{"not_picked":["Flex","Armaments+1","Power Through+1"],"picked":"SKIP","floor":45}],"player_experience":1534431,"relics_obtained":[{"floor":9,"key":"Strawberry"},{"floor":10,"key":"Bag of Preparation"},{"floor":19,"key":"Red Mask"},{"floor":26,"key":"Bag of Marbles"},{"floor":29,"key":"Art of War"},{"floor":41,"key":"Meat on the Bone"},{"floor":43,"key":"Molten Egg 2"}],"event_choices":[{"damage_healed":0.0,"max_hp_gain":0.0,"max_hp_loss":0.0,"gold_gain":75.0,"event_name":"World of Goop","player_choice":"Gather Gold","floor":2.0,"gold_loss":0.0,"damage_taken":11.0},{"damage_healed":0,"gold_gain":0,"player_choice":"3 cards matched","damage_taken":0,"max_hp_gain":0,"max_hp_loss":0,"event_name":"Match and Keep!","floor":4,"gold_loss":0,"cards_obtained":["Offering","Flex","Deep Breath"]},{"damage_healed":0,"gold_gain":0,"player_choice":"Fought Bandits","damage_taken":0,"max_hp_gain":0,"max_hp_loss":0,"event_name":"Masked Bandits","floor":19,"gold_loss":0},{"damage_healed":0,"gold_gain":0,"player_choice":"Stole Relic","damage_taken":0,"relics_obtained":["Regal Pillow"],"max_hp_gain":0,"max_hp_loss":0,"event_name":"Addict","floor":20,"gold_loss":0,"cards_obtained":["Shame"]},{"cards_removed":["Shame"],"damage_healed":0,"gold_gain":0,"player_choice":"Gave Gold","damage_taken":0,"max_hp_gain":0,"max_hp_loss":0,"event_name":"Beggar","floor":24,"gold_loss":75},{"damage_healed":0,"gold_gain":0,"player_choice":"Cursed","damage_taken":0,"max_hp_gain":0,"max_hp_loss":0,"event_name":"Wheel of Change","floor":25,"gold_loss":0,"cards_obtained":["Decay"]},{"damage_healed":0,"gold_gain":0,"player_choice":"Memory 3","damage_taken":10,"max_hp_gain":0,"max_hp_loss":0,"event_name":"SensoryStone","floor":39,"gold_loss":0},{"cards_removed":["Strike_R"],"damage_healed":0,"gold_gain":0,"player_choice":"Removed Attack","damage_taken":0,"max_hp_gain":0,"max_hp_loss":0,"event_name":"Falling","floor":46,"gold_loss":0},{"damage_healed":0,"gold_gain":0,"player_choice":"Forge","damage_taken":0,"max_hp_gain":0,"max_hp_loss":0,"event_name":"Accursed Blacksmith","floor":48,"gold_loss":0,"cards_upgraded":["Secret Weapon"]}],"is_beta":true,"boss_relics":[{"not_picked":["Black Star","Black Blood"],"picked":"Cursed Key"},{"not_picked":["Calling Bell","Runic Pyramid"],"picked":"SlaversCollar"}],"items_purged_floors":[13,47],"is_endless":false,"potions_floor_spawned":[1,5,7,12,16,18,22,33,35,38,45],"ascension_level":0}