{"gold_per_floor":[118,136,149,149,167,202,222,248,248,263,263,263,328,346,346,446,446,461,461,461,11,30,30,47,76,128,146,157,182,182,210,210,210],"floor_reached":33,"playtime":2066,"items_purged":[],"score":411,"play_id":"c0337895-3545-4de7-935d-10811397337b","local_time":"20190809153106","is_ascension_mode":true,"campfire_choices":[{"data":"Rainbow","floor":12,"key":"SMITH"},{"data":"Self Repair","floor":15,"key":"SMITH"},{"data":"Fission","floor":23,"key":"SMITH"},{"data":"Hologram","floor":30,"key":"SMITH"},{"data":"Redo","floor":32,"key":"SMITH"}],"neow_cost":"TEN_PERCENT_HP_LOSS","seed_source_timestamp":549906196289279,"circlet_count":0,"master_deck":["Strike_B","Strike_B","Strike_B","Defend_B","Defend_B","Defend_B","Defend_B","Zap","Dualcast","Rainbow+1","Conserve Battery","Sweeping Beam","Redo+1","Hologram+1","Rebound+1","Conserve Battery+1","Self Repair+1","Turbo+1","Biased Cognition","Fission+1","Cold Snap","Ghostly","Ghostly","Ghostly","Ghostly","Ghostly+1","Necronomicurse","Steam+1","Thunder Strike","Glacier+1","Go for the Eyes","Ball Lightning+1","Redo+1","Conserve Battery+1","Glacier+1","BootSequence+1"],"relics":["Cracked Core","Regal Pillow","Cables","Bag of Preparation","Anchor","Inserter","Necronomicon","Toxic Egg 2","Molten Egg 2","War Paint","Thread and Needle","Bronze Scales"],"potions_floor_usage":[5,13,16,33,33],"damage_taken":[{"damage":0,"enemies":"Small Slimes","floor":1,"turns":3},{"damage":0,"enemies":"Cultist","floor":2,"turns":4},{"damage":1,"enemies":"2 Louse","floor":3,"turns":3},{"damage":8,"enemies":"Looter","floor":5,"turns":3},{"damage":10,"enemies":"3 Sentries","floor":6,"turns":6},{"damage":1,"enemies":"Exordium Wildlife","floor":7,"turns":6},{"damage":25,"enemies":"Gremlin Nob","floor":8,"turns":4},{"damage":6,"enemies":"3 Louse","floor":10,"turns":4},{"damage":6,"enemies":"3 Sentries","floor":13,"turns":5},{"damage":0,"enemies":"Lots of Slimes","floor":14,"turns":3},{"damage":14,"enemies":"The Guardian","floor":16,"turns":11},{"damage":16,"enemies":"3 Byrds","floor":18,"turns":7},{"damage":0,"enemies":"Shell Parasite","floor":22,"turns":8},{"damage":0,"enemies":"Centurion and Healer","floor":24,"turns":11},{"damage":20,"enemies":"Slavers","floor":25,"turns":9},{"damage":0,"enemies":"Cultist and Chosen","floor":27,"turns":8},{"damage":7,"enemies":"Snecko","floor":28,"turns":7},{"damage":0,"enemies":"Gremlin Leader","floor":29,"turns":6},{"damage":6,"enemies":"Slavers","floor":31,"turns":7},{"damage":35,"enemies":"Collector","floor":33,"turns":11}],"seed_played":"8078092966035806498","potions_obtained":[{"floor":2,"key":"Fire Potion"},{"floor":3,"key":"SkillPotion"},{"floor":7,"key":"Strength Potion"},{"floor":14,"key":"Dexterity Potion"},{"floor":22,"key":"Ancient Potion"},{"floor":24,"key":"SpeedPotion"}],"is_trial":false,"path_per_floor":["M","M","M","?","M","E","M","E","T","M","?","R","?","M","R","B",null,"M","?","?","$","M","R","M","E","T","M","M","E","R","E","R","B"],"character_chosen":"DEFECT","items_purchased":["Toxic Egg 2","Steam+1","Thunder Strike"],"campfire_rested":0,"item_purchase_floors":[21,21,21],"current_hp_per_floor":[68,68,67,67,59,49,48,23,23,24,10,10,11,18,18,14,68,62,34,18,18,28,28,34,24,24,24,27,34,34,28,28,0],"gold":210,"neow_bonus":"THREE_RARE_CARDS","is_prod":false,"is_daily":false,"chose_seed":false,"campfire_upgraded":5,"win_rate":0,"timestamp":1565353866,"path_taken":["M","M","M","?","?","E","M","E","T","M","?","R","?","M","R","BOSS","M","?","?","?","M","R","M","E","T","M","M","E","R","E","R","BOSS"],"build_version":"2019-07-17","purchased_purges":0,"victory":false,"max_hp_per_floor":[68,68,68,68,68,68,68,68,68,68,68,68,68,68,68,68,68,68,34,34,34,34,34,34,34,34,34,34,34,34,34,34,34],"card_choices":[{"not_picked":["Biased Cognition","Seek"],"picked":"Rainbow","floor":0},{"not_picked":["Compile Driver","Gash"],"picked":"Conserve Battery","floor":1},{"not_picked":["Force Field","Compile Driver"],"picked":"Sweeping Beam","floor":2},{"not_picked":["Steam","Cold Snap"],"picked":"Redo","floor":3},{"not_picked":["Beam Cell","Tempest"],"picked":"Hologram","floor":5},{"not_picked":["Lockon","FTL"],"picked":"Rebound","floor":6},{"not_picked":["Force Field","Leap"],"picked":"Conserve Battery","floor":7},{"not_picked":["Compile Driver","Recycle"],"picked":"Self Repair","floor":8},{"not_picked":["Stack","Beam Cell"],"picked":"Turbo","floor":10},{"not_picked":["Turbo","Sweeping Beam"],"picked":"Biased Cognition","floor":14},{"not_picked":["Biased Cognition","All For One"],"picked":"Fission","floor":16},{"not_picked":["Go for the Eyes","Stack"],"picked":"Cold Snap","floor":18},{"not_picked":["Reprogram+1","Rip and Tear"],"picked":"Glacier+1","floor":22},{"not_picked":["Lockon+1","Cold Snap"],"picked":"Go for the Eyes","floor":24},{"not_picked":["Self Repair","Melter"],"picked":"Ball Lightning","floor":25},{"not_picked":["Tempest+1","Barrage+1"],"picked":"Redo+1","floor":27},{"not_picked":["Barrage+1","Fusion+1"],"picked":"Conserve Battery+1","floor":28},{"not_picked":["Aggregate+1","Machine Learning"],"picked":"Glacier+1","floor":29},{"not_picked":["Scrape+1","Heatsinks"],"picked":"BootSequence+1","floor":31}],"player_experience":204625,"relics_obtained":[{"floor":6,"key":"Regal Pillow"},{"floor":8,"key":"Cables"},{"floor":9,"key":"Bag of Preparation"},{"floor":13,"key":"Anchor"},{"floor":20,"key":"Necronomicon"},{"floor":25,"key":"Molten Egg 2"},{"floor":26,"key":"War Paint"},{"floor":29,"key":"Thread and Needle"},{"floor":31,"key":"Bronze Scales"}],"event_choices":[{"cards_removed":["Strike_B"],"damage_healed":0,"gold_gain":0,"player_choice":"Purged","damage_taken":0,"max_hp_gain":0,"max_hp_loss":0,"event_name":"Purifier","floor":4,"gold_loss":0},{"damage_healed":0,"gold_gain":0,"player_choice":"Entered Light","damage_taken":14,"max_hp_gain":0,"max_hp_loss":0,"event_name":"Shining Light","floor":11,"gold_loss":0,"cards_upgraded":["Turbo","Rebound"]},{"damage_healed":0,"gold_gain":0,"player_choice":"Searched \u00271\u0027 times","damage_taken":0,"max_hp_gain":0,"max_hp_loss":0,"event_name":"Dead Adventurer","floor":13,"gold_loss":0},{"damage_healed":0,"gold_gain":0,"player_choice":"Became a Ghost","damage_taken":0,"max_hp_gain":0,"max_hp_loss":34,"event_name":"Ghosts","floor":19,"gold_loss":0,"cards_obtained":["Ghostly","Ghostly","Ghostly","Ghostly","Ghostly"]},{"damage_healed":0,"gold_gain":0,"player_choice":"Obtained Book","damage_taken":16,"max_hp_gain":0,"max_hp_loss":0,"event_name":"Cursed Tome","floor":20,"gold_loss":0}],"is_beta":false,"boss_relics":[{"not_picked":["Lizard Tail","FrozenCore"],"picked":"Inserter"}],"items_purged_floors":[],"is_endless":false,"potions_floor_spawned":[2,3,7,14,22,24,25,28,29],"killed_by":"Collector","ascension_level":1}