{"gold_per_floor":[118,129,143,162,162,191,205,205],"floor_reached":8,"playtime":451,"items_purged":["Strike_B"],"score":63,"play_id":"de7acfdb-4c7a-4456-bc23-4a8ba9a0d5c7","local_time":"20190124202626","is_ascension_mode":true,"campfire_choices":[],"neow_cost":"","seed_source_timestamp":170732095027961,"circlet_count":0,"master_deck":["Strike_B","Strike_B","Strike_B","Defend_B","Defend_B","Defend_B","Defend_B","Zap","Dualcast","Defragment+1","Hologram","Finesse","Ball Lightning","strawberrySpire:BlasterWyrm","Melter","Loop","Stack","Cold Snap","Defragment","strawberrySpire:Compressor"],"relics":["Cracked Core","DataDisk","Bag of Marbles","ClockworkSouvenir","Orichalcum"],"potions_floor_usage":[6,7],"damage_taken":[{"damage":0,"enemies":"Cultist","floor":1,"turns":3},{"damage":1,"enemies":"Jaw Worm","floor":2,"turns":4},{"damage":3,"enemies":"Small Slimes","floor":3,"turns":2},{"damage":6,"enemies":"2 Fungi Beasts","floor":4,"turns":3},{"damage":32,"enemies":"strawberrySpire:EnergyPylons","floor":6,"turns":6},{"damage":3,"enemies":"Looter","floor":7,"turns":2},{"damage":8,"enemies":"Gremlin Nob","floor":8,"turns":3}],"seed_played":"-1047389127044346238","potions_obtained":[{"floor":1,"key":"Regen Potion"},{"floor":6,"key":"AttackPotion"}],"is_trial":false,"path_per_floor":["M","M","M","M","?","E","M","E"],"character_chosen":"DEFECT","items_purchased":["DataDisk","Bag of Marbles","Defragment","Hologram","Finesse","ClockworkSouvenir","Ball Lightning","strawberrySpire:BlasterWyrm"],"campfire_rested":0,"item_purchase_floors":[0,0,0,0,0,0,0,0],"current_hp_per_floor":[38,37,34,28,28,11,8,0],"gold":205,"neow_bonus":"","is_prod":false,"is_daily":false,"chose_seed":false,"campfire_upgraded":0,"win_rate":0,"timestamp":1548350786,"path_taken":["M","M","?","M","?","E","M","E"],"build_version":"2019-01-23","purchased_purges":1,"victory":false,"max_hp_per_floor":[75,75,75,75,75,75,75,75],"card_choices":[{"not_picked":["Streamline","Sweeping Beam"],"picked":"Melter","floor":1},{"not_picked":["Sunder","Rebound"],"picked":"Loop","floor":2},{"not_picked":["Melter","Barrage"],"picked":"Stack","floor":3},{"not_picked":["Consume","FTL"],"picked":"Cold Snap","floor":4},{"not_picked":["strawberrySpire:ReturnNull","Consume"],"picked":"Defragment","floor":6},{"not_picked":["BootSequence","Capacitor"],"picked":"strawberrySpire:Compressor","floor":7}],"player_experience":1092611,"relics_obtained":[{"floor":6,"key":"Orichalcum"}],"event_choices":[{"damage_healed":0,"gold_gain":0,"player_choice":"Upgraded","damage_taken":0,"max_hp_gain":0,"max_hp_loss":0,"event_name":"Upgrade Shrine","floor":5,"gold_loss":0,"cards_upgraded":["Defragment"]}],"is_beta":true,"boss_relics":[],"items_purged_floors":[0],"is_endless":false,"potions_floor_spawned":[1,6],"killed_by":"Gremlin Nob","ascension_level":1}