{"gold_per_floor":[11,11,11,25,45,45,21,21,48,123,134,166,179,192,192,294,294,313,313,313,329,343,343,343],"floor_reached":24,"playtime":1069,"items_purged":[],"score":223,"play_id":"67bdc3a3-279e-43fa-ae5d-a3587d7721cd","local_time":"20180926004650","is_ascension_mode":false,"campfire_choices":[{"data":"Dualcast","floor":6,"key":"SMITH"},{"data":"Loop","floor":8,"key":"SMITH"},{"data":"Chaos","floor":15,"key":"SMITH"},{"data":"Buffer","floor":23,"key":"SMITH"}],"neow_cost":"NO_GOLD","seed_source_timestamp":193869006934233,"circlet_count":0,"master_deck":["Strike_B","Strike_B+1","Strike_B","Strike_B","Defend_B","Defend_B","Defend_B","Defend_B","Zap+1","Dualcast+1","Reinforced Body","Loop+1","Doom and Gloom","Stack","Chaos+1","Skim","Auto Shields","Compile Driver","Buffer+1","Self Repair","Writhe","Beam Cell","Rebound+1"],"relics":["Cracked Core","PreservedInsect","Regal Pillow","Black Star","Shuriken"],"potions_floor_usage":[12,16,16,22,24,24],"damage_taken":[{"damage":0,"enemies":"Small Slimes","floor":1,"turns":3},{"damage":0,"enemies":"2 Louse","floor":4,"turns":3},{"damage":0,"enemies":"Cultist","floor":5,"turns":3},{"damage":4,"enemies":"Exordium Wildlife","floor":11,"turns":3},{"damage":7,"enemies":"Gremlin Nob","floor":12,"turns":3},{"damage":5,"enemies":"3 Louse","floor":13,"turns":2},{"damage":12,"enemies":"2 Fungi Beasts","floor":14,"turns":3},{"damage":22,"enemies":"Slime Boss","floor":16,"turns":5},{"damage":10,"enemies":"Spheric Guardian","floor":18,"turns":4},{"damage":17,"enemies":"Chosen","floor":21,"turns":5},{"damage":20,"enemies":"Sentry and Sphere","floor":22,"turns":5},{"damage":65,"enemies":"Gremlin Leader","floor":24,"turns":7}],"seed_played":"-3840237930184296142","potions_obtained":[{"floor":1,"key":"Energy Potion"},{"floor":5,"key":"Explosive Potion"},{"floor":11,"key":"GamblersBrew"},{"floor":13,"key":"Fire Potion"},{"floor":21,"key":"Fire Potion"},{"floor":22,"key":"Dexterity Potion"}],"is_trial":false,"path_per_floor":["M","?","?","M","M","R","$","R","T","?","M","E","M","M","R","B",null,"M","?","?","M","M","R"],"character_chosen":"DEFECT","items_purchased":["Stack"],"campfire_rested":0,"item_purchase_floors":[7],"current_hp_per_floor":[89,94,75,75,75,75,75,75,75,66,62,55,50,38,38,16,94,84,84,84,74,61,61,0],"gold":343,"neow_bonus":"TWENTY_PERCENT_HP_BONUS","is_prod":false,"is_daily":false,"chose_seed":false,"campfire_upgraded":4,"win_rate":0,"timestamp":1537912010,"path_taken":["M","?","?","M","M","R","?","R","T","?","?","E","M","M","R","BOSS","M","?","?","M","M","R","E"],"build_version":"2018-09-24","purchased_purges":0,"victory":false,"max_hp_per_floor":[89,94,94,94,94,94,94,94,94,94,94,94,94,94,94,94,94,94,94,94,94,94,94,94],"card_choices":[{"not_picked":["Heatsinks","Reprogram"],"picked":"Reinforced Body","floor":1},{"not_picked":["BootSequence","Stack"],"picked":"Loop","floor":4},{"not_picked":["Barrage","Rip and Tear"],"picked":"Doom and Gloom","floor":5},{"not_picked":["Storm","Stack"],"picked":"Chaos","floor":11},{"not_picked":["Turbo","Multi-Cast"],"picked":"Skim","floor":12},{"not_picked":["Redo","Go for the Eyes"],"picked":"Auto Shields","floor":13},{"not_picked":["Darkness","Fusion"],"picked":"Compile Driver","floor":14},{"not_picked":["Thunder Strike","Seek"],"picked":"Buffer","floor":16},{"not_picked":["Sweeping Beam","Recycle"],"picked":"Self Repair","floor":18},{"not_picked":["Streamline","Genetic Algorithm+1"],"picked":"Beam Cell","floor":21},{"not_picked":["Coolheaded","Blizzard"],"picked":"Rebound+1","floor":22}],"player_experience":717299,"relics_obtained":[{"floor":9,"key":"PreservedInsect"},{"floor":12,"key":"Regal Pillow"}],"event_choices":[{"event_name":"Big Fish","player_choice":"Donut","floor":2,"damage_taken":0},{"event_name":"Shining Light","player_choice":"Entered Light","floor":3,"damage_taken":0},{"event_name":"FaceTrader","player_choice":"Touch","floor":10,"damage_taken":0},{"event_name":"The Mausoleum","player_choice":"Yes","floor":19,"damage_taken":0},{"event_name":"Ghosts","player_choice":"Ignored","floor":20,"damage_taken":0}],"is_beta":true,"boss_relics":[{"not_picked":["Fusion Hammer","Empty Cage"],"picked":"Black Star"}],"items_purged_floors":[],"is_endless":false,"potions_floor_spawned":[1,5,11,13,21,22],"killed_by":"Gremlin Leader","ascension_level":0}