{"gold_per_floor":[116,126,137,156,167,198,198,231,279,279,307,322,335,345,345,441,441,453,86,86,185,205,205,231,231,311,340,359,359,359,387,387,491,491,510,510,529,547,566,566,526,536,536,536,550,583,5,19,19,19],"floor_reached":51,"playtime":2806,"items_purged":["Strike_B"],"score":1220,"play_id":"dc789732-5e0e-4cdb-b772-57a250172ca0","local_time":"20190424201037","is_ascension_mode":true,"campfire_choices":[{"data":"Genetic Algorithm","floor":7,"key":"SMITH"},{"data":"Fission","floor":10,"key":"SMITH"},{"data":"Hologram","floor":15,"key":"SMITH"},{"data":"Hologram","floor":23,"key":"SMITH"},{"data":"Hologram","floor":25,"key":"SMITH"},{"data":"Hologram","floor":30,"key":"SMITH"},{"data":"strawberrySpire:Flashback","floor":32,"key":"SMITH"},{"data":"Defragment","floor":40,"key":"SMITH"},{"data":"strawberrySpire:FocalLaser","floor":44,"key":"SMITH"},{"data":"Reinforced Body","floor":49,"key":"SMITH"}],"neow_cost":"","seed_source_timestamp":971078512345630,"circlet_count":0,"master_deck":["Strike_B","Strike_B","Strike_B","Defend_B","Defend_B","Defend_B","Defend_B","Zap","Dualcast","Gash","strawberrySpire:AngeryBot","Coolheaded","Gash","Defragment+1","Reinforced Body+1","Panache","Genetic Algorithm+1","strawberrySpire:FocalLaser+1","Chill","Fission+1","BootSequence","Gash","Reinforced Body","Hologram+1","Multi-Cast","strawberrySpire:Flashback","Writhe","Hologram+1","Hologram+1","Hologram+1","All For One","strawberrySpire:AngeryBot+1","strawberrySpire:Flashback","Undo","Capacitor+1","Turbo+1","Defragment+1"],"relics":["Cracked Core","Chemical X","Tiny Chest","Vajra","Frozen Egg 2","strawberrySpire:ElectricRodnt","PreservedInsect","Mummified Hand","Eternal Feather","OrangePellets","Art of War","Omamori","Blue Candle","Boot","Red Mask","strawberrySpire:Dictionifier","Incense Burner","Torii","Singing Bowl","Meat on the Bone"],"potions_floor_usage":[6,8,12,16,16,31,46,48,48,50],"damage_taken":[{"damage":1,"enemies":"Cultist","floor":1,"turns":3},{"damage":0,"enemies":"Small Slimes","floor":2,"turns":3},{"damage":4,"enemies":"2 Louse","floor":3,"turns":3},{"damage":9,"enemies":"Looter","floor":4,"turns":2},{"damage":9,"enemies":"2 Fungi Beasts","floor":5,"turns":4},{"damage":19,"enemies":"Gremlin Nob","floor":6,"turns":4},{"damage":0,"enemies":"3 Sentries","floor":8,"turns":6},{"damage":6,"enemies":"strawberrySpire:EnergyPylons","floor":11,"turns":4},{"damage":6,"enemies":"Exordium Thugs","floor":12,"turns":3},{"damage":0,"enemies":"Gremlin Gang","floor":13,"turns":4},{"damage":5,"enemies":"Blue Slaver","floor":14,"turns":3},{"damage":0,"enemies":"The Guardian","floor":16,"turns":5},{"damage":7,"enemies":"Shell Parasite","floor":18,"turns":5},{"damage":0,"enemies":"Chosen","floor":22,"turns":3},{"damage":23,"enemies":"Slavers","floor":24,"turns":6},{"damage":10,"enemies":"Book of Stabbing","floor":27,"turns":4},{"damage":8,"enemies":"3 Cultists","floor":28,"turns":6},{"damage":8,"enemies":"Masked Bandits","floor":31,"turns":4},{"damage":28,"enemies":"Automaton","floor":33,"turns":10},{"damage":1,"enemies":"3 Shapes","floor":35,"turns":4},{"damage":4,"enemies":"3 Darklings","floor":37,"turns":4},{"damage":1,"enemies":"Maw","floor":38,"turns":4},{"damage":1,"enemies":"Spire Growth","floor":39,"turns":6},{"damage":1,"enemies":"4 Shapes","floor":42,"turns":4},{"damage":1,"enemies":"Maw","floor":45,"turns":4},{"damage":1,"enemies":"Nemesis","floor":46,"turns":2},{"damage":15,"enemies":"Transient","floor":48,"turns":5},{"damage":52,"enemies":"Awakened One","floor":50,"turns":11}],"seed_played":"4062772456273225896","potions_obtained":[{"floor":1,"key":"GamblersBrew"},{"floor":4,"key":"Dexterity Potion"},{"floor":5,"key":"SpeedPotion"},{"floor":11,"key":"Explosive Potion"},{"floor":12,"key":"Poison Potion"},{"floor":13,"key":"EssenceOfSteel"},{"floor":24,"key":"SpeedPotion"},{"floor":27,"key":"Block Potion"},{"floor":38,"key":"PowerPotion"},{"floor":42,"key":"SkillPotion"},{"floor":45,"key":"EssenceOfSteel"},{"floor":48,"key":"Explosive Potion"}],"is_trial":false,"path_per_floor":["M","M","M","M","M","E","R","E","T","R","E","M","M","M","R","B",null,"M","$","?","?","M","R","E","R","T","E","M","?","R","?","R","B",null,"M","?","M","M","M","R","?","M","T","R","M","E","$","M","R","B",null],"character_chosen":"DEFECT","items_purchased":["Chemical X","Gash","strawberrySpire:AngeryBot","Tiny Chest","Coolheaded","Gash","Defragment","Reinforced Body","Panache","Vajra","strawberrySpire:Flashback","OrangePellets","Defragment+1","Singing Bowl","Meat on the Bone"],"campfire_rested":0,"item_purchase_floors":[0,0,0,0,0,0,0,0,0,0,19,19,47,47,47],"current_hp_per_floor":[74,74,70,61,52,33,33,33,33,33,27,21,21,16,16,16,75,68,68,68,68,68,75,52,67,67,57,49,49,67,59,75,47,75,74,74,70,69,68,75,75,74,74,75,74,73,73,60,77,37],"gold":19,"neow_bonus":"","is_prod":false,"is_daily":false,"chose_seed":false,"campfire_upgraded":10,"win_rate":0,"timestamp":1556125837,"path_taken":["M","M","?","M","M","E","R","E","T","R","E","M","M","M","R","BOSS","M","$","?","?","M","R","E","R","T","E","M","?","R","?","R","BOSS","M","?","M","M","?","R","?","M","T","R","?","E","$","M","R","BOSS"],"build_version":"2019-01-23","purchased_purges":1,"victory":true,"max_hp_per_floor":[75,75,75,75,75,75,75,75,75,75,75,75,75,75,75,75,75,75,75,75,75,75,75,75,75,75,75,75,75,75,75,75,75,75,75,75,75,75,75,75,75,75,75,75,75,75,75,77,77,77],"card_choices":[{"not_picked":["strawberrySpire:DataDump","Compile Driver"],"picked":"Genetic Algorithm","floor":1},{"not_picked":["strawberrySpire:Disconnect","Compile Driver"],"picked":"strawberrySpire:FocalLaser","floor":2},{"not_picked":["strawberrySpire:ReturnNull","Streamline"],"picked":"Chill","floor":3},{"not_picked":["Streamline","strawberrySpire:Disconnect","Coolheaded"],"picked":"SKIP","floor":4},{"not_picked":["Hello World","strawberrySpire:Adapter"],"picked":"Fission","floor":5},{"not_picked":["Consume","Storm"],"picked":"BootSequence","floor":6},{"not_picked":["strawberrySpire:DataDump","Storm+1"],"picked":"Gash","floor":8},{"not_picked":["Compile Driver","strawberrySpire:NeonFlight"],"picked":"Reinforced Body","floor":11},{"not_picked":["strawberrySpire:Disconnect","Leap","strawberrySpire:NeonFlight"],"picked":"SKIP","floor":12},{"not_picked":["Go for the Eyes","Static Discharge+1"],"picked":"Hologram","floor":13},{"not_picked":["Go for the Eyes","FTL","Streamline"],"picked":"SKIP","floor":14},{"not_picked":["Meteor Strike","Machine Learning+1"],"picked":"Multi-Cast","floor":16},{"not_picked":["Compile Driver","strawberrySpire:Disconnect+1","strawberrySpire:THEL"],"picked":"SKIP","floor":18},{"not_picked":["Compile Driver","strawberrySpire:Disconnect+1","strawberrySpire:THEL"],"picked":"SKIP","floor":18},{"not_picked":["Heatsinks+1","Cold Snap"],"picked":"Hologram","floor":22},{"not_picked":["Conserve Battery","Steam"],"picked":"Hologram","floor":24},{"not_picked":["Compile Driver","strawberrySpire:Adapter","Sweeping Beam+1"],"picked":"SKIP","floor":27},{"not_picked":["Gash","Sweeping Beam+1","Consume+1"],"picked":"SKIP","floor":28},{"not_picked":["Amplify","Machine Learning+1"],"picked":"All For One","floor":33},{"not_picked":["Compile Driver+1","Coolheaded"],"picked":"strawberrySpire:AngeryBot+1","floor":35},{"not_picked":["strawberrySpire:AngeryBot+1","strawberrySpire:Disconnect+1","Cold Snap"],"picked":"SKIP","floor":37},{"not_picked":["Darkness","Gash"],"picked":"Undo","floor":38},{"not_picked":["Rip and Tear","Leap","Coolheaded+1"],"picked":"SKIP","floor":39},{"not_picked":["Compile Driver+1","Rebound"],"picked":"Capacitor+1","floor":42},{"not_picked":["Coolheaded+1","Sweeping Beam"],"picked":"Turbo+1","floor":45},{"not_picked":["Cold Snap+1","Steam","All For One"],"picked":"SKIP","floor":46},{"not_picked":["Redo+1","Cold Snap+1","strawberrySpire:BreederCore"],"picked":"Singing Bowl","floor":48}],"player_experience":114080,"relics_obtained":[{"floor":6,"key":"Frozen Egg 2"},{"floor":8,"key":"strawberrySpire:ElectricRodnt"},{"floor":9,"key":"PreservedInsect"},{"floor":11,"key":"Mummified Hand"},{"floor":24,"key":"Omamori"},{"floor":26,"key":"Blue Candle"},{"floor":27,"key":"Boot"},{"floor":31,"key":"Red Mask"},{"floor":43,"key":"Incense Burner"},{"floor":46,"key":"Torii"}],"event_choices":[{"damage_healed":0,"gold_gain":0,"player_choice":"Opened","damage_taken":0,"relics_obtained":["Art of War"],"max_hp_gain":0,"max_hp_loss":0,"event_name":"The Mausoleum","floor":20,"gold_loss":0,"cards_obtained":["Writhe"]},{"damage_healed":0,"gold_gain":99,"player_choice":"Stole From Cult","damage_taken":0,"max_hp_gain":0,"max_hp_loss":0,"event_name":"Nest","floor":21,"gold_loss":0},{"damage_healed":0,"gold_gain":0,"player_choice":"Read","damage_taken":0,"max_hp_gain":0,"max_hp_loss":0,"event_name":"The Library","floor":29,"gold_loss":0,"cards_obtained":["Hologram"]},{"damage_healed":0,"gold_gain":0,"player_choice":"Fought Bandits","damage_taken":0,"max_hp_gain":0,"max_hp_loss":0,"event_name":"Masked Bandits","floor":31,"gold_loss":0},{"damage_healed":0,"gold_gain":0,"player_choice":"Copied","damage_taken":0,"max_hp_gain":0,"max_hp_loss":0,"event_name":"Duplicator","floor":36,"gold_loss":0,"cards_obtained":["strawberrySpire:Flashback"]},{"damage_healed":0,"gold_gain":0,"player_choice":"Bought 3 Potions","damage_taken":0,"max_hp_gain":0,"max_hp_loss":0,"event_name":"The Woman in Blue","floor":41,"gold_loss":0}],"is_beta":false,"boss_relics":[{"not_picked":["Snecko Eye","Philosopher\u0027s Stone"],"picked":"Eternal Feather"},{"not_picked":["energizedSpire:SpiderWeb","strawberrySpire:RottenAvocado"],"picked":"strawberrySpire:Dictionifier"}],"items_purged_floors":[0],"is_endless":false,"potions_floor_spawned":[1,4,5,11,12,13,24,27,38,42,45,48],"ascension_level":2}