{"gold_per_floor":[119,194,276,451,451,451,471,471,498,525,541,555,582,582,582,582],"floor_reached":16,"playtime":411,"items_purged":[],"score":103,"play_id":"9404aa44-7cfd-40d4-a439-2e69b66659a1","local_time":"20190919102050","is_ascension_mode":true,"campfire_choices":[{"data":"Ragnarok","floor":6,"key":"SMITH"},{"data":"Prostrate","floor":8,"key":"SMITH"},{"floor":15,"key":"REST"}],"neow_cost":"PERCENT_DAMAGE","seed_source_timestamp":256260828104300,"circlet_count":0,"master_deck":["Strike_P","Strike_P","Strike_P","Strike_P","Defend_P","Defend_P","Defend_P","Defend_P","Eruption","Vigilance","Ragnarok+1","Prostrate+1","Protect","BowlingBash","Evaluate","ForeignInfluence","EmptyBody"],"relics":["PureWater","Bottled Lightning","Juzu Bracelet","Lantern","Odd Mushroom"],"potions_floor_usage":[16],"damage_taken":[{"damage":3,"enemies":"Small Slimes","floor":1,"turns":2},{"damage":0,"enemies":"Jaw Worm","floor":7,"turns":2},{"damage":23,"enemies":"Lagavulin","floor":10,"turns":3},{"damage":0,"enemies":"2 Louse","floor":11,"turns":2},{"damage":0,"enemies":"2 Fungi Beasts","floor":12,"turns":3},{"damage":0,"enemies":"The Mushroom Lair","floor":13,"turns":2},{"damage":31,"enemies":"Hexaghost","floor":16,"turns":10}],"seed_played":"-2949612793781840728","potions_obtained":[{"floor":10,"key":"Strength Potion"},{"floor":13,"key":"PowerPotion"}],"is_trial":false,"path_per_floor":["M","?","T","?","?","R","M","R","T","E","M","M","?","?","R","B"],"character_chosen":"WATCHER","items_purchased":[],"campfire_rested":1,"item_purchase_floors":[],"current_hp_per_floor":[44,33,33,33,26,26,26,26,26,3,3,3,3,8,29,0],"gold":582,"neow_bonus":"THREE_RARE_CARDS","is_prod":false,"is_daily":false,"chose_seed":false,"campfire_upgraded":2,"win_rate":0,"timestamp":1568877650,"path_taken":["M","?","?","?","?","R","M","R","T","E","M","M","?","?","R","BOSS"],"build_version":"2019-09-18","purchased_purges":0,"victory":false,"max_hp_per_floor":[65,65,65,65,65,65,65,65,65,65,65,65,65,70,70,70],"card_choices":[{"not_picked":["BattleHymn","Adaptation"],"picked":"Ragnarok","floor":0},{"not_picked":["BowlingBash","ClearTheMind"],"picked":"Prostrate","floor":1},{"not_picked":["Prostrate","Sanctity"],"picked":"Protect","floor":7},{"not_picked":["WreathOfFlame","CarveReality"],"picked":"BowlingBash","floor":10},{"not_picked":["BowlingBash","Halt"],"picked":"Evaluate","floor":11},{"not_picked":["Crescendo","JustLucky"],"picked":"ForeignInfluence","floor":12},{"not_picked":["Adaptation","Consecrate"],"picked":"EmptyBody","floor":13}],"player_experience":301180,"relics_obtained":[{"floor":3,"key":"Bottled Lightning"},{"floor":9,"key":"Juzu Bracelet"},{"floor":10,"key":"Lantern"},{"floor":13,"key":"Odd Mushroom"}],"event_choices":[{"damage_healed":0,"gold_gain":75,"player_choice":"Gather Gold","damage_taken":11,"max_hp_gain":0,"max_hp_loss":0,"event_name":"World of Goop","floor":2,"gold_loss":0},{"damage_healed":0,"gold_gain":175,"player_choice":"AGREE","damage_taken":0,"max_hp_gain":0,"max_hp_loss":0,"event_name":"Liars Game","floor":4,"gold_loss":0,"cards_obtained":["Doubt"]},{"cards_removed":["Doubt"],"damage_healed":0,"gold_gain":0,"player_choice":"Card Removal","damage_taken":7,"max_hp_gain":0,"max_hp_loss":0,"event_name":"Golden Wing","floor":5,"gold_loss":0},{"damage_healed":0,"gold_gain":0,"player_choice":"Fought Mushrooms","damage_taken":0,"max_hp_gain":0,"max_hp_loss":0,"event_name":"Mushrooms","floor":13,"gold_loss":0},{"damage_healed":0,"gold_gain":0,"player_choice":"Donut","damage_taken":0,"max_hp_gain":5,"max_hp_loss":0,"event_name":"Big Fish","floor":14,"gold_loss":0}],"is_beta":true,"boss_relics":[],"items_purged_floors":[],"is_endless":false,"potions_floor_spawned":[10,13],"killed_by":"Hexaghost","ascension_level":1}