{"gold_per_floor":[118,118,193,44,55,83,83,101,101,276,289,306,306,306],"floor_reached":14,"playtime":260,"items_purged":[],"score":90,"play_id":"e7faf18f-3771-4557-b609-c563f67dcc21","local_time":"20190808030924","is_ascension_mode":false,"campfire_choices":[{"data":"Zap","floor":7,"key":"SMITH"},{"data":"Hello World","floor":13,"key":"SMITH"}],"neow_cost":"NONE","seed_source_timestamp":16072957996482,"circlet_count":0,"master_deck":["Strike_B","Strike_B","Defend_B","Defend_B","Defend_B","Zap+1","Dualcast","Turbo+1","Sunder+1","Stack+1","Sunder","FTL","Go for the Eyes","Leap","Conserve Battery","Beam Cell","Hello World+1","Doubt","Sweeping Beam","Sunder"],"relics":["Astrolabe","Sundial","Shuriken","Matryoshka"],"potions_floor_usage":[6],"damage_taken":[{"damage":0,"enemies":"Jaw Worm","floor":1,"turns":1},{"damage":0,"enemies":"Small Slimes","floor":5,"turns":4},{"damage":14,"enemies":"Gremlin Nob","floor":6,"turns":3},{"damage":0,"enemies":"2 Louse","floor":8,"turns":2},{"damage":10,"enemies":"Exordium Wildlife","floor":11,"turns":3},{"damage":10,"enemies":"Large Slime","floor":12,"turns":6},{"damage":0,"enemies":"Blue Slaver","floor":14,"turns":1}],"seed_played":"5137751959336202465","potions_obtained":[{"floor":5,"key":"Explosive Potion"},{"floor":8,"key":"SpeedPotion"},{"floor":12,"key":"SpeedPotion"}],"is_trial":false,"path_per_floor":["M","?","?","$","M","E","R","M","T","?","M","M","R","M"],"character_chosen":"DEFECT","items_purchased":["FTL","Go for the Eyes","Leap"],"campfire_rested":0,"item_purchase_floors":[4,4,4],"current_hp_per_floor":[75,63,52,52,52,38,38,38,38,38,28,18,18,18],"gold":306,"neow_bonus":"BOSS_RELIC","is_prod":false,"is_daily":false,"chose_seed":false,"campfire_upgraded":2,"win_rate":0,"timestamp":1565255364,"path_taken":["M","?","?","$","M","E","R","M","T","?","M","?","R","M"],"build_version":"2019-07-17","purchased_purges":0,"victory":false,"max_hp_per_floor":[75,75,75,75,75,75,75,75,75,75,75,75,75,75],"card_choices":[{"not_picked":["Conserve Battery","Turbo"],"picked":"Sunder","floor":1},{"not_picked":["Redo","Undo"],"picked":"Conserve Battery","floor":5},{"not_picked":["Genetic Algorithm","Leap"],"picked":"Beam Cell","floor":6},{"not_picked":["Streamline","Static Discharge"],"picked":"Hello World","floor":8},{"not_picked":["Consume","Gash"],"picked":"Sweeping Beam","floor":11},{"not_picked":["Skim","Compile Driver"],"picked":"Sunder","floor":12}],"player_experience":1663518,"relics_obtained":[{"floor":6,"key":"Shuriken"},{"floor":9,"key":"Matryoshka"}],"event_choices":[{"damage_healed":0,"gold_gain":0,"player_choice":"Success","damage_taken":12,"relics_obtained":["Sundial"],"max_hp_gain":0,"max_hp_loss":0,"event_name":"Scrap Ooze","floor":2,"gold_loss":0},{"damage_healed":0,"gold_gain":75,"player_choice":"Gather Gold","damage_taken":11,"max_hp_gain":0,"max_hp_loss":0,"event_name":"World of Goop","floor":3,"gold_loss":0},{"damage_healed":0,"gold_gain":175,"player_choice":"AGREE","damage_taken":0,"max_hp_gain":0,"max_hp_loss":0,"event_name":"Liars Game","floor":10,"gold_loss":0,"cards_obtained":["Doubt"]}],"is_beta":false,"boss_relics":[],"items_purged_floors":[],"is_endless":false,"potions_floor_spawned":[5,8,12],"killed_by":"Blue Slaver","ascension_level":0}