{"gold_per_floor":[112,128,140,140,152,152,180,195,276,289,322,336,364,377,377,474,474,490,505,522,541,561,586,603,636,717,733,733,733,746,780,780,881,881,893,904,914,929,929,961,961,990,1016,1016,50,50,77,96,96,96,96,96,6,34,34],"floor_reached":56,"playtime":5137,"items_purged":["Strike_B+1"],"score":1838,"play_id":"56199db6-072d-4e48-96aa-8b536b5edf75","local_time":"20190922160559","is_ascension_mode":true,"campfire_choices":[{"data":"Discovery","floor":6.0,"key":"SMITH"},{"data":"Buffer","floor":15.0,"key":"SMITH"},{"data":"Seek","floor":29.0,"key":"SMITH"},{"data":"Hello World","floor":32.0,"key":"SMITH"},{"data":"Fission","floor":41.0,"key":"SMITH"},{"floor":49.0,"key":"RECALL"},{"data":"Mayhem","floor":52.0,"key":"SMITH"}],"neow_cost":"PERCENT_DAMAGE","seed_source_timestamp":0,"circlet_count":0,"master_deck":["Strike_B+1","Strike_B+1","Strike_B+1","Defend_B+1","Defend_B+1","Defend_B+1","Defend_B+1","Zap+1","Dualcast","Discovery+1","Finesse","Chaos","FTL","Defragment","Chill","Sweeping Beam","Hello World","Cold Snap","Coolheaded+1","Lockon","Loop","Buffer+1","Seek+1","Self Repair+1","Electrodynamics","Doom and Gloom","Glacier","Core Surge","Beam Cell+1","Hello World+1","Undo","Hello World","Capacitor","Fission+1","Streamline+1","Stack+1","Turbo+1","Doom and Gloom+1","Storm+1","Consume+1","Injury","Mayhem+1","Panacea","FTL","Meteor Strike","Defragment","Double Energy","Madness","Madness","Loop+1","Redo+1","Storm+1","Skim"],"special_seed":0,"relics":["Cracked Core","Mummified Hand","Meat on the Bone","Mango","Art of War","Black Star","DataDisk","Pen Nib","Blood Vial","Bottled Flame","Kunai","Turnip","Darkstone Periapt","Cursed Key","Blue Candle","PreservedInsect","Bag of Preparation","Smiling Mask","War Paint","Medical Kit","Pocketwatch","Frozen Egg 2","Boot","Ice Cream"],"potions_floor_usage":[55],"damage_taken":[{"damage":4.0,"enemies":"2 Louse","floor":1.0,"turns":2.0},{"damage":1.0,"enemies":"Cultist","floor":2.0,"turns":3.0},{"damage":0.0,"enemies":"Jaw Worm","floor":3.0,"turns":4.0},{"damage":9.0,"enemies":"3 Louse","floor":5.0,"turns":4.0},{"damage":22.0,"enemies":"Lagavulin","floor":7.0,"turns":7.0},{"damage":0.0,"enemies":"2 Fungi Beasts","floor":8.0,"turns":3.0},{"damage":9.0,"enemies":"Exordium Wildlife","floor":10.0,"turns":5.0},{"damage":10.0,"enemies":"Gremlin Nob","floor":11.0,"turns":4.0},{"damage":10.0,"enemies":"3 Louse","floor":12.0,"turns":2.0},{"damage":2.0,"enemies":"Lagavulin","floor":13.0,"turns":6.0},{"damage":9.0,"enemies":"Looter","floor":14.0,"turns":2.0},{"damage":0.0,"enemies":"The Guardian","floor":16.0,"turns":11.0},{"damage":0.0,"enemies":"Chosen","floor":18.0,"turns":7.0},{"damage":10.0,"enemies":"Shell Parasite","floor":19.0,"turns":9.0},{"damage":26.0,"enemies":"Snake Plant","floor":20.0,"turns":4.0},{"damage":0.0,"enemies":"Snecko","floor":21.0,"turns":6.0},{"damage":16.0,"enemies":"Sentry and Sphere","floor":22.0,"turns":4.0},{"damage":46.0,"enemies":"Slavers","floor":23.0,"turns":6.0},{"damage":6.0,"enemies":"Centurion and Healer","floor":24.0,"turns":5.0},{"damage":23.0,"enemies":"Book of Stabbing","floor":25.0,"turns":5.0},{"damage":19.0,"enemies":"Snake Plant","floor":27.0,"turns":3.0},{"damage":0.0,"enemies":"Shelled Parasite and Fungi","floor":30.0,"turns":6.0},{"damage":9.0,"enemies":"Gremlin Leader","floor":31.0,"turns":7.0},{"damage":36.0,"enemies":"Automaton","floor":33.0,"turns":8.0},{"damage":6.0,"enemies":"3 Shapes","floor":35.0,"turns":6.0},{"damage":10.0,"enemies":"Orb Walker","floor":36.0,"turns":3.0},{"damage":13.0,"enemies":"Writhing Mass","floor":37.0,"turns":7.0},{"damage":9.0,"enemies":"Jaw Worm Horde","floor":38.0,"turns":2.0},{"damage":21.0,"enemies":"Nemesis","floor":40.0,"turns":7.0},{"damage":0.0,"enemies":"Reptomancer","floor":42.0,"turns":3.0},{"damage":1.0,"enemies":"Giant Head","floor":47.0,"turns":5.0},{"damage":18.0,"enemies":"Spire Growth","floor":48.0,"turns":3.0},{"damage":49.0,"enemies":"Time Eater","floor":50.0,"turns":9.0},{"damage":1.0,"enemies":"Shield and Spear","floor":54.0,"turns":3.0},{"damage":83,"enemies":"The Heart","floor":55,"turns":8}],"seed_played":"-1686309016075052474","potions_obtained":[{"floor":1.0,"key":"SteroidPotion"},{"floor":5.0,"key":"Weak Potion"},{"floor":11.0,"key":"Energy Potion"},{"floor":12.0,"key":"LiquidBronze"},{"floor":18.0,"key":"FairyPotion"},{"floor":19.0,"key":"AttackPotion"},{"floor":20.0,"key":"SkillPotion"},{"floor":24.0,"key":"LiquidBronze"},{"floor":27.0,"key":"Swift Potion"},{"floor":33.0,"key":"Explosive Potion"},{"floor":40.0,"key":"PowerPotion"},{"floor":48.0,"key":"GamblersBrew"}],"is_trial":false,"path_per_floor":["M","M","M","?","M","R","E","M","T","M","E","M","E","M","R","B",null,"M","M","M","M","M","E","M","E","T","M","?","R","M","E","R","B",null,"M","M","M","M","?","E","R","E","T","?","$","?","E","M","R","B",null,"R","$","E","B",null],"character_chosen":"DEFECT","items_purchased":["War Paint","Mayhem","Panacea","FTL","Meteor Strike","Defragment","Medical Kit","Double Energy","Storm+1"],"campfire_rested":0,"item_purchase_floors":[45,45,45,45,45,45,45,45,53],"current_hp_per_floor":[46,45,45,45,36,36,14,14,14,17,33,35,45,48,48,48,79,79,79,63,73,67,43,59,58,58,53,53,53,65,68,68,56,81,87,89,86,79,79,70,70,82,88,88,88,76,77,71,71,46,83,83,83,84,25],"gold":34,"neow_bonus":"RANDOM_COLORLESS_2","is_prod":false,"is_daily":false,"chose_seed":false,"campfire_upgraded":6,"win_rate":0,"timestamp":1569161159,"path_taken":["M","M","M","?","M","R","E","M","T","M","E","?","E","M","R","BOSS","M","M","M","M","M","E","M","E","T","M","?","R","M","E","R","BOSS","M","M","M","M","?","E","R","E","T","?","?","?","E","M","R","BOSS","R","$","E","BOSS"],"build_version":"2019-07-17","purchased_purges":1,"victory":true,"max_hp_per_floor":[75,75,75,75,75,75,75,75,75,75,89,89,89,89,89,89,89,89,89,89,89,89,89,89,89,89,89,89,89,89,89,89,89,89,89,89,89,89,89,89,89,89,95,95,95,95,95,95,95,95,95,95,95,95,95],"card_choices":[{"not_picked":["Cold Snap","Compile Driver"],"picked":"Chaos","floor":1.0},{"not_picked":["Ball Lightning","Turbo"],"picked":"FTL","floor":2.0},{"not_picked":["Barrage","Turbo"],"picked":"Defragment","floor":3.0},{"not_picked":["Rebound","Blizzard"],"picked":"Chill","floor":5.0},{"not_picked":["Beam Cell","Gash"],"picked":"Sweeping Beam","floor":7.0},{"not_picked":["Compile Driver","Conserve Battery"],"picked":"Hello World","floor":8.0},{"not_picked":["Biased Cognition","Rebound"],"picked":"Cold Snap","floor":10.0},{"not_picked":["Gash","Conserve Battery"],"picked":"Coolheaded","floor":11.0},{"not_picked":["Steam","Redo"],"picked":"Lockon","floor":12.0},{"not_picked":["Darkness","Static Discharge"],"picked":"Loop","floor":13.0},{"not_picked":["Cold Snap","Hologram"],"picked":"Buffer","floor":14.0},{"not_picked":["Multi-Cast","Fission"],"picked":"Seek","floor":16.0},{"not_picked":["Compile Driver+1","Steam+1"],"picked":"Self Repair+1","floor":18.0},{"not_picked":["Sweeping Beam","Streamline"],"picked":"Hologram","floor":19.0},{"not_picked":["Steam","Hologram"],"picked":"Electrodynamics","floor":20.0},{"not_picked":["Turbo","Leap"],"picked":"Doom and Gloom","floor":21.0},{"not_picked":["Sweeping Beam","Gash"],"picked":"Glacier","floor":22.0},{"not_picked":["Skim","Go for the Eyes+1"],"picked":"Core Surge","floor":23.0},{"not_picked":["Hologram","Redo"],"picked":"Beam Cell+1","floor":24.0},{"not_picked":["Barrage","Auto Shields"],"picked":"Hello World","floor":25.0},{"not_picked":["Redo+1","Doom and Gloom"],"picked":"Undo","floor":27.0},{"not_picked":["Redo","Sweeping Beam+1"],"picked":"Hello World","floor":30.0},{"not_picked":["Gash","Self Repair+1"],"picked":"Capacitor","floor":31.0},{"not_picked":["All For One","Rainbow"],"picked":"Fission","floor":33.0},{"not_picked":["Beam Cell+1","Sweeping Beam+1"],"picked":"Streamline+1","floor":35.0},{"not_picked":["Steam+1","Chaos"],"picked":"Stack+1","floor":36.0},{"not_picked":["Ball Lightning","Go for the Eyes+1"],"picked":"Turbo+1","floor":37.0},{"not_picked":["Lockon","Barrage+1"],"picked":"Doom and Gloom+1","floor":38.0},{"not_picked":["Melter+1","Go for the Eyes+1"],"picked":"Storm+1","floor":40.0},{"not_picked":["Darkness","Barrage"],"picked":"Consume+1","floor":42.0},{"not_picked":["Beam Cell+1","Gash"],"picked":"Loop+1","floor":47.0},{"not_picked":["Cold Snap+1","Steam Power"],"picked":"Redo+1","floor":48.0},{"not_picked":["Ball Lightning+1","Redo"],"picked":"Skim","floor":54.0}],"player_experience":299208,"relics_obtained":[{"floor":7.0,"key":"Mummified Hand"},{"floor":9.0,"key":"Meat on the Bone"},{"floor":11.0,"key":"Mango"},{"floor":13.0,"key":"Art of War"},{"floor":23.0,"key":"DataDisk"},{"floor":23.0,"key":"Pen Nib"},{"floor":25.0,"key":"Blood Vial"},{"floor":25.0,"key":"Bottled Flame"},{"floor":26.0,"key":"Kunai"},{"floor":31.0,"key":"Turnip"},{"floor":31.0,"key":"Darkstone Periapt"},{"floor":40.0,"key":"Blue Candle"},{"floor":40.0,"key":"PreservedInsect"},{"floor":42.0,"key":"Bag of Preparation"},{"floor":42.0,"key":"Smiling Mask"},{"floor":47.0,"key":"Pocketwatch"},{"floor":47.0,"key":"Frozen Egg 2"},{"floor":54.0,"key":"Boot"},{"floor":54.0,"key":"Ice Cream"}],"event_choices":[{"damage_healed":0.0,"max_hp_gain":0.0,"max_hp_loss":0.0,"gold_gain":0.0,"event_name":"The Woman in Blue","player_choice":"Bought 0 Potions","floor":4.0,"gold_loss":0.0,"damage_taken":0.0},{"damage_healed":0.0,"max_hp_gain":0.0,"max_hp_loss":0.0,"gold_gain":0.0,"event_name":"Back to Basics","player_choice":"Simplicity","floor":28.0,"gold_loss":0.0,"damage_taken":0.0,"cards_upgraded":["Strike_B","Strike_B","Strike_B","Strike_B","Defend_B","Defend_B","Defend_B","Defend_B"]},{"damage_healed":0.0,"max_hp_gain":0.0,"max_hp_loss":0.0,"gold_gain":0.0,"event_name":"Tomb of Lord Red Mask","player_choice":"Ignored","floor":39.0,"gold_loss":0.0,"damage_taken":0.0},{"cards_removed":["Hologram"],"damage_healed":0.0,"max_hp_gain":0.0,"max_hp_loss":0.0,"gold_gain":0.0,"event_name":"Falling","player_choice":"Removed Skill","floor":44.0,"gold_loss":0.0,"damage_taken":0.0},{"damage_healed":0.0,"max_hp_gain":0.0,"max_hp_loss":0.0,"gold_gain":0.0,"event_name":"Winding Halls","player_choice":"Embrace Madness","floor":46.0,"gold_loss":0.0,"damage_taken":12.0,"cards_obtained":["Madness","Madness"]}],"is_beta":false,"boss_relics":[{"not_picked":["Coffee Dripper","Calling Bell"],"picked":"Black Star"},{"not_picked":["Velvet Choker","FrozenCore"],"picked":"Cursed Key"}],"items_purged_floors":[53],"is_endless":false,"potions_floor_spawned":[1,5,11,12,16,18,19,20,24,27,33,35,40,48],"ascension_level":7}