{"gold_per_floor":[117,133,133,143,318,344,344,344],"floor_reached":8,"playtime":417,"items_purged":["Defend_R"],"score":59,"play_id":"8f062178-8987-4f51-932d-2d7a7d7ae3c1","local_time":"20190111150009","is_ascension_mode":true,"campfire_choices":[{"data":"Metallicize","floor":7.0,"key":"SMITH"}],"neow_cost":"","seed_source_timestamp":0,"circlet_count":0,"master_deck":["Strike_R","Strike_R","Strike_R","Strike_R","Strike_R","Defend_R","Defend_R","Defend_R","Bash","Iron Wave","strawberrySpire:Taunt","Metallicize","Headbutt","Exhume","Metallicize+1","Doubt"],"special_seed":0,"relics":["Burning Blood","infinitespire:WardingShard","Singing Bowl","Juzu Bracelet","Pen Nib","MealTicket","Tiny Chest","Pear","Shovel"],"potions_floor_usage":[8],"damage_taken":[{"damage":2.0,"enemies":"Jaw Worm","floor":1.0,"turns":4.0},{"damage":0.0,"enemies":"Cultist","floor":2.0,"turns":3.0},{"damage":10.0,"enemies":"2 Louse","floor":4.0,"turns":2.0},{"damage":40.0,"enemies":"strawberrySpire:EnergyPylons","floor":6.0,"turns":8.0},{"damage":26,"enemies":"Nightmare","floor":8,"turns":11}],"seed_played":"-4204362421307563384","potions_obtained":[{"floor":1.0,"key":"GamblersBrew"},{"floor":2.0,"key":"Ancient Potion"}],"is_trial":false,"path_per_floor":["M","M","?","M","?","E","R","NM"],"character_chosen":"IRONCLAD","items_purchased":["infinitespire:WardingShard","Singing Bowl","Juzu Bracelet","Pen Nib","Iron Wave","strawberrySpire:Taunt","MealTicket","Tiny Chest","Pear"],"campfire_rested":0,"item_purchase_floors":[0,0,0,0,0,0,0,0,0],"current_hp_per_floor":[46,52,52,48,48,16,16,0],"gold":344,"neow_bonus":"","is_prod":false,"is_daily":false,"chose_seed":false,"campfire_upgraded":1,"win_rate":0,"timestamp":1547208009,"path_taken":["M","M","?","M","?","E","R","E"],"build_version":"2019-01-10","purchased_purges":1,"victory":false,"max_hp_per_floor":[90,90,90,90,90,92,92,92],"card_choices":[{"not_picked":["Twin Strike","Pommel Strike"],"picked":"Metallicize","floor":1.0},{"not_picked":["strawberrySpire:Incursion","Flex"],"picked":"Headbutt","floor":2.0},{"not_picked":["Infernal Blade","Cleave"],"picked":"Metallicize","floor":4.0},{"not_picked":["Sever Soul","Clash","Fire Breathing"],"picked":"Singing Bowl","floor":6.0}],"player_experience":1061829,"relics_obtained":[{"floor":6.0,"key":"Shovel"}],"event_choices":[{"damage_healed":0.0,"max_hp_gain":0.0,"max_hp_loss":0.0,"gold_gain":0.0,"event_name":"Match and Keep!","player_choice":"1 cards matched","floor":3.0,"gold_loss":0.0,"damage_taken":0.0,"cards_obtained":["Exhume"]},{"damage_healed":0.0,"max_hp_gain":0.0,"max_hp_loss":0.0,"gold_gain":175.0,"event_name":"Liars Game","player_choice":"AGREE","floor":5.0,"gold_loss":0.0,"damage_taken":0.0,"cards_obtained":["Doubt"]}],"is_beta":true,"boss_relics":[],"items_purged_floors":[0],"is_endless":false,"potions_floor_spawned":[1,2],"killed_by":"Nightmare","ascension_level":1}