{"gold_per_floor":[16,16,29,104,122,154,169,169,192,192,212,212,229,229,229,333,333,349,360,360,360,377,377,11,29,29,49,49,64,64,89,89,189,189,199,219,79,79,91,91,124,142,142,142,196,17,17,30,30,30],"floor_reached":50,"playtime":1633,"items_purged":["Decay"],"score":619,"play_id":"ddb8a8ed-b0a4-46d2-8a53-bd9e4c28d93d","local_time":"20180828172040","is_ascension_mode":false,"campfire_choices":[{"data":"1","floor":8,"key":"LIFT"},{"data":"2","floor":10,"key":"LIFT"},{"data":"3","floor":12,"key":"LIFT"},{"data":"Armaments","floor":15,"key":"SMITH"},{"data":"Limit Break","floor":23,"key":"SMITH"},{"data":"Corruption","floor":28,"key":"SMITH"},{"data":"Inflame","floor":30,"key":"SMITH"},{"data":"Iron Wave","floor":32,"key":"SMITH"},{"data":"Enlightenment","floor":40,"key":"SMITH"},{"data":"Bloodletting","floor":44,"key":"SMITH"},{"data":"Flash of Steel","floor":49,"key":"SMITH"}],"neow_cost":"NO_GOLD","seed_source_timestamp":510776921643550,"circlet_count":0,"master_deck":["Strike_R+1","Strike_R+1","Strike_R","Strike_R","Strike_R","Defend_R","Defend_R","Defend_R","Defend_R","Bash","Cleave","Armaments+1","Corruption+1","Uppercut","Pommel Strike","Inflame+1","Iron Wave+1","Limit Break+1","Twin Strike+1","Ghostly Armor","Ghostly","Ghostly","Ghostly","Ghostly","Ghostly","Hemokinesis","Limit Break+1","Bloodletting+1","True Grit+1","Headbutt","Intimidate","Shrug It Off","Immolate","Sentinel+1","Enlightenment+1","Blind","Flash of Steel+1","Thunderclap+1","Infernal Blade+1","Heavy Blade+1","Clothesline","Feel No Pain","Sword Boomerang+1"],"relics":["Burning Blood","Girya","Ancient Tea Set","Bronze Scales","Mark of Pain","DollysMirror","Shuriken","Happy Flower","Coffee Dripper","Champion Belt","StoneCalendar","Blue Candle","Gambling Chip","Bag of Preparation"],"potions_floor_usage":[6,19,27,31,33,41,50,50,50],"damage_taken":[{"damage":0,"enemies":"2 Louse","floor":1,"turns":3},{"damage":5,"enemies":"Small Slimes","floor":3,"turns":3},{"damage":0,"enemies":"Cultist","floor":5,"turns":4},{"damage":21,"enemies":"3 Sentries","floor":6,"turns":8},{"damage":9,"enemies":"2 Fungi Beasts","floor":7,"turns":3},{"damage":0,"enemies":"Red Slaver","floor":11,"turns":2},{"damage":0,"enemies":"Lots of Slimes","floor":13,"turns":1},{"damage":25,"enemies":"The Guardian","floor":16,"turns":7},{"damage":0,"enemies":"Chosen","floor":18,"turns":4},{"damage":0,"enemies":"2 Thieves","floor":19,"turns":2},{"damage":2,"enemies":"Centurion and Healer","floor":22,"turns":5},{"damage":2,"enemies":"Snecko","floor":25,"turns":3},{"damage":8,"enemies":"Shelled Parasite and Fungi","floor":27,"turns":4},{"damage":6,"enemies":"Snake Plant","floor":29,"turns":5},{"damage":1,"enemies":"Slavers","floor":31,"turns":4},{"damage":1,"enemies":"Automaton","floor":33,"turns":7},{"damage":2,"enemies":"3 Darklings","floor":35,"turns":6},{"damage":3,"enemies":"Flame Bruiser 1 Orb","floor":36,"turns":2},{"damage":14,"enemies":"3 Darklings","floor":39,"turns":3},{"damage":6,"enemies":"Nemesis","floor":41,"turns":7},{"damage":1,"enemies":"Spire Growth","floor":42,"turns":4},{"damage":5,"enemies":"Mysterious Sphere","floor":45,"turns":3},{"damage":3,"enemies":"4 Shapes","floor":48,"turns":2},{"damage":33,"enemies":"Time Eater","floor":50,"turns":5}],"seed_played":"766351592584313544","potions_obtained":[{"floor":5,"key":"Fire Potion"},{"floor":6,"key":"SneckoOil"},{"floor":7,"key":"Fire Potion"},{"floor":25,"key":"Poison Potion"},{"floor":27,"key":"Strength Potion"},{"floor":29,"key":"EssenceOfSteel"},{"floor":33,"key":"Block Potion"},{"floor":35,"key":"Strength Potion"},{"floor":41,"key":"SteroidPotion"},{"floor":45,"key":"AttackPotion"},{"floor":47,"key":"Ancient Potion"}],"is_trial":false,"path_per_floor":["M","?","M","?","M","E","M","R","T","R","M","R","M","?","R","B",null,"M","M","?","?","M","R","$","M","T","M","R","M","R","E","R","B",null,"M","M","?","?","M","R","E","M","T","R","?","$","?","M","R"],"character_chosen":"IRONCLAD","items_purchased":["DollysMirror","Bloodletting","Bag of Preparation","Feel No Pain"],"campfire_rested":0,"item_purchase_floors":[24,24,46,46],"current_hp_per_floor":[80,64,65,54,60,45,42,42,42,42,48,48,54,59,59,40,85,85,85,42,42,42,42,42,42,42,40,40,40,40,42,42,42,42,42,42,42,32,24,24,24,29,29,29,30,30,30,33,33,0],"gold":30,"neow_bonus":"ONE_RARE_RELIC","is_prod":false,"is_daily":false,"chose_seed":false,"campfire_upgraded":8,"win_rate":0,"timestamp":1535466040,"path_taken":["M","?","?","?","M","E","M","R","T","R","M","R","?","?","R","BOSS","M","?","?","?","M","R","$","M","T","?","R","M","R","E","R","BOSS","M","M","?","?","M","R","E","M","T","R","?","$","?","M","R","BOSS"],"build_version":"2018-08-27","purchased_purges":1,"victory":false,"max_hp_per_floor":[80,80,80,80,80,80,80,80,80,80,80,80,80,85,85,85,85,85,85,42,42,42,42,42,42,42,42,42,42,42,42,42,42,42,42,42,42,42,42,42,42,42,42,42,42,42,42,42,42,42],"card_choices":[{"not_picked":["Pommel Strike","Flex"],"picked":"Cleave","floor":1},{"not_picked":["Second Wind","Sword Boomerang"],"picked":"Armaments","floor":3},{"not_picked":["Sword Boomerang","Searing Blow"],"picked":"Corruption","floor":5},{"not_picked":["Corruption","Havoc"],"picked":"Uppercut","floor":6},{"not_picked":["Combust","Perfected Strike"],"picked":"Pommel Strike","floor":7},{"not_picked":["Entrench","Infernal Blade"],"picked":"Inflame","floor":11},{"not_picked":["True Grit","Infernal Blade"],"picked":"Iron Wave","floor":13},{"not_picked":["Barricade","Bludgeon"],"picked":"Limit Break","floor":16},{"not_picked":["Infernal Blade","Burning Pact+1"],"picked":"Twin Strike+1","floor":18},{"not_picked":["Twin Strike","Thunderclap+1"],"picked":"Ghostly Armor","floor":19},{"not_picked":["Heavy Blade","Cleave"],"picked":"Hemokinesis","floor":22},{"not_picked":["Warcry+1","Dropkick"],"picked":"True Grit+1","floor":25},{"not_picked":["Disarm","Flex"],"picked":"Headbutt","floor":27},{"not_picked":["Pommel Strike","Flex"],"picked":"Intimidate","floor":29},{"not_picked":["Rupture","Intimidate"],"picked":"Shrug It Off","floor":31},{"not_picked":["Fiend Fire","Feed"],"picked":"Immolate","floor":33},{"not_picked":["Blood for Blood","Thunderclap+1"],"picked":"Sentinel+1","floor":35},{"not_picked":["Anger+1","Searing Blow+1","Corruption+1"],"picked":"SKIP","floor":36},{"not_picked":["Finesse","Mind Blast"],"picked":"Enlightenment","floor":38},{"not_picked":["PanicButton","Purity"],"picked":"Blind","floor":38},{"not_picked":["Enlightenment","Forethought"],"picked":"Flash of Steel","floor":38},{"not_picked":["Pommel Strike","Second Wind+1"],"picked":"Thunderclap+1","floor":39},{"not_picked":["Hemokinesis+1","Warcry"],"picked":"Infernal Blade+1","floor":41},{"not_picked":["Evolve","Inflame"],"picked":"Heavy Blade+1","floor":42},{"not_picked":["Wild Strike","Twin Strike+1"],"picked":"Clothesline","floor":45},{"not_picked":["Flex","Reckless Charge"],"picked":"Sword Boomerang+1","floor":48}],"player_experience":664207,"relics_obtained":[{"floor":6,"key":"Ancient Tea Set"},{"floor":9,"key":"Bronze Scales"},{"floor":26,"key":"Shuriken"},{"floor":31,"key":"Happy Flower"},{"floor":41,"key":"StoneCalendar"},{"floor":43,"key":"Blue Candle"},{"floor":45,"key":"Gambling Chip"}],"event_choices":[{"event_name":"Shining Light","player_choice":"Entered Light","floor":2,"damage_taken":0},{"event_name":"World of Goop","player_choice":"Gather Gold","floor":4,"damage_taken":0},{"event_name":"Big Fish","player_choice":"Donut","floor":14,"damage_taken":0},{"event_name":"Ghosts","player_choice":"Became a Ghost","floor":20,"damage_taken":0},{"event_name":"Wheel of Change","player_choice":"Curse","floor":21,"damage_taken":0},{"event_name":"WeMeetAgain","player_choice":"Gold","floor":37,"damage_taken":0},{"event_name":"SensoryStone","player_choice":"Memory 3","floor":38,"damage_taken":0},{"event_name":"Mysterious Sphere","player_choice":"Fight","floor":45,"damage_taken":0},{"event_name":"The Lab","player_choice":"Got Potions","floor":47,"damage_taken":0}],"is_beta":true,"boss_relics":[{"not_picked":["Orrery","Black Star"],"picked":"Mark of Pain"},{"not_picked":["Black Blood","Snecko Eye"],"picked":"Coffee Dripper"}],"items_purged_floors":[24],"is_endless":false,"potions_floor_spawned":[5,6,7,25,27,29,33,35,39,41,45],"killed_by":"Time Eater","ascension_level":0}