{"gold_per_floor":[212,212,212,232,0,33,45,45,122,197,224,234,244,258,258,357,357,357,357,357,29,29,29,29,29,29,29,29,29,29,29,29,29,29,29,29,29,29,29,29,29,29,29,29,29,29,29,29,29,29],"floor_reached":51,"playtime":3364,"items_purged":["Strike_B"],"score":747,"play_id":"551f3590-522c-4801-80de-4257d7c5aae8","local_time":"20180812002842","is_ascension_mode":false,"campfire_choices":[{"data":"Dualcast","floor":8,"key":"SMITH"},{"floor":15,"key":"REST"},{"data":"White Noise","floor":23,"key":"SMITH"},{"data":"Redo","floor":25,"key":"SMITH"},{"floor":32,"key":"REST"},{"data":"Defragment","floor":40,"key":"SMITH"},{"floor":42,"key":"REST"},{"floor":46,"key":"REST"},{"data":"Creative AI","floor":49,"key":"SMITH"}],"neow_cost":"NONE","seed_source_timestamp":0,"circlet_count":0,"master_deck":["Strike_B","Strike_B","Strike_B","Defend_B","Defend_B","Zap+1","Dualcast+1","Go for the Eyes","Ball Lightning","Glacier","Ball Lightning","Redo+1","Go for the Eyes","Gash","Streamline","Barrage","Rebound","Creative AI+1","Self Repair","Defragment+1","Finesse","Chill","White Noise+1","Melter+1","Hologram","Sunder","White Noise+1","Reboot","Conserve Battery+1","Stack+1","Turbo+1","Steam+1","Undo","Steam Power+1","Reprogram"],"special_seed":0,"relics":["Cracked Core","Bronze Scales","Matryoshka","Odd Mushroom","Ectoplasm","Orichalcum","Mercury Hourglass","Ancient Tea Set","Regal Pillow","Lantern","Bottled Tornado","Nuclear Battery","Sundial","Mummified Hand","Letter Opener","Strawberry"],"potions_floor_usage":[16,16,27,33,33,37,37,50,50,50],"damage_taken":[{"damage":5.0,"enemies":"2 Louse","floor":1.0,"turns":2.0},{"damage":1.0,"enemies":"Cultist","floor":4.0,"turns":3.0},{"damage":24,"enemies":"Gremlin Nob","floor":6,"turns":4},{"damage":0,"enemies":"Small Slimes","floor":7,"turns":2},{"damage":6,"floor":11,"turns":4},{"damage":8,"enemies":"Exordium Wildlife","floor":12,"turns":2},{"damage":0,"enemies":"Looter","floor":13,"turns":2},{"damage":9,"enemies":"Blue Slaver","floor":14,"turns":3},{"damage":0,"enemies":"Slime Boss","floor":16,"turns":6},{"damage":11,"enemies":"Spheric Guardian","floor":18,"turns":4},{"damage":9,"enemies":"3 Byrds","floor":19,"turns":2},{"damage":11,"enemies":"Sentry and Sphere","floor":22,"turns":4},{"damage":12,"enemies":"Snake Plant","floor":24,"turns":3},{"damage":19,"enemies":"Slavers","floor":27,"turns":8},{"damage":6,"enemies":"3 Cultists","floor":28,"turns":4},{"damage":30,"enemies":"Collector","floor":33,"turns":6},{"damage":26,"enemies":"3 Darklings","floor":35,"turns":4},{"damage":15,"floor":37,"turns":5},{"damage":4,"enemies":"Orb Walker","floor":39,"turns":3},{"damage":22,"enemies":"3 Darklings","floor":41,"turns":5},{"damage":37,"enemies":"Spire Growth","floor":44,"turns":5},{"damage":36,"enemies":"Giant Head","floor":45,"turns":8},{"damage":0,"enemies":"Snecko and Mystics","floor":48,"turns":8},{"damage":62,"enemies":"Time Eater","floor":50,"turns":12}],"seed_played":"3230609627018136300","potions_obtained":[{"floor":4.0,"key":"Strength Potion"},{"floor":6,"key":"SteroidPotion"},{"floor":14,"key":"PowerPotion"},{"floor":16,"key":"Strength Potion"},{"floor":19,"key":"Swift Potion"},{"floor":28,"key":"SpeedPotion"},{"floor":33,"key":"PowerPotion"},{"floor":35,"key":"LiquidBronze"},{"floor":39,"key":"Ancient Potion"},{"floor":41,"key":"Dexterity Potion"}],"is_trial":false,"path_per_floor":["M","?","?","M","$","E","M","R","T","?","?","M","M","M","R","B",null,"M","M","T","$","M","R","M","R","T","E","M","?","$","?","R","B",null,"M","?","?","T","M","R","M","R","T","M","E","R","?","M","R","B"],"character_chosen":"DEFECT","items_purchased":["Glacier","Ball Lightning","Redo","Ancient Tea Set","Finesse","Chill"],"campfire_rested":4,"item_purchase_floors":[5,5,5,21,21,21],"current_hp_per_floor":[70,70,70,69,69,45,45,45,45,34,28,20,20,11,33,33,75,64,62,62,62,51,51,46,46,46,34,35,21,21,21,60,37,80,61,61,53,53,49,49,34,73,73,43,21,62,62,69,69,14],"gold":29,"neow_bonus":"HUNDRED_GOLD","is_prod":false,"is_daily":false,"chose_seed":false,"campfire_upgraded":5,"win_rate":0,"timestamp":1534022922,"path_taken":["M","?","?","M","$","E","M","R","T","?","?","M","M","M","R","BOSS","M","M","?","$","?","R","M","R","T","E","M","?","?","?","R","BOSS","M","?","?","?","?","R","M","R","T","M","E","R","?","M","R","BOSS"],"build_version":"2018-08-08","purchased_purges":1,"victory":true,"max_hp_per_floor":[75,75,75,75,75,75,75,75,75,75,75,75,75,75,75,75,75,75,75,75,75,75,75,75,75,75,75,75,80,80,80,80,80,80,80,80,80,80,80,80,80,80,80,80,87,87,87,87,87,87],"card_choices":[{"not_picked":["Reprogram","Stack"],"picked":"Go for the Eyes","floor":1.0},{"not_picked":["Static Discharge","Beam Cell"],"picked":"Ball Lightning","floor":4.0},{"not_picked":["Biased Cognition","Redo"],"picked":"Go for the Eyes","floor":6},{"not_picked":["Leap","Capacitor"],"picked":"Gash","floor":7},{"not_picked":["BootSequence","Leap"],"picked":"Streamline","floor":11},{"not_picked":["Fusion","Coolheaded"],"picked":"Barrage","floor":12},{"not_picked":["Hologram","Chill"],"picked":"Rebound","floor":13},{"not_picked":["Rip and Tear","Barrage"],"picked":"Creative AI","floor":14},{"not_picked":["Meteor Strike","Multi-Cast"],"picked":"Creative AI","floor":16},{"not_picked":["Consume","Scrape"],"picked":"Self Repair","floor":18},{"not_picked":["Ball Lightning","BootSequence"],"picked":"Defragment","floor":19},{"not_picked":["Static Discharge","Ball Lightning"],"picked":"White Noise","floor":22},{"not_picked":["Steam Power","Compile Driver+1"],"picked":"Melter+1","floor":24},{"not_picked":["Redo+1","Genetic Algorithm+1"],"picked":"Hologram","floor":27},{"not_picked":["Cold Snap","Rip and Tear+1"],"picked":"Sunder","floor":28},{"not_picked":["Rainbow","Biased Cognition"],"picked":"Reboot","floor":33},{"not_picked":["Rebound","Ball Lightning+1"],"picked":"Conserve Battery+1","floor":35},{"not_picked":["Compile Driver+1","Heatsinks+1"],"picked":"Stack+1","floor":37},{"not_picked":["Sunder","Conserve Battery+1"],"picked":"Turbo+1","floor":39},{"not_picked":["Hologram+1","Cold Snap"],"picked":"Steam+1","floor":41},{"not_picked":["Recycle","Hello World"],"picked":"Undo","floor":44},{"not_picked":["Gash","Heatsinks"],"picked":"Steam Power+1","floor":45},{"not_picked":["Heatsinks+1","Hello World"],"picked":"Reprogram","floor":48}],"player_experience":617830,"relics_obtained":[{"floor":6,"key":"Bronze Scales"},{"floor":9,"key":"Matryoshka"},{"floor":11,"key":"Odd Mushroom"},{"floor":20,"key":"Orichalcum"},{"floor":20,"key":"Mercury Hourglass"},{"floor":26,"key":"Regal Pillow"},{"floor":26,"key":"Lantern"},{"floor":27,"key":"Bottled Tornado"},{"floor":37,"key":"Sundial"},{"floor":38,"key":"Mummified Hand"},{"floor":43,"key":"Letter Opener"},{"floor":45,"key":"Strawberry"}],"event_choices":[{"event_name":"Purifier","player_choice":"One Purge","floor":2.0,"damage_taken":0.0},{"event_name":"Living Wall","player_choice":"Grow","floor":3.0,"damage_taken":0.0},{"event_name":"World of Goop","player_choice":"Gather Gold","floor":10,"damage_taken":0},{"event_name":"Mushrooms","player_choice":"Fought Mushrooms","floor":11,"damage_taken":0},{"event_name":"Forgotten Altar","player_choice":"Shed Blood","floor":29,"damage_taken":0},{"event_name":"Duplicator","player_choice":"One dupe","floor":31,"damage_taken":0},{"event_name":"Falling","player_choice":"Removed Power","floor":36,"damage_taken":0},{"event_name":"MindBloom","player_choice":"Fight","floor":37,"damage_taken":0},{"event_name":"Purifier","player_choice":"One Purge","floor":47,"damage_taken":0}],"is_beta":true,"boss_relics":[{"not_picked":["Astrolabe","Calling Bell"],"picked":"Ectoplasm"},{"not_picked":["Orrery","Empty Cage"],"picked":"Nuclear Battery"}],"items_purged_floors":[5],"is_endless":false,"potions_floor_spawned":[4,6,14,16,19,28,33,35,39,41],"ascension_level":0}