{"gold_per_floor":[115,115,126,126,126,126,155,155,179,192,192,223,223,17,17,114,114,127,127,144,158,15,47,65,165,214,214],"floor_reached":27,"playtime":1775,"items_purged":["Strike_B"],"score":356,"play_id":"a5f04091-a3f0-45b1-aa8d-da4789944844","local_time":"20190129053705","is_ascension_mode":true,"campfire_choices":[{"floor":6,"key":"REST"},{"floor":11,"key":"REST"},{"data":"strawberrySpire:AngeryBot","floor":13,"key":"SMITH"},{"data":"Self Repair","floor":15,"key":"SMITH"}],"neow_cost":"","seed_source_timestamp":0,"circlet_count":0,"master_deck":["Strike_B","Strike_B+1","Strike_B+1","Defend_B","Defend_B","Defend_B","Defend_B","Zap","Dualcast","Madness+1","Self Repair+1","strawberrySpire:Adapter+1","strawberrySpire:Disreguard+1","Redo+1","strawberrySpire:AngeryBot+1","Rebound","Beam Cell","Cold Snap","Core Surge","Glacier+1","All For One","Go for the Eyes","strawberrySpire:BreederCore+1","Gash","Blind+1","Conserve Battery+1"],"special_seed":0,"relics":["Cracked Core","Pen Nib","Singing Bowl","Strange Spoon","Runic Capacitor","Toxic Egg 2","Art of War","Blood Vial","Vajra","Question Card","Regal Pillow","Omamori","OrangePellets","Inserter","Pantograph","PreservedInsect"],"potions_floor_usage":[16,16,21],"damage_taken":[{"damage":6,"enemies":"Small Slimes","floor":1,"turns":3},{"damage":1,"enemies":"2 Louse","floor":3,"turns":3},{"damage":20,"enemies":"Lagavulin","floor":7,"turns":7},{"damage":0,"enemies":"Cultist","floor":10,"turns":1},{"damage":12,"enemies":"3 Sentries","floor":12,"turns":7},{"damage":22,"enemies":"Hexaghost","floor":16,"turns":7},{"damage":5,"enemies":"Shell Parasite","floor":18,"turns":4},{"damage":13,"enemies":"theJungle:Flameango_and_Byrd","floor":20,"turns":5},{"damage":19,"enemies":"theJungle:2_Flameangoes","floor":21,"turns":7},{"damage":16,"enemies":"theJungle:MamaSnecko","floor":23,"turns":5},{"damage":21,"enemies":"theJungle:2_Snecko_Cultists","floor":24,"turns":4},{"damage":44,"enemies":"theJungle:2_Phrogs","floor":27,"turns":2}],"seed_played":"6427587087184119316","potions_obtained":[{"floor":1,"key":"FocusPotion"},{"floor":10,"key":"AttackPotion"},{"floor":12,"key":"Explosive Potion"},{"floor":19,"key":"Ancient Potion"},{"floor":19,"key":"SteroidPotion"},{"floor":19,"key":"Energy Potion"},{"floor":21,"key":"Dexterity Potion"}],"is_trial":false,"path_per_floor":["M","?","M","?","?","R","E","T","T","M","R","E","R","$","R","B",null,"M","?","M","M","$","E","M","?","T","E"],"character_chosen":"DEFECT","items_purchased":["Pen Nib","Singing Bowl","Strange Spoon","Runic Capacitor","Toxic Egg 2","Art of War","Madness+1","Self Repair","strawberrySpire:Adapter+1","strawberrySpire:Disreguard+1","Blood Vial","Redo+1","strawberrySpire:AngeryBot","OrangePellets","Gash","Blind+1"],"campfire_rested":2,"item_purchase_floors":[0,0,0,0,0,0,0,0,0,0,0,0,0,14,22,22],"current_hp_per_floor":[31,16,17,17,5,27,16,16,16,18,55,52,52,52,52,42,75,75,75,74,57,57,53,46,41,41,0],"gold":214,"neow_bonus":"","is_prod":false,"is_daily":false,"chose_seed":false,"campfire_upgraded":2,"win_rate":0,"timestamp":1548729425,"path_taken":["M","?","M","?","?","R","E","?","T","M","R","E","R","$","R","BOSS","M","?","M","M","?","E","M","?","T","E"],"build_version":"2019-01-23","purchased_purges":1,"victory":false,"max_hp_per_floor":[75,75,75,75,75,75,75,75,75,75,75,75,75,75,75,75,75,75,75,77,77,77,77,79,79,79,79],"card_choices":[{"not_picked":["Stack+1","Darkness+1"],"picked":"Rebound","floor":1},{"not_picked":["Gash","strawberrySpire:THEL"],"picked":"Beam Cell","floor":3},{"not_picked":["Go for the Eyes","Darkness+1"],"picked":"Cold Snap","floor":7},{"not_picked":["Reinforced Body+1","Go for the Eyes","Sweeping Beam"],"picked":"Core Surge","floor":10},{"not_picked":["strawberrySpire:Adapter+1","Beam Cell","Lockon"],"picked":"Glacier+1","floor":12},{"not_picked":["Rainbow+1","Reboot+1","Amplify+1"],"picked":"All For One","floor":16},{"not_picked":["strawberrySpire:Disconnect","strawberrySpire:THEL+1","Lockon"],"picked":"Go for the Eyes","floor":18},{"not_picked":["Rip and Tear","Hello World","strawberrySpire:Disconnect+1","Rebound"],"picked":"Singing Bowl","floor":20},{"not_picked":["Lockon","Compile Driver","Redo+1"],"picked":"strawberrySpire:BreederCore+1","floor":21},{"not_picked":["Ball Lightning+1","strawberrySpire:BiBeamBolt+1","Steam Power+1"],"picked":"Conserve Battery+1","floor":23},{"not_picked":["Gash","Go for the Eyes","Coolheaded+1","strawberrySpire:THEL"],"picked":"Singing Bowl","floor":24}],"player_experience":1110708,"relics_obtained":[{"floor":7,"key":"Vajra"},{"floor":8,"key":"Question Card"},{"floor":9,"key":"Regal Pillow"},{"floor":12,"key":"Omamori"},{"floor":23,"key":"Pantograph"},{"floor":26,"key":"PreservedInsect"}],"event_choices":[{"damage_healed":0,"gold_gain":0,"player_choice":"Entered Light","damage_taken":15,"max_hp_gain":0,"max_hp_loss":0,"event_name":"Shining Light","floor":2,"gold_loss":0,"cards_upgraded":["Strike_B","Strike_B"]},{"damage_healed":0,"gold_gain":0,"player_choice":"Ignored","damage_taken":0,"max_hp_gain":0,"max_hp_loss":0,"event_name":"Liars Game","floor":4,"gold_loss":0},{"damage_healed":0,"gold_gain":0,"player_choice":"Fled","damage_taken":12,"max_hp_gain":0,"max_hp_loss":0,"event_name":"Scrap Ooze","floor":5,"gold_loss":0},{"damage_healed":0,"gold_gain":0,"player_choice":"Got Potions","damage_taken":0,"max_hp_gain":0,"max_hp_loss":0,"event_name":"Lab","floor":19,"gold_loss":0}],"is_beta":true,"boss_relics":[{"not_picked":["Lizard Tail","White Beast Statue"],"picked":"Inserter"}],"items_purged_floors":[0],"is_endless":false,"potions_floor_spawned":[1,10,12,21],"killed_by":"theJungle:2_Phrogs","ascension_level":1}