{"gold_per_floor":[109,122,138,154,173,173,207,207,231,246,246,246,261,261],"floor_reached":14,"playtime":392,"items_purged":[],"score":99,"play_id":"c8b1925e-ce11-4959-aa92-27b13dbea5ac","local_time":"20190128105335","is_ascension_mode":true,"campfire_choices":[{"data":"Cloak And Dagger","floor":6,"key":"SMITH"},{"data":"Dodge and Roll","floor":8,"key":"SMITH"},{"data":"strawberrySpire:Grapple","floor":11,"key":"SMITH"}],"neow_cost":"PERCENT_DAMAGE","seed_source_timestamp":52998233171004,"circlet_count":0,"master_deck":["Defend_G","Defend_G","Defend_G","Defend_G","Defend_G","Strike_G","Strike_G","Strike_G","Strike_G","Strike_G","Survivor","Neutralize","Riddle With Holes","Dagger Spray","Dodge and Roll+1","Flying Knee","Cloak And Dagger+1","Infinite Blades","strawberrySpire:Grapple+1","Bouncing Flask"],"relics":["Ring of the Snake","Ice Cream","Boot","Anchor"],"potions_floor_usage":[7],"damage_taken":[{"damage":2,"enemies":"Small Slimes","floor":1,"turns":3},{"damage":0,"enemies":"Cultist","floor":2,"turns":4},{"damage":0,"enemies":"2 Louse","floor":3,"turns":2},{"damage":4,"enemies":"Looter","floor":4,"turns":4},{"damage":5,"enemies":"Red Slaver","floor":5,"turns":4},{"damage":14,"enemies":"Gremlin Nob","floor":7,"turns":3},{"damage":0,"enemies":"Large Slime","floor":10,"turns":4},{"damage":2,"enemies":"Exordium Thugs","floor":13,"turns":3},{"damage":23,"enemies":"strawberrySpire:EnergyPylons","floor":14,"turns":4}],"seed_played":"-6846747438849012310","potions_obtained":[{"floor":1,"key":"FearPotion"},{"floor":2,"key":"SteroidPotion"},{"floor":7,"key":"PowerPotion"},{"floor":13,"key":"GhostInAJar"}],"is_trial":false,"path_per_floor":["M","M","M","M","M","R","E","R","T","M","R","?","M","E"],"character_chosen":"THE_SILENT","items_purchased":[],"campfire_rested":0,"item_purchase_floors":[],"current_hp_per_floor":[47,47,47,43,38,38,24,24,24,24,24,24,22,0],"gold":261,"neow_bonus":"ONE_RARE_RELIC","is_prod":false,"is_daily":false,"chose_seed":false,"campfire_upgraded":3,"win_rate":0,"timestamp":1548662015,"path_taken":["M","M","M","M","M","R","E","R","T","M","R","?","M","E"],"build_version":"2019-01-23","purchased_purges":0,"victory":false,"max_hp_per_floor":[70,70,70,70,70,70,70,70,70,70,70,70,70,70],"card_choices":[{"not_picked":["Masterful Stab","Deadly Poison"],"picked":"Riddle With Holes","floor":1},{"not_picked":["strawberrySpire:Pant","strawberrySpire:SpinKick"],"picked":"Dagger Spray","floor":2},{"not_picked":["Riddle With Holes","strawberrySpire:SpinKick"],"picked":"Dodge and Roll","floor":3},{"not_picked":["Outmaneuver","Skewer"],"picked":"Flying Knee","floor":4},{"not_picked":["Slice","Backflip"],"picked":"Cloak And Dagger","floor":5},{"not_picked":["strawberrySpire:Rummage","Dagger Spray"],"picked":"Infinite Blades","floor":7},{"not_picked":["Quick Slash","Dodge and Roll"],"picked":"strawberrySpire:Grapple","floor":10},{"not_picked":["Slice","Skewer"],"picked":"Bouncing Flask","floor":13}],"player_experience":1106792,"relics_obtained":[{"floor":7,"key":"Boot"},{"floor":9,"key":"Anchor"}],"event_choices":[{"damage_healed":0,"gold_gain":0,"player_choice":"Ignored","damage_taken":0,"max_hp_gain":0,"max_hp_loss":0,"event_name":"NoteForYourself","floor":12,"gold_loss":0}],"is_beta":true,"boss_relics":[],"items_purged_floors":[],"is_endless":false,"potions_floor_spawned":[1,2,7,13],"killed_by":"strawberrySpire:EnergyPylons","ascension_level":1}