{"gold_per_floor":[118,118,118,118,37,71,246,196,196,209,86,125,25,48,48,48],"floor_reached":16,"playtime":333,"items_purged":["Defend_R","Strike_R"],"score":106,"play_id":"41cca858-a220-4315-94ab-1419ee91d595","local_time":"20190826234020","is_ascension_mode":false,"campfire_choices":[{"floor":15,"key":"REST"}],"neow_cost":"TEN_PERCENT_HP_LOSS","seed_source_timestamp":2649912764567,"circlet_count":0,"master_deck":["Strike_R+1","Strike_R","Defend_R","Defend_R","Bash","Headbutt+1","Inflame","Flex","Pummel"],"relics":["Burning Blood","Golden Idol","Bag of Preparation","Boot","Question Card"],"potions_floor_usage":[12],"damage_taken":[{"damage":5,"enemies":"Small Slimes","floor":1,"turns":3},{"damage":27,"enemies":"Gremlin Nob","floor":6,"turns":4},{"damage":0,"enemies":"2 Louse","floor":10,"turns":2},{"damage":30,"enemies":"3 Sentries","floor":12,"turns":9},{"damage":11,"enemies":"Jaw Worm","floor":14,"turns":2},{"damage":29,"enemies":"The Guardian","floor":16,"turns":5}],"seed_played":"6814721616708730170","potions_obtained":[{"floor":6,"key":"Block Potion"}],"is_trial":false,"path_per_floor":["M","?","?","?","$","E","?","?","T","M","$","E","$","M","R","B"],"character_chosen":"IRONCLAD","items_purchased":["Inflame","Flex"],"campfire_rested":1,"item_purchase_floors":[5,11],"current_hp_per_floor":[72,58,58,51,51,30,30,30,30,36,36,12,12,7,27,0],"gold":48,"neow_bonus":"REMOVE_TWO","is_prod":false,"is_daily":false,"chose_seed":false,"campfire_upgraded":0,"win_rate":0,"timestamp":1566884420,"path_taken":["M","?","?","?","$","E","?","?","T","M","$","E","$","M","R","BOSS"],"build_version":"2019-07-17","purchased_purges":2,"victory":false,"max_hp_per_floor":[72,72,67,67,67,67,67,67,67,67,67,67,67,67,67,67],"card_choices":[{"not_picked":["Carnage","Clothesline"],"picked":"Headbutt","floor":1},{"not_picked":["Pommel Strike","Sentinel","Corruption"],"picked":"SKIP","floor":6},{"not_picked":["Entrench","Corruption","Intimidate"],"picked":"SKIP","floor":10},{"not_picked":["Shrug It Off","Ghostly Armor"],"picked":"Pummel","floor":12},{"not_picked":["Sever Soul","Dual Wield","Cleave","Warcry"],"picked":"SKIP","floor":14}],"player_experience":1690386,"relics_obtained":[{"floor":6,"key":"Bag of Preparation"},{"floor":9,"key":"Boot"},{"floor":12,"key":"Question Card"}],"event_choices":[{"damage_healed":0,"gold_gain":0,"player_choice":"Entered Light","damage_taken":14,"max_hp_gain":0,"max_hp_loss":0,"event_name":"Shining Light","floor":2,"gold_loss":0,"cards_upgraded":["Headbutt","Strike_R"]},{"damage_healed":0,"gold_gain":0,"player_choice":"Lose Max HP","damage_taken":0,"relics_obtained":["Golden Idol"],"max_hp_gain":0,"max_hp_loss":5,"event_name":"Golden Idol","floor":3,"gold_loss":0},{"cards_removed":["Strike_R"],"damage_healed":0,"gold_gain":0,"player_choice":"Card Removal","damage_taken":7,"max_hp_gain":0,"max_hp_loss":0,"event_name":"Golden Wing","floor":4,"gold_loss":0},{"damage_healed":0,"gold_gain":175,"player_choice":"AGREE","damage_taken":0,"max_hp_gain":0,"max_hp_loss":0,"event_name":"Liars Game","floor":7,"gold_loss":0,"cards_obtained":["Doubt"]},{"cards_removed":["Doubt"],"damage_healed":0,"gold_gain":0,"player_choice":"Card Removal","damage_taken":0,"max_hp_gain":0,"max_hp_loss":0,"event_name":"The Cleric","floor":8,"gold_loss":50}],"is_beta":false,"boss_relics":[],"items_purged_floors":[11,13],"is_endless":false,"potions_floor_spawned":[6],"killed_by":"The Guardian","ascension_level":0}