{"gold_per_floor":[111,186,186,186,197,197,208,225,278,203,266,118,118,146,146,247,247,266,23,23,23,33,63,63,73,73,99,111,111,123,139,139,238,238,257,207,258,269,321,321,333,333,333,346,346,361,361,380,380,380],"floor_reached":51,"playtime":3855,"items_purged":["Strike_R","Strike_R","Strike_R","Writhe"],"score":617,"play_id":"a095bdcb-f9c8-44c2-a36b-7bf0561c5b23","local_time":"20190905152332","is_ascension_mode":false,"campfire_choices":[{"data":"Bash","floor":6.0,"key":"SMITH"},{"data":"Flex","floor":13.0,"key":"SMITH"},{"data":"Flex","floor":15.0,"key":"SMITH"},{"data":"Berserk","floor":24.0,"key":"SMITH"},{"data":"Disarm","floor":29.0,"key":"SMITH"},{"floor":32.0,"key":"REST"},{"data":"Double Tap","floor":40.0,"key":"SMITH"},{"data":"Heavy Blade","floor":42.0,"key":"SMITH"},{"floor":45.0,"key":"REST"},{"floor":47.0,"key":"REST"},{"data":"Battle Trance","floor":49.0,"key":"SMITH"}],"neow_cost":"NONE","seed_source_timestamp":0,"circlet_count":0,"master_deck":["Strike_R+1","Strike_R","Defend_R","Defend_R","Defend_R","Defend_R+1","Bash+1","Carnage+1","Flex+1","Battle Trance","Twin Strike+1","Flex+1","Berserk+1","Sword Boomerang","Battle Trance+1","Disarm+1","Twin Strike","Injury","Pummel","Heavy Blade+1","Twin Strike+1","Double Tap+1","Disarm","Parasite","Parasite"],"special_seed":0,"relics":["Lizard Tail","Regal Pillow","Blood Vial","Red Skull","Orichalcum","Cursed Key","Pantograph","Potion Belt","Boot","Smiling Mask","Busted Crown","Ginger","Art of War","Whetstone"],"potions_floor_usage":[50,50,50,50],"damage_taken":[{"damage":6.0,"enemies":"2 Louse","floor":1.0,"turns":4.0},{"damage":0.0,"enemies":"Small Slimes","floor":5.0,"turns":3.0},{"damage":6.0,"enemies":"Jaw Worm","floor":7.0,"turns":2.0},{"damage":4.0,"enemies":"Blue Slaver","floor":8.0,"turns":2.0},{"damage":10.0,"enemies":"3 Sentries","floor":11.0,"turns":4.0},{"damage":8.0,"enemies":"Gremlin Nob","floor":14.0,"turns":3.0},{"damage":35.0,"enemies":"The Guardian","floor":16.0,"turns":7.0},{"damage":5.0,"enemies":"Spheric Guardian","floor":18.0,"turns":3.0},{"damage":0.0,"enemies":"3 Byrds","floor":22.0,"turns":4.0},{"damage":39.0,"enemies":"Gremlin Leader","floor":23.0,"turns":7.0},{"damage":15.0,"enemies":"Snake Plant","floor":25.0,"turns":2.0},{"damage":1.0,"enemies":"Chosen and Byrds","floor":28.0,"turns":3.0},{"damage":4.0,"enemies":"Centurion and Healer","floor":30.0,"turns":4.0},{"damage":7.0,"enemies":"Snecko","floor":31.0,"turns":3.0},{"damage":80.0,"enemies":"Champ","floor":33.0,"turns":8.0},{"damage":10.0,"enemies":"Orb Walker","floor":35.0,"turns":2.0},{"damage":33.0,"enemies":"2 Orb Walkers","floor":37.0,"turns":4.0},{"damage":13.0,"enemies":"3 Darklings","floor":38.0,"turns":4.0},{"damage":9.0,"enemies":"Spire Growth","floor":41.0,"turns":3.0},{"damage":17.0,"enemies":"Maw","floor":44.0,"turns":5.0},{"damage":12.0,"enemies":"Transient","floor":46.0,"turns":5.0},{"damage":13.0,"enemies":"3 Darklings","floor":48.0,"turns":8.0},{"damage":68,"enemies":"Time Eater","floor":50,"turns":9}],"seed_played":"-226014608664525033","potions_obtained":[{"floor":1.0,"key":"BloodPotion"},{"floor":5.0,"key":"EssenceOfSteel"},{"floor":7.0,"key":"EssenceOfSteel"},{"floor":25.0,"key":"FearPotion"},{"floor":30.0,"key":"PowerPotion"},{"floor":35.0,"key":"FairyPotion"},{"floor":38.0,"key":"Ancient Potion"},{"floor":41.0,"key":"SteroidPotion"},{"floor":46.0,"key":"Dexterity Potion"}],"is_trial":false,"path_per_floor":["M","?","?","?","M","R","M","M","T","$","?","$","R","E","R","B",null,"M","$","?","?","M","E","R","M","T","T","M","R","M","M","R","B",null,"M","$","?","M","T","R","M","R","T","M","R","M","R","M","R","B",null],"character_chosen":"IRONCLAD","items_purchased":["Flex","Sword Boomerang","Battle Trance"],"campfire_rested":3,"item_purchase_floors":[12,19,19],"current_hp_per_floor":[74,63,56,40,40,40,34,30,30,30,22,22,22,16,16,23,80,75,75,75,60,62,25,25,33,33,33,34,34,32,27,67,5,85,75,75,44,33,33,33,26,26,26,11,51,41,81,70,70,17],"gold":380,"neow_bonus":"BOSS_RELIC","is_prod":false,"is_daily":false,"chose_seed":false,"campfire_upgraded":8,"win_rate":0,"timestamp":1567718612,"path_taken":["M","?","?","?","?","R","M","M","T","$","?","?","R","E","R","BOSS","M","$","?","?","M","E","R","M","T","?","M","R","M","M","R","BOSS","M","$","?","M","?","R","M","R","T","M","R","M","R","M","R","BOSS"],"build_version":"2019-07-17","purchased_purges":4,"victory":true,"max_hp_per_floor":[80,80,80,80,80,80,80,80,80,80,80,80,80,80,80,80,80,80,80,80,85,85,85,85,85,85,85,85,85,85,85,85,85,85,85,85,85,85,85,85,85,85,85,85,85,85,85,85,85,85],"card_choices":[{"not_picked":["Pommel Strike","True Grit"],"picked":"Carnage","floor":1.0},{"not_picked":["Burning Pact","Shrug It Off"],"picked":"Flex","floor":5.0},{"not_picked":["Clash","Body Slam"],"picked":"Battle Trance","floor":7.0},{"not_picked":["Wild Strike","Pommel Strike"],"picked":"Twin Strike","floor":8.0},{"not_picked":["Armaments","Sentinel","Dual Wield"],"picked":"SKIP","floor":14.0},{"not_picked":["Impervious","Fiend Fire"],"picked":"Berserk","floor":16.0},{"not_picked":["Perfected Strike","Cleave","Metallicize"],"picked":"SKIP","floor":18.0},{"not_picked":["True Grit","Rampage","Blood for Blood"],"picked":"SKIP","floor":22.0},{"not_picked":["Cleave","Perfected Strike+1"],"picked":"Disarm","floor":23.0},{"not_picked":["Carnage","Armaments"],"picked":"Twin Strike","floor":25.0},{"not_picked":["Uppercut","Perfected Strike"],"picked":"Pummel","floor":28.0},{"not_picked":["Havoc+1","Wild Strike"],"picked":"Heavy Blade","floor":30.0},{"not_picked":["Body Slam","Warcry"],"picked":"Twin Strike+1","floor":31.0},{"not_picked":["Bludgeon","Fiend Fire"],"picked":"Double Tap","floor":33.0},{"not_picked":[],"picked":"Disarm","floor":35.0},{"not_picked":["True Grit"],"picked":"SKIP","floor":38.0},{"not_picked":["Feel No Pain"],"picked":"SKIP","floor":41.0},{"not_picked":["Twin Strike"],"picked":"SKIP","floor":44.0},{"not_picked":["Bloodletting"],"picked":"SKIP","floor":46.0},{"not_picked":["Sword Boomerang"],"picked":"SKIP","floor":48.0}],"player_experience":1718385,"relics_obtained":[{"floor":9.0,"key":"Blood Vial"},{"floor":14.0,"key":"Orichalcum"},{"floor":23.0,"key":"Potion Belt"},{"floor":26.0,"key":"Boot"},{"floor":27.0,"key":"Smiling Mask"},{"floor":37.0,"key":"Ginger"},{"floor":39.0,"key":"Art of War"},{"floor":43.0,"key":"Whetstone"}],"event_choices":[{"damage_healed":0.0,"max_hp_gain":0.0,"max_hp_loss":0.0,"gold_gain":75.0,"event_name":"World of Goop","player_choice":"Gather Gold","floor":2.0,"gold_loss":0.0,"damage_taken":11.0},{"damage_healed":0.0,"max_hp_gain":0.0,"max_hp_loss":0.0,"gold_gain":0.0,"event_name":"Scrap Ooze","player_choice":"Success","floor":3.0,"gold_loss":0.0,"damage_taken":7.0,"relics_obtained":["Regal Pillow"]},{"damage_healed":0.0,"max_hp_gain":0.0,"max_hp_loss":0.0,"gold_gain":0.0,"event_name":"Shining Light","player_choice":"Entered Light","floor":4.0,"gold_loss":0.0,"damage_taken":16.0,"cards_upgraded":["Carnage","Defend_R"]},{"damage_healed":0.0,"max_hp_gain":0.0,"max_hp_loss":0.0,"gold_gain":30.0,"event_name":"Dead Adventurer","player_choice":"Searched \u00273\u0027 times","floor":11.0,"gold_loss":0.0,"damage_taken":0.0,"relics_obtained":["Red Skull"]},{"damage_healed":0.0,"max_hp_gain":0.0,"max_hp_loss":0.0,"gold_gain":0.0,"event_name":"The Mausoleum","player_choice":"Opened","floor":20.0,"gold_loss":0.0,"damage_taken":0.0,"relics_obtained":["Pantograph"]},{"damage_healed":0.0,"max_hp_gain":5.0,"max_hp_loss":0.0,"gold_gain":0.0,"event_name":"Forgotten Altar","player_choice":"Shed Blood","floor":21.0,"gold_loss":0.0,"damage_taken":20.0},{"damage_healed":0.0,"max_hp_gain":0.0,"max_hp_loss":0.0,"gold_gain":0.0,"event_name":"Mysterious Sphere","player_choice":"Fight","floor":37.0,"gold_loss":0.0,"damage_taken":0.0}],"is_beta":false,"boss_relics":[{"not_picked":["Mark of Pain","Runic Pyramid"],"picked":"Cursed Key"},{"not_picked":["Orrery","Runic Dome"],"picked":"Busted Crown"}],"items_purged_floors":[10,12,19,36],"is_endless":false,"potions_floor_spawned":[1,5,7,14,16,18,25,30,35,38,41,46],"ascension_level":0}