{"gold_per_floor":[114,114,133,145,37,67,67,86,86,98,198,230,244,244],"floor_reached":14,"playtime":989,"items_purged":[],"score":102,"play_id":"658d7057-84cc-46ba-80c4-10ff0aac08a1","local_time":"20190909235853","is_ascension_mode":false,"campfire_choices":[{"data":"FlurryOfBlows","floor":7,"key":"SMITH"}],"neow_cost":"NONE","seed_source_timestamp":212190950413900,"circlet_count":0,"master_deck":["Strike_P","Strike_P","Strike_P","Strike_P","Defend_P","Defend_P","Defend_P","Defend_P","Eruption","Vigilance","Collect","Protect","Brilliance","Establishment","FlurryOfBlows+1","Fasting","FlurryOfBlows","ReachHeaven","ClearTheMind"],"relics":["PureWater","Incense Burner","PreservedInsect","Mummified Hand","Melange"],"potions_floor_usage":[12,14,14],"damage_taken":[{"damage":0,"enemies":"Cultist","floor":1,"turns":2},{"damage":6,"enemies":"2 Louse","floor":3,"turns":3},{"damage":0,"enemies":"Small Slimes","floor":4,"turns":3},{"damage":19,"enemies":"Lagavulin","floor":6,"turns":6},{"damage":13,"enemies":"Red Slaver","floor":8,"turns":3},{"damage":5,"enemies":"Looter","floor":10,"turns":4},{"damage":8,"enemies":"3 Sentries","floor":12,"turns":4},{"damage":18,"enemies":"Large Slime","floor":13,"turns":7},{"damage":3,"enemies":"Lots of Slimes","floor":14,"turns":1}],"seed_played":"-5712148894520998231","potions_obtained":[{"floor":8,"key":"Strength Potion"},{"floor":10,"key":"AttackPotion"},{"floor":12,"key":"Dexterity Potion"},{"floor":13,"key":"GamblersBrew"}],"is_trial":false,"path_per_floor":["M","T","M","M","$","E","R","M","T","M","?","E","M","M"],"character_chosen":"WATCHER","items_purchased":["Establishment","FlurryOfBlows"],"campfire_rested":0,"item_purchase_floors":[5,5],"current_hp_per_floor":[71,71,65,65,65,46,46,33,33,28,28,20,2,0],"gold":244,"neow_bonus":"TEN_PERCENT_HP_BONUS","is_prod":false,"is_daily":false,"chose_seed":false,"campfire_upgraded":1,"win_rate":0.0,"timestamp":1568062733,"path_taken":["M","?","M","M","$","E","R","M","T","M","?","E","M","?"],"build_version":"2019-09-09","purchased_purges":0,"victory":false,"max_hp_per_floor":[71,71,71,71,71,71,71,71,71,71,71,71,71,71],"card_choices":[{"not_picked":["FollowUp","EmptyMind"],"picked":"Collect","floor":1},{"not_picked":["CrushJoints","ThirdEye"],"picked":"Protect","floor":3},{"not_picked":["Consecrate","Crescendo"],"picked":"Brilliance","floor":4},{"not_picked":["Weave","CutThroughFate"],"picked":"Fasting","floor":6},{"not_picked":["ThirdEye","Weave"],"picked":"FlurryOfBlows","floor":8},{"not_picked":["Sanctity","Collect"],"picked":"ReachHeaven","floor":10},{"not_picked":["Sanctity","JustLucky","EmptyFist"],"picked":"SKIP","floor":12},{"not_picked":["ClearTheMind","Crescendo","CrushJoints"],"picked":"SKIP","floor":13},{"not_picked":["Crescendo","CrushJoints"],"picked":"ClearTheMind","floor":13}],"player_experience":261012,"relics_obtained":[{"floor":2,"key":"Incense Burner"},{"floor":6,"key":"PreservedInsect"},{"floor":9,"key":"Mummified Hand"},{"floor":12,"key":"Melange"}],"event_choices":[{"damage_healed":0,"gold_gain":100,"player_choice":"Pray","damage_taken":0,"max_hp_gain":0,"max_hp_loss":0,"event_name":"Golden Shrine","floor":11,"gold_loss":0}],"is_beta":true,"boss_relics":[],"items_purged_floors":[],"is_endless":false,"potions_floor_spawned":[8,10,12,13],"killed_by":"Lots of Slimes","ascension_level":0}