{"gold_per_floor":[116,131,56,56,9,9,21,21,71,106,124,140,140,40,40,141,141,96,3,3,3,3,3,3,3,3,3,3,3,3,3,3,3,3,3,3,3,3,3,3,3,3,3,3,3,3,3,3,3,3],"floor_reached":51,"playtime":928,"items_purged":["Defend_R","Strike_R"],"score":773,"play_id":"3d32bafb-2fe0-43a9-90a2-d1326617859a","local_time":"20190811043154","is_ascension_mode":false,"campfire_choices":[{"data":"Flex","floor":6.0,"key":"SMITH"},{"data":"Flex","floor":8.0,"key":"SMITH"},{"data":"Heavy Blade","floor":13.0,"key":"SMITH"},{"data":"Flex","floor":15.0,"key":"SMITH"},{"data":"Bash","floor":25,"key":"SMITH"},{"data":"Battle Trance","floor":29,"key":"SMITH"},{"data":"Flame Barrier","floor":32,"key":"SMITH"},{"floor":46,"key":"DIG"},{"floor":49,"key":"DIG"}],"neow_cost":"NONE","seed_source_timestamp":5907154057507,"circlet_count":0,"master_deck":["Strike_R","Strike_R","Strike_R+1","Strike_R+1","Defend_R","Defend_R","Defend_R","Bash+1","Inflame+1","Flex+1","Flex+1","Flex+1","Heavy Blade+1","Twin Strike","Battle Trance+1","Bandage Up","Pummel","Necronomicurse","Heavy Blade+1","Flame Barrier+1","Immolate","Disarm+1","Immolate","Battle Trance","Bandage Up","Violence","Impatience"],"special_seed":0,"relics":["Burning Blood","Bag of Marbles","Whetstone","Oddly Smooth Stone","Ectoplasm","MutagenicStrength","MawBank","Blood Vial","Necronomicon","White Beast Statue","Anchor","Shovel","Self Forming Clay","Omamori","Letter Opener"],"potions_floor_usage":[18,50,50,50],"damage_taken":[{"damage":6.0,"enemies":"Jaw Worm","floor":1.0,"turns":3.0},{"damage":1.0,"enemies":"Cultist","floor":2.0,"turns":3.0},{"damage":0.0,"enemies":"2 Louse","floor":7.0,"turns":1.0},{"damage":1.0,"enemies":"Gremlin Nob","floor":10.0,"turns":3.0},{"damage":4.0,"enemies":"Looter","floor":11.0,"turns":3.0},{"damage":7.0,"enemies":"Red Slaver","floor":12.0,"turns":2.0},{"damage":0,"enemies":"Slime Boss","floor":16,"turns":7},{"damage":9,"enemies":"2 Thieves","floor":18,"turns":4},{"damage":9,"enemies":"3 Byrds","floor":24,"turns":5},{"damage":0,"enemies":"Centurion and Healer","floor":28,"turns":2},{"damage":4,"enemies":"Shelled Parasite and Fungi","floor":30,"turns":2},{"damage":0,"enemies":"Snecko","floor":31,"turns":1},{"damage":20,"enemies":"Collector","floor":33,"turns":4},{"damage":0,"enemies":"3 Darklings","floor":35,"turns":5},{"damage":0,"enemies":"Orb Walker","floor":36,"turns":1},{"damage":0,"enemies":"Spire Growth","floor":38,"turns":3},{"damage":14,"enemies":"Giant Head","floor":40,"turns":4},{"damage":0,"enemies":"Mind Bloom Boss Battle","floor":41,"turns":2},{"damage":0,"enemies":"Sphere and 2 Shapes","floor":47,"turns":1},{"damage":78,"enemies":"Donu and Deca","floor":50,"turns":7}],"seed_played":"-9147387055154189242","potions_obtained":[{"floor":7.0,"key":"Block Potion"},{"floor":10.0,"key":"Weak Potion"},{"floor":28,"key":"BloodPotion"},{"floor":31,"key":"BloodPotion"},{"floor":35,"key":"Swift Potion"},{"floor":36,"key":"Strength Potion"},{"floor":38,"key":"BloodPotion"}],"is_trial":false,"path_per_floor":["M","M","$","?","$","R","M","R","T","E","M","M","R","$","R","B",null,"M","$","?","?","T","$","M","R","T","?","M","R","M","M","R","B",null,"M","M","?","M","?","E","?","$","T","$","$","R","M","?","R","B",null],"character_chosen":"IRONCLAD","items_purchased":["Flex","Bandage Up"],"campfire_rested":0,"item_purchase_floors":[5,19],"current_hp_per_floor":[80,80,80,80,80,80,80,80,80,80,80,79,79,79,79,80,80,77,77,77,77,77,77,77,77,77,61,69,69,77,80,80,70,80,80,80,76,76,76,68,76,76,76,76,76,76,76,66,66,61],"gold":3,"neow_bonus":"RANDOM_COMMON_RELIC","is_prod":false,"is_daily":false,"chose_seed":false,"campfire_upgraded":7,"win_rate":0,"timestamp":1565519514,"path_taken":["M","M","$","?","$","R","M","R","T","E","M","?","R","$","R","BOSS","M","?","?","?","?","$","?","R","T","?","M","R","M","M","R","BOSS","M","M","?","M","?","E","?","?","T","?","$","R","?","?","R","BOSS"],"build_version":"2019-07-17","purchased_purges":2,"victory":true,"max_hp_per_floor":[80,80,80,80,80,80,80,80,80,80,80,80,80,80,80,80,80,80,80,80,80,80,80,80,80,80,80,80,80,80,80,80,80,80,80,80,76,76,76,76,76,76,76,76,76,76,76,76,76,76],"card_choices":[{"not_picked":["True Grit","Thunderclap"],"picked":"Inflame","floor":1.0},{"not_picked":["Shockwave","Havoc"],"picked":"Flex","floor":2.0},{"not_picked":["Corruption","Feel No Pain","Armaments"],"picked":"SKIP","floor":7.0},{"not_picked":["True Grit","Headbutt"],"picked":"Flex","floor":10.0},{"not_picked":["Perfected Strike","Headbutt"],"picked":"Heavy Blade","floor":11.0},{"not_picked":["Perfected Strike","Havoc"],"picked":"Twin Strike","floor":12.0},{"not_picked":["Thunderclap+1","True Grit+1"],"picked":"Battle Trance","floor":18},{"not_picked":["Carnage","Reckless Charge","Body Slam+1"],"picked":"SKIP","floor":24},{"not_picked":["Battle Trance","Power Through"],"picked":"Heavy Blade+1","floor":28},{"not_picked":["Infernal Blade","Pommel Strike","Seeing Red"],"picked":"SKIP","floor":30},{"not_picked":["Thunderclap","Ghostly Armor"],"picked":"Flame Barrier","floor":31},{"not_picked":["Bludgeon","Limit Break"],"picked":"Immolate","floor":33},{"not_picked":["Second Wind+1","Searing Blow","Thunderclap"],"picked":"SKIP","floor":35},{"not_picked":["Headbutt+1","Rage+1","Twin Strike"],"picked":"SKIP","floor":36},{"not_picked":["Dropkick+1","Perfected Strike","Disarm+1"],"picked":"SKIP","floor":38},{"not_picked":["Dropkick+1","Perfected Strike","Disarm+1"],"picked":"SKIP","floor":38},{"not_picked":["Dropkick+1","Perfected Strike"],"picked":"Disarm+1","floor":38},{"not_picked":["Clash","Heavy Blade"],"picked":"Immolate","floor":40},{"not_picked":["Flex","Fire Breathing+1"],"picked":"Battle Trance","floor":41},{"not_picked":["Spot Weakness","Armaments","True Grit+1"],"picked":"SKIP","floor":47},{"not_picked":["Panacea","Thinking Ahead"],"picked":"Bandage Up","floor":48},{"not_picked":["Purity","Dramatic Entrance"],"picked":"Violence","floor":48},{"not_picked":["Madness","Deep Breath"],"picked":"Impatience","floor":48}],"player_experience":1671050,"relics_obtained":[{"floor":9.0,"key":"Whetstone"},{"floor":10.0,"key":"Oddly Smooth Stone"},{"floor":22,"key":"MawBank"},{"floor":26,"key":"Blood Vial"},{"floor":27,"key":"Necronomicon"},{"floor":40,"key":"Anchor"},{"floor":41,"key":"Shovel"},{"floor":43,"key":"Self Forming Clay"},{"floor":46,"key":"Omamori"},{"floor":49,"key":"Letter Opener"}],"event_choices":[{"damage_healed":0.0,"max_hp_gain":0.0,"max_hp_loss":0.0,"gold_gain":0.0,"event_name":"Upgrade Shrine","player_choice":"Upgraded","floor":4.0,"gold_loss":0.0,"damage_taken":0.0,"cards_upgraded":["Inflame"]},{"damage_healed":0,"gold_gain":0,"player_choice":"Inject Mutagens","damage_taken":0,"relics_obtained":["MutagenicStrength"],"max_hp_gain":0,"max_hp_loss":0,"event_name":"Drug Dealer","floor":20,"gold_loss":0},{"damage_healed":0,"gold_gain":0,"player_choice":"Read","damage_taken":0,"max_hp_gain":0,"max_hp_loss":0,"event_name":"The Library","floor":21,"gold_loss":0,"cards_obtained":["Pummel"]},{"damage_healed":0,"gold_gain":0,"player_choice":"Obtained Book","damage_taken":16,"max_hp_gain":0,"max_hp_loss":0,"event_name":"Cursed Tome","floor":27,"gold_loss":0},{"damage_healed":0,"gold_gain":0,"player_choice":"Max HP","damage_taken":0,"max_hp_gain":0,"max_hp_loss":4,"event_name":"Winding Halls","floor":37,"gold_loss":0},{"damage_healed":0,"gold_gain":0,"player_choice":"Ignored","damage_taken":0,"max_hp_gain":0,"max_hp_loss":0,"event_name":"Mysterious Sphere","floor":39,"gold_loss":0},{"damage_healed":0,"gold_gain":0,"player_choice":"Fight","damage_taken":0,"max_hp_gain":0,"max_hp_loss":0,"event_name":"MindBloom","floor":41,"gold_loss":0},{"damage_healed":0,"gold_gain":0,"player_choice":"Memory 3","damage_taken":10,"max_hp_gain":0,"max_hp_loss":0,"event_name":"SensoryStone","floor":48,"gold_loss":0}],"is_beta":false,"boss_relics":[{"not_picked":["Snecko Eye","Runic Cube"],"picked":"Ectoplasm"},{"not_picked":["Orrery","Mark of Pain"],"picked":"White Beast Statue"}],"items_purged_floors":[3,14],"is_endless":false,"potions_floor_spawned":[7,10,28,31,35,36,38,40,41,47],"ascension_level":0}