{"gold_per_floor":[111,121,139,13,26,52,63,84,84,114,114,114,144,158,158,255,255,266,286,286,386,399,424,424,424,424,424,449,10,44,56,56,155,155,170,180,198,298,309,309,309,334,386,399,449,449,476,526,526,526],"floor_reached":51,"playtime":2705,"items_purged":["Strike_B","Strike_B","Defend_B"],"score":1111,"play_id":"184cc265-315f-485c-81ba-daa053ca1e6d","local_time":"20190214085047","is_ascension_mode":true,"campfire_choices":[{"floor":11,"key":"REST"},{"data":"Zap","floor":15,"key":"SMITH"},{"data":"Fission","floor":24,"key":"SMITH"},{"data":"Redo","floor":27,"key":"SMITH"},{"data":"Defragment","floor":32,"key":"SMITH"},{"data":"Loop","floor":41,"key":"SMITH"},{"data":"Hologram","floor":46,"key":"SMITH"},{"data":"Thunder Strike","floor":49,"key":"SMITH"}],"neow_cost":"","seed_source_timestamp":76732108774492,"circlet_count":0,"master_deck":["Defend_B+1","Defend_B","Zap+1","Dualcast","Mayhem+1","Loop+1","Thunder Strike+1","Tempest","Stack","Ball Lightning","Leap","Tempest","Conserve Battery","Reinforced Body","Redo+1","Capacitor","Go for the Eyes","Cold Snap","Electrodynamics","Hologram+1","Fission+1","White Noise","Melter","Turbo+1","Loop+1","Defragment+1","Amplify+1","Undo+1","Hologram+1","Hologram+1","Leap+1","Glacier+1","Normality","Writhe"],"relics":["Cracked Core","Juzu Bracelet","TheAbacus","Lantern","Nunchaku","Odd Mushroom","Cables","Blue Candle","Singing Bowl","Philosopher\u0027s Stone","Regal Pillow","theJungle:SpiritDisease","Spirit Poop","Oddly Smooth Stone","Incense Burner","Du-Vu Doll","energizedSpire:CursedPentagram","Turnip","SsserpentHead","War Paint","Bag of Marbles","Art of War"],"potions_floor_usage":[2,6,8,16,16,23,23,33,33,37,38,50,50,50],"damage_taken":[{"damage":0,"enemies":"Small Slimes","floor":1,"turns":3},{"damage":9,"enemies":"2 Louse","floor":2,"turns":2},{"damage":1,"enemies":"Cultist","floor":3,"turns":3},{"damage":7,"enemies":"Blue Slaver","floor":5,"turns":2},{"damage":0,"enemies":"3 Sentries","floor":6,"turns":3},{"damage":18,"enemies":"Lots of Slimes","floor":7,"turns":3},{"damage":16,"enemies":"The Mushroom Lair","floor":8,"turns":5},{"damage":6,"enemies":"Lagavulin","floor":10,"turns":6},{"damage":24,"enemies":"3 Sentries","floor":13,"turns":7},{"damage":0,"enemies":"2 Fungi Beasts","floor":14,"turns":4},{"damage":0,"enemies":"Slime Boss","floor":16,"turns":5},{"damage":0,"enemies":"Shell Parasite","floor":18,"turns":5},{"damage":15,"enemies":"theJungle:GiantWrat","floor":19,"turns":5},{"damage":9,"enemies":"theJungle:SlimyTreeVines","floor":22,"turns":4},{"damage":10,"enemies":"theJungle:MamaSnecko","floor":23,"turns":5},{"damage":0,"enemies":"theJungle:Cassacara","floor":28,"turns":4},{"damage":3,"enemies":"theJungle:2_Phrogs","floor":30,"turns":5},{"damage":3,"enemies":"theJungle:Snecko_Cultist_And_Trap","floor":31,"turns":5},{"damage":24,"enemies":"theJungle:QueenSpyder","floor":33,"turns":9},{"damage":24,"enemies":"3 Shapes","floor":35,"turns":4},{"damage":6,"enemies":"Orb Walker","floor":36,"turns":3},{"damage":0,"enemies":"Transient","floor":37,"turns":5},{"damage":0,"enemies":"Mind Bloom Boss Battle","floor":38,"turns":6},{"damage":10,"enemies":"3 Darklings","floor":39,"turns":4},{"damage":18,"enemies":"Nemesis","floor":42,"turns":5},{"damage":10,"enemies":"Maw","floor":44,"turns":6},{"damage":26,"enemies":"Giant Head","floor":47,"turns":6},{"damage":36,"enemies":"Awakened One","floor":50,"turns":11}],"seed_played":"-183121717529695620","potions_obtained":[{"floor":2,"key":"PowerPotion"},{"floor":3,"key":"PowerPotion"},{"floor":7,"key":"Swift Potion"},{"floor":13,"key":"EssenceOfSteel"},{"floor":19,"key":"FairyPotion"},{"floor":22,"key":"Ancient Potion"},{"floor":23,"key":"LiquidBronze"},{"floor":31,"key":"FocusPotion"},{"floor":33,"key":"Regen Potion"},{"floor":36,"key":"Strength Potion"},{"floor":37,"key":"Energy Potion"},{"floor":44,"key":"Dexterity Potion"}],"is_trial":false,"path_per_floor":["M","M","M","$","M","E","M","?","T","E","R","?","E","M","R","B",null,"M","M","?","?","M","E","R","?","T","R","E","$","E","M","R","B",null,"M","M","M","?","M","?","R","E","T","M","?","R","E","?","R","B",null],"character_chosen":"DEFECT","items_purchased":["Mayhem","Juzu Bracelet","TheAbacus","Lantern","Loop","Thunder Strike","Tempest","AttackPotion","Stack","Conserve Battery","Incense Burner"],"campfire_rested":1,"item_purchase_floors":[0,0,0,0,0,0,0,0,0,4,29],"current_hp_per_floor":[75,66,65,65,58,58,40,24,24,18,40,40,16,16,16,16,75,75,60,60,60,51,41,41,41,41,41,43,43,40,39,39,15,79,57,51,65,65,55,55,55,37,37,29,50,50,26,74,74,38],"gold":526,"neow_bonus":"","is_prod":false,"is_daily":false,"chose_seed":false,"campfire_upgraded":7,"win_rate":0,"timestamp":1550123447,"path_taken":["M","M","M","$","M","E","M","?","T","E","R","?","E","M","R","BOSS","M","M","?","?","M","E","R","?","T","R","E","$","E","M","R","BOSS","M","M","M","?","M","?","R","E","T","M","?","R","E","?","R","BOSS"],"build_version":"2019-02-06","purchased_purges":3,"victory":true,"max_hp_per_floor":[75,75,75,75,75,75,75,75,75,75,75,75,75,75,75,75,75,75,75,75,75,75,75,75,75,75,75,77,77,77,79,79,79,79,81,81,81,81,81,81,81,81,81,83,83,83,85,74,74,74],"card_choices":[{"not_picked":["Coolheaded","Leap"],"picked":"Ball Lightning","floor":1},{"not_picked":["Force Field","Coolheaded"],"picked":"Leap","floor":2},{"not_picked":["Go for the Eyes","Steam Power"],"picked":"Tempest","floor":3},{"not_picked":["Rebound","Hello World"],"picked":"Reinforced Body","floor":5},{"not_picked":["Barrage","Go for the Eyes"],"picked":"Redo","floor":6},{"not_picked":["Sweeping Beam","White Noise"],"picked":"Capacitor","floor":7},{"not_picked":["Steam","Cold Snap"],"picked":"Go for the Eyes","floor":8},{"not_picked":["Reboot","Sweeping Beam"],"picked":"Cold Snap","floor":10},{"not_picked":["Self Repair","Chill"],"picked":"Electrodynamics","floor":13},{"not_picked":["Barrage","Static Discharge"],"picked":"Hologram","floor":14},{"not_picked":["Amplify","All For One"],"picked":"Fission","floor":16},{"not_picked":["Leap+1","Skim+1"],"picked":"White Noise","floor":18},{"not_picked":["Tempest+1","Fusion"],"picked":"Melter","floor":19},{"not_picked":["Rebound","Steam"],"picked":"Turbo+1","floor":22},{"not_picked":["Genetic Algorithm","Darkness"],"picked":"Loop+1","floor":23},{"not_picked":["Buffer","Blizzard+1","Redo"],"picked":"Singing Bowl","floor":28},{"not_picked":["Melter+1","Ball Lightning"],"picked":"Defragment","floor":30},{"not_picked":["Barrage","Gash","Go for the Eyes"],"picked":"Singing Bowl","floor":31},{"not_picked":["Rainbow","Creative AI"],"picked":"Amplify","floor":33},{"not_picked":["Darkness","Ball Lightning+1","Cold Snap"],"picked":"Singing Bowl","floor":35},{"not_picked":["Turbo","Steam+1"],"picked":"Undo+1","floor":36},{"not_picked":["Turbo+1","Redo+1"],"picked":"Hologram+1","floor":37},{"not_picked":["Turbo","Beam Cell"],"picked":"Hologram+1","floor":38},{"not_picked":["Go for the Eyes+1","Darkness+1"],"picked":"Leap+1","floor":39},{"not_picked":["Gash+1","Static Discharge+1"],"picked":"Glacier+1","floor":42},{"not_picked":["Genetic Algorithm","Beam Cell+1","Sunder+1"],"picked":"Singing Bowl","floor":44},{"not_picked":["Thunder Strike","Go for the Eyes","Leap"],"picked":"Singing Bowl","floor":47}],"player_experience":1143623,"relics_obtained":[{"floor":6,"key":"Nunchaku"},{"floor":8,"key":"Odd Mushroom"},{"floor":9,"key":"Cables"},{"floor":10,"key":"Blue Candle"},{"floor":13,"key":"Singing Bowl"},{"floor":23,"key":"Regal Pillow"},{"floor":26,"key":"Spirit Poop"},{"floor":28,"key":"Oddly Smooth Stone"},{"floor":30,"key":"Du-Vu Doll"},{"floor":38,"key":"Turnip"},{"floor":42,"key":"War Paint"},{"floor":43,"key":"Bag of Marbles"},{"floor":47,"key":"Art of War"}],"event_choices":[{"damage_healed":0,"gold_gain":0,"player_choice":"Fought Mushrooms","damage_taken":0,"max_hp_gain":0,"max_hp_loss":0,"event_name":"Mushrooms","floor":8,"gold_loss":0},{"damage_healed":0,"gold_gain":0,"player_choice":"Grow","damage_taken":0,"max_hp_gain":0,"max_hp_loss":0,"event_name":"Living Wall","floor":12,"gold_loss":0,"cards_upgraded":["Mayhem"]},{"damage_healed":0,"gold_gain":100,"player_choice":"Pray","damage_taken":0,"max_hp_gain":0,"max_hp_loss":0,"event_name":"Golden Shrine","floor":21,"gold_loss":0},{"damage_healed":0,"gold_gain":0,"player_choice":"Fight","damage_taken":0,"max_hp_gain":0,"max_hp_loss":0,"event_name":"MindBloom","floor":38,"gold_loss":0},{"damage_healed":0,"gold_gain":0,"player_choice":"Trade","damage_taken":0,"relics_obtained":["SsserpentHead"],"max_hp_gain":0,"max_hp_loss":0,"event_name":"FaceTrader","floor":40,"gold_loss":0},{"damage_healed":21,"gold_gain":0,"player_choice":"Writhe","damage_taken":0,"max_hp_gain":0,"max_hp_loss":0,"event_name":"Winding Halls","floor":45,"gold_loss":0,"cards_obtained":["Writhe"]},{"damage_healed":74,"gold_gain":0,"player_choice":"Heal","damage_taken":0,"max_hp_gain":0,"max_hp_loss":11,"event_name":"The Moai Head","floor":48,"gold_loss":0}],"is_beta":true,"boss_relics":[{"not_picked":["Coffee Dripper","Empty Cage"],"picked":"Philosopher\u0027s Stone"},{"not_picked":["energizedSpire:RedRose","FrozenCore"],"picked":"energizedSpire:CursedPentagram"}],"items_purged_floors":[0,4,29],"is_endless":false,"potions_floor_spawned":[2,3,7,13,19,22,23,31,33,36,37,44],"ascension_level":1}