{"gold_per_floor":[119,84,84,96,111,142,159,193,193,203,203,236,236,250,250,348,348,359,458,458,471,386,415,72,88,114,114,132,152,186,200,200,304,304,322,322,78,88,107,134,134,160,183,208,21,21,21,21,21,21,21,21,21,54,54],"floor_reached":56,"playtime":3863,"items_purged":["Strike_B","Defend_B"],"score":1552,"play_id":"f6696712-2995-47b7-a952-902a9ecfd972","local_time":"20190107030630","is_ascension_mode":true,"campfire_choices":[{"data":"strawberrySpire:Refactor","floor":13,"key":"SMITH"},{"data":"Defragment","floor":15,"key":"SMITH"},{"data":"Hologram","floor":27,"key":"SMITH"},{"data":"Hologram","floor":32,"key":"SMITH"},{"floor":41,"key":"RECALL"},{"data":"Echo Form","floor":47,"key":"SMITH"},{"data":"Hologram","floor":49,"key":"SMITH"},{"data":"strawberrySpire:Adapter","floor":52,"key":"SMITH"}],"neow_cost":"","seed_source_timestamp":360150930386950,"circlet_count":0,"master_deck":["Defend_B+1","Defend_B","Zap+1","Dualcast","Defragment+1","Streamline","Stack","White Noise","Cold Snap","Hologram+1","strawberrySpire:Disconnect","Turbo","Steam","Go for the Eyes","strawberrySpire:Refactor+1","Ball Lightning","strawberrySpire:Gammacceleration","Tempest","Coolheaded","Glacier","Hologram+1","Hologram+1","Hologram","Hologram","Hologram","strawberrySpire:Adapter+1","Self Repair+1","Echo Form+1","Glacier+1","Consume+1","Streamline+1","Defragment+1","Hologram+1","White Noise+1","Recycle+1","Buffer","Hologram+1","Capacitor+1"],"relics":["Cracked Core","War Paint","Happy Flower","Strange Spoon","Toy Ornithopter","Regal Pillow","Lantern","strawberrySpire:AztechBall","Bronze Scales","Strawberry","Dodecahedron","NlothsMask","Pear","strawberrySpire:Dictionifier","Enchiridion","strawberrySpire:DirtyLipstick","Centennial Puzzle","strawberrySpire:BrokenPrinter","Anchor","Sundial","Astrolabe","Vajra","Question Card","Orichalcum","PreservedInsect","MawBank","DollysMirror","Bag of Marbles"],"potions_floor_usage":[6,8,12,55],"damage_taken":[{"damage":0,"enemies":"2 Louse","floor":1,"turns":2},{"damage":6,"enemies":"Jaw Worm","floor":4,"turns":2},{"damage":0,"enemies":"Cultist","floor":5,"turns":2},{"damage":9,"enemies":"Lagavulin","floor":6,"turns":5},{"damage":5,"enemies":"Blue Slaver","floor":7,"turns":2},{"damage":20,"enemies":"strawberrySpire:EnergyPylons","floor":8,"turns":5},{"damage":13,"enemies":"Exordium Thugs","floor":10,"turns":4},{"damage":0,"enemies":"Gremlin Nob","floor":12,"turns":2},{"damage":2,"enemies":"Looter","floor":14,"turns":3},{"damage":11,"enemies":"Hexaghost","floor":16,"turns":9},{"damage":10,"enemies":"Chosen","floor":18,"turns":3},{"damage":0,"enemies":"2 Thieves","floor":21,"turns":2},{"damage":20,"enemies":"strawberrySpire:AncientClocktower","floor":23,"turns":4},{"damage":0,"enemies":"Snecko","floor":25,"turns":4},{"damage":9,"enemies":"Shelled Parasite and Fungi","floor":28,"turns":3},{"damage":0,"enemies":"Snake Plant","floor":29,"turns":2},{"damage":13,"enemies":"Slavers","floor":30,"turns":3},{"damage":0,"enemies":"Chosen and Byrds","floor":31,"turns":3},{"damage":0,"enemies":"Collector","floor":33,"turns":10},{"damage":0,"enemies":"Orb Walker","floor":35,"turns":3},{"damage":0,"enemies":"3 Shapes","floor":38,"turns":2},{"damage":2,"enemies":"Writhing Mass","floor":39,"turns":4},{"damage":0,"enemies":"Giant Head","floor":40,"turns":7},{"damage":40,"enemies":"Reptomancer","floor":42,"turns":6},{"damage":0,"enemies":"Giant Head","floor":44,"turns":4},{"damage":37,"enemies":"Donu and Deca","floor":50,"turns":9},{"damage":40,"enemies":"Shield and Spear","floor":54,"turns":7},{"damage":7,"enemies":"The Heart","floor":55,"turns":9}],"seed_played":"-6259682701197498125","potions_obtained":[{"floor":1,"key":"SpeedPotion"},{"floor":5,"key":"Regen Potion"},{"floor":8,"key":"SkillPotion"},{"floor":10,"key":"Dexterity Potion"},{"floor":16,"key":"FearPotion"}],"is_trial":false,"path_per_floor":["M","?","?","M","M","E","M","E","T","M","?","E","R","M","R","B",null,"M","?","?","M","?","E","$","M","T","R","M","M","E","M","R","B",null,"M","?","$","M","M","E","R","E","T","E","$","$","R","?","R","B",null,"R","$","E","B",null],"character_chosen":"DEFECT","items_purchased":["Defragment","Streamline","War Paint","Happy Flower","Strange Spoon","Ancient Potion","Energy Potion","Stack","Toy Ornithopter","Regal Pillow","Lantern","strawberrySpire:AztechBall","Bronze Scales","strawberrySpire:BrokenPrinter","Anchor","Vajra","DollysMirror"],"campfire_rested":0,"item_purchase_floors":[0,0,0,0,0,0,0,0,0,0,0,0,0,24,24,37,45],"current_hp_per_floor":[27,45,45,39,39,56,51,36,36,23,23,38,38,36,36,25,92,82,82,66,66,66,46,46,46,46,46,37,37,24,24,24,34,92,92,92,92,92,90,92,92,62,62,72,72,72,72,72,72,45,89,89,89,69,77],"gold":54,"neow_bonus":"","is_prod":false,"is_daily":false,"chose_seed":false,"campfire_upgraded":7,"win_rate":0,"timestamp":1546819590,"path_taken":["M","?","?","M","M","E","M","E","T","?","?","E","R","M","R","BOSS","M","?","?","M","?","E","?","M","T","R","M","M","E","M","R","BOSS","M","?","$","M","M","E","R","E","T","E","?","$","R","?","R","BOSS","R","$","E","BOSS"],"build_version":"2019-01-03v4","purchased_purges":2,"victory":true,"max_hp_per_floor":[75,75,75,75,75,82,82,82,82,82,82,92,92,92,92,92,92,92,92,92,92,92,92,92,92,92,92,92,92,92,92,92,92,92,92,92,92,92,92,92,92,92,92,92,92,92,92,89,89,89,89,89,89,89,89],"card_choices":[{"not_picked":["Sweeping Beam","strawberrySpire:NeonFlight"],"picked":"White Noise","floor":1},{"not_picked":["Fusion","Barrage"],"picked":"Cold Snap","floor":4},{"not_picked":["Rebound","strawberrySpire:HateBit"],"picked":"Hologram","floor":5},{"not_picked":["Go for the Eyes","Rainbow"],"picked":"strawberrySpire:Disconnect","floor":6},{"not_picked":["FTL","Redo"],"picked":"Turbo","floor":7},{"not_picked":["Blizzard","Beam Cell"],"picked":"Steam","floor":8},{"not_picked":["Steam Power","Steam"],"picked":"Go for the Eyes","floor":10},{"not_picked":["Static Discharge","Storm"],"picked":"strawberrySpire:Refactor","floor":12},{"not_picked":["Leap","Gash"],"picked":"Ball Lightning","floor":14},{"not_picked":["strawberrySpire:Ronchyble","Core Surge"],"picked":"strawberrySpire:Gammacceleration","floor":16},{"not_picked":["Chill","Sweeping Beam"],"picked":"Tempest","floor":18},{"not_picked":["Turbo","Beam Cell"],"picked":"Coolheaded","floor":21},{"not_picked":["strawberrySpire:Disconnect","strawberrySpire:Refactor"],"picked":"Glacier","floor":23},{"not_picked":["strawberrySpire:NeonFlight","Barrage+1","Coolheaded"],"picked":"SKIP","floor":25},{"not_picked":["Hologram","Go for the Eyes+1"],"picked":"strawberrySpire:Adapter","floor":28},{"not_picked":["Cold Snap","Go for the Eyes","strawberrySpire:Disconnect+1"],"picked":"SKIP","floor":29},{"not_picked":["Turbo","Steam"],"picked":"Self Repair+1","floor":30},{"not_picked":["Static Discharge","Aggregate","Leap"],"picked":"SKIP","floor":31},{"not_picked":["Meteor Strike","Core Surge"],"picked":"Echo Form","floor":33},{"not_picked":["Steam Power","Cold Snap"],"picked":"Defragment+1","floor":35},{"not_picked":["strawberrySpire:THEL+1","Melter"],"picked":"White Noise+1","floor":38},{"not_picked":["Compile Driver+1","Turbo+1","strawberrySpire:DataDump"],"picked":"SKIP","floor":39},{"not_picked":["Go for the Eyes","Scrape"],"picked":"Recycle+1","floor":40},{"not_picked":["Rebound","Consume","Electrodynamics"],"picked":"Buffer","floor":42},{"not_picked":["Gash+1","Leap","Sweeping Beam+1","Conserve Battery+1"],"picked":"SKIP","floor":44},{"not_picked":["Doom and Gloom","Go for the Eyes","Steam Power"],"picked":"Capacitor+1","floor":54}],"player_experience":1044408,"relics_obtained":[{"floor":6,"key":"Strawberry"},{"floor":8,"key":"Dodecahedron"},{"floor":12,"key":"Pear"},{"floor":20,"key":"Enchiridion"},{"floor":23,"key":"Centennial Puzzle"},{"floor":30,"key":"Sundial"},{"floor":40,"key":"Question Card"},{"floor":42,"key":"Orichalcum"},{"floor":43,"key":"PreservedInsect"},{"floor":44,"key":"MawBank"},{"floor":54,"key":"Bag of Marbles"}],"event_choices":[{"damage_healed":18,"gold_gain":0,"player_choice":"Healed","damage_taken":0,"max_hp_gain":0,"max_hp_loss":0,"event_name":"The Cleric","floor":2,"gold_loss":35},{"damage_healed":0,"gold_gain":0,"player_choice":"Bought 0 Potions","damage_taken":0,"max_hp_gain":0,"max_hp_loss":0,"event_name":"The Woman in Blue","floor":3,"gold_loss":0},{"damage_healed":0,"gold_gain":0,"player_choice":"Trade","damage_taken":0,"relics_obtained":["NlothsMask"],"max_hp_gain":0,"max_hp_loss":0,"event_name":"FaceTrader","floor":11,"gold_loss":0},{"damage_healed":0,"gold_gain":99,"player_choice":"Stole From Cult","damage_taken":0,"max_hp_gain":0,"max_hp_loss":0,"event_name":"Nest","floor":19,"gold_loss":0},{"damage_healed":0,"gold_gain":0,"player_choice":"Obtained Book","damage_taken":16,"max_hp_gain":0,"max_hp_loss":0,"event_name":"Cursed Tome","floor":20,"gold_loss":0},{"damage_healed":0,"gold_gain":0,"player_choice":"Obtained Relic","damage_taken":0,"relics_obtained":["strawberrySpire:DirtyLipstick"],"max_hp_gain":0,"max_hp_loss":0,"event_name":"Addict","floor":22,"gold_loss":85},{"damage_healed":0,"gold_gain":0,"player_choice":"Copied","damage_taken":0,"max_hp_gain":0,"max_hp_loss":0,"event_name":"Duplicator","floor":36,"gold_loss":0,"cards_obtained":["Hologram"]},{"cards_removed":["Parasite"],"damage_healed":0,"gold_gain":0,"player_choice":"Removed Curses","damage_taken":0,"max_hp_gain":0,"max_hp_loss":0,"event_name":"Fountain of Cleansing","floor":48,"gold_loss":0}],"is_beta":true,"boss_relics":[{"not_picked":["Coffee Dripper","Ectoplasm"],"picked":"strawberrySpire:Dictionifier"},{"not_picked":["Fusion Hammer","White Beast Statue"],"picked":"Astrolabe"}],"items_purged_floors":[0,37],"is_endless":false,"potions_floor_spawned":[1,5,8,10,16,21,25,28,30,38,39,44,54],"ascension_level":1}