{"gold_per_floor":[116,126,126,40,40,70,84,119,146,146,146,165,177,195,195,298,298,315,334,352,352,352,352,387,486,486,486,500,500,500,561,561,561],"floor_reached":33,"playtime":1779,"items_purged":[],"score":336,"play_id":"9e08ce3a-d54a-4140-99ed-df3996c4a682","local_time":"20190103204307","is_ascension_mode":true,"campfire_choices":[{"data":"Noxious Fumes","floor":10.0,"key":"SMITH"},{"data":"Footwork","floor":15.0,"key":"SMITH"},{"data":"Tools of the Trade","floor":23,"key":"SMITH"},{"data":"Dash","floor":27,"key":"SMITH"},{"data":"Dodge and Roll","floor":30,"key":"SMITH"},{"data":"Well Laid Plans","floor":32,"key":"SMITH"}],"neow_cost":"NONE","seed_source_timestamp":0,"circlet_count":0,"master_deck":["Defend_G","Defend_G","Defend_G","Defend_G","Defend_G","Strike_G","Strike_G","Strike_G","Strike_G","Survivor","Neutralize","Poisoned Stab","Backflip","Prepared","Cloak And Dagger+1","Well Laid Plans+1","Noxious Fumes+1","Flying Knee","Endless Agony","Neutralize","Footwork+1","Dash+1","Bouncing Flask","Tools of the Trade+1","Dodge and Roll+1","Masterful Stab+1","Predator","Slice","Blur+1"],"special_seed":0,"relics":["Ring of the Snake","NeowsBlessing","Blood Vial","Bag of Preparation","Oddly Smooth Stone","Black Star","Darkstone Periapt","Mummified Hand","Boot","Blue Candle","Potion Belt","Tiny Chest"],"potions_floor_usage":[22,22,28],"damage_taken":[{"damage":0.0,"enemies":"2 Louse","floor":1.0,"turns":1.0},{"damage":0.0,"enemies":"Jaw Worm","floor":2.0,"turns":1.0},{"damage":0.0,"enemies":"3 Sentries","floor":6.0,"turns":1.0},{"damage":1.0,"enemies":"Cultist","floor":7.0,"turns":4.0},{"damage":32.0,"enemies":"Gremlin Nob","floor":8.0,"turns":5.0},{"damage":3.0,"enemies":"3 Louse","floor":12.0,"turns":2.0},{"damage":3.0,"enemies":"Lots of Slimes","floor":13.0,"turns":5.0},{"damage":0.0,"enemies":"2 Fungi Beasts","floor":14.0,"turns":3.0},{"damage":17.0,"enemies":"The Guardian","floor":16.0,"turns":9.0},{"damage":6,"enemies":"Shell Parasite","floor":18,"turns":6},{"damage":4,"enemies":"Chosen","floor":19,"turns":6},{"damage":13,"enemies":"Centurion and Healer","floor":20,"turns":8},{"damage":5,"enemies":"Colosseum Slavers","floor":22,"turns":5},{"damage":21,"enemies":"Book of Stabbing","floor":24,"turns":7},{"damage":0,"enemies":"Snecko","floor":28,"turns":5},{"damage":1,"enemies":"Slavers","floor":31,"turns":5},{"damage":34,"enemies":"Automaton","floor":33,"turns":12}],"seed_played":"5813671300095149877","potions_obtained":[{"floor":6.0,"key":"Fire Potion"},{"floor":7.0,"key":"GhostInAJar"},{"floor":8.0,"key":"Poison Potion"},{"floor":12.0,"key":"Ancient Potion"},{"floor":24,"key":"EssenceOfSteel"}],"is_trial":false,"path_per_floor":["M","M","?","$","?","E","M","E","T","R","?","M","M","M","R","B",null,"M","M","M","?","?","R","E","?","T","R","M","T","R","E","R","B"],"character_chosen":"THE_SILENT","items_purchased":["Cloak And Dagger","Well Laid Plans"],"campfire_rested":0,"item_purchase_floors":[4,4],"current_hp_per_floor":[70,70,70,70,70,70,69,38,38,38,38,37,36,38,38,23,70,64,62,51,51,48,48,29,29,29,29,31,31,31,32,32,0],"gold":561,"neow_bonus":"THREE_ENEMY_KILL","is_prod":false,"is_daily":false,"chose_seed":false,"campfire_upgraded":6,"win_rate":0,"timestamp":1546537387,"path_taken":["M","M","?","$","?","E","?","E","T","R","?","M","M","M","R","BOSS","M","?","?","?","?","R","E","?","T","R","M","?","R","E","R","BOSS"],"build_version":"2019-01-02","purchased_purges":0,"victory":false,"max_hp_per_floor":[70,70,70,70,70,70,70,70,70,70,70,70,70,70,70,70,70,70,70,70,70,70,70,70,70,70,70,70,70,70,70,70,70],"card_choices":[{"not_picked":["Slice","Expertise"],"picked":"Poisoned Stab","floor":1.0},{"not_picked":["Distraction","Eviscerate"],"picked":"Backflip","floor":2.0},{"not_picked":["Night Terror","Deadly Poison"],"picked":"Noxious Fumes","floor":6.0},{"not_picked":["Acrobatics","Deadly Poison"],"picked":"Flying Knee","floor":7.0},{"not_picked":["Dagger Throw","Deflect"],"picked":"Endless Agony","floor":8.0},{"not_picked":["Choke","Concentrate"],"picked":"Dash","floor":12.0},{"not_picked":["Choke","Masterful Stab"],"picked":"Bouncing Flask","floor":13.0},{"not_picked":["Outmaneuver","Acrobatics"],"picked":"Tools of the Trade","floor":14.0},{"not_picked":["Bouncing Flask","Dagger Spray+1"],"picked":"Dodge and Roll","floor":18},{"not_picked":["Reflex","Flying Knee"],"picked":"Masterful Stab+1","floor":19},{"not_picked":["Reflex","Expertise+1"],"picked":"Predator","floor":20},{"not_picked":["Envenom","Sucker Punch"],"picked":"Slice","floor":24},{"not_picked":["Dagger Spray","Distraction","Skewer"],"picked":"SKIP","floor":28},{"not_picked":["Quick Slash+1","Heel Hook"],"picked":"Blur+1","floor":31}],"player_experience":1029825,"relics_obtained":[{"floor":6.0,"key":"Blood Vial"},{"floor":8.0,"key":"Bag of Preparation"},{"floor":9.0,"key":"Oddly Smooth Stone"},{"floor":24,"key":"Mummified Hand"},{"floor":24,"key":"Boot"},{"floor":26,"key":"Blue Candle"},{"floor":31,"key":"Potion Belt"},{"floor":31,"key":"Tiny Chest"}],"event_choices":[{"damage_healed":0.0,"max_hp_gain":0.0,"max_hp_loss":0.0,"gold_gain":0.0,"cards_transformed":["Strike_G"],"event_name":"Living Wall","player_choice":"Change","floor":3.0,"gold_loss":0.0,"damage_taken":0.0,"cards_obtained":["Prepared"]},{"damage_healed":0.0,"max_hp_gain":0.0,"max_hp_loss":0.0,"gold_gain":0.0,"event_name":"Upgrade Shrine","player_choice":"Upgraded","floor":5.0,"gold_loss":0.0,"damage_taken":0.0,"cards_upgraded":["Cloak And Dagger"]},{"damage_healed":0.0,"max_hp_gain":0.0,"max_hp_loss":0.0,"gold_gain":0.0,"event_name":"Match and Keep!","player_choice":"2 cards matched","floor":11.0,"gold_loss":0.0,"damage_taken":0.0,"cards_obtained":["Neutralize","Footwork"]},{"damage_healed":0,"gold_gain":0,"player_choice":"Opened","damage_taken":0,"relics_obtained":["Darkstone Periapt"],"max_hp_gain":0,"max_hp_loss":0,"event_name":"The Mausoleum","floor":21,"gold_loss":0},{"damage_healed":0,"gold_gain":0,"player_choice":"Fight","damage_taken":0,"max_hp_gain":0,"max_hp_loss":0,"event_name":"Colosseum","floor":22,"gold_loss":0},{"damage_healed":0,"gold_gain":0,"player_choice":"Fled From Nobs","damage_taken":0,"max_hp_gain":0,"max_hp_loss":0,"event_name":"Colosseum","floor":22,"gold_loss":0},{"damage_healed":0,"gold_gain":99,"player_choice":"Stole From Cult","damage_taken":0,"max_hp_gain":0,"max_hp_loss":0,"event_name":"Nest","floor":25,"gold_loss":0}],"is_beta":true,"boss_relics":[{"not_picked":["Astrolabe","Eternal Feather"],"picked":"Black Star"}],"items_purged_floors":[],"is_endless":false,"potions_floor_spawned":[6,7,8,12,13,14,18,20,22,24],"killed_by":"Automaton","ascension_level":1}