{"gold_per_floor":[110,122,122,46,11,41,54,54,78,110,127,127,152,169,169,270,270,283,283,7,7,457,457],"floor_reached":23,"playtime":837,"items_purged":["Strike_B"],"score":244,"play_id":"32d4deab-fa2f-4367-966e-eae309ab3149","local_time":"20190911084749","is_ascension_mode":true,"campfire_choices":[{"data":"Zap","floor":8,"key":"SMITH"},{"data":"Loop","floor":15,"key":"SMITH"}],"neow_cost":"NONE","seed_source_timestamp":330482561257200,"circlet_count":0,"master_deck":["Strike_B","Strike_B","Defend_B","Defend_B","Defend_B","Defend_B","Zap+1","Dualcast","Barrage","Conserve Battery+1","Capacitor","Go for the Eyes","Self Repair","Stack+1","Beam Cell","Loop+1","Rebound","Electrodynamics","Cold Snap","Ball Lightning","Cold Snap"],"relics":["Cracked Core","NeowsBlessing","Regal Pillow","Centennial Puzzle","Letter Opener","War Paint","Darkstone Periapt","Runic Pyramid","Toolbox"],"potions_floor_usage":[10,13,16,16,16,23],"damage_taken":[{"damage":0,"enemies":"Cultist","floor":1,"turns":1},{"damage":0,"enemies":"Jaw Worm","floor":2,"turns":1},{"damage":0,"enemies":"Lagavulin","floor":6,"turns":1},{"damage":0,"enemies":"Small Slimes","floor":7,"turns":2},{"damage":29,"enemies":"3 Sentries","floor":10,"turns":8},{"damage":3,"enemies":"Exordium Thugs","floor":11,"turns":5},{"damage":39,"enemies":"Gremlin Nob","floor":13,"turns":5},{"damage":0,"enemies":"Looter","floor":14,"turns":4},{"damage":10,"enemies":"The Guardian","floor":16,"turns":12},{"damage":6,"enemies":"Shell Parasite","floor":18,"turns":8},{"damage":33,"enemies":"Gremlin Leader","floor":23,"turns":6}],"seed_played":"1526596654629987100","potions_obtained":[{"floor":2,"key":"LiquidBronze"},{"floor":10,"key":"PowerPotion"},{"floor":11,"key":"EssenceOfSteel"},{"floor":13,"key":"EntropicBrew"},{"floor":14,"key":"Swift Potion"}],"is_trial":false,"path_per_floor":["M","M","?","$","?","E","M","R","T","E","M","?","E","M","R","B",null,"M","?","$","$","?","E"],"character_chosen":"DEFECT","items_purchased":["Capacitor","Toolbox","Cold Snap"],"campfire_rested":0,"item_purchase_floors":[4,20,20],"current_hp_per_floor":[75,75,80,80,80,80,80,80,80,58,62,59,27,34,34,31,80,80,80,80,80,32,0],"gold":457,"neow_bonus":"THREE_ENEMY_KILL","is_prod":false,"is_daily":false,"chose_seed":false,"campfire_upgraded":2,"win_rate":0,"timestamp":1568180869,"path_taken":["M","?","?","$","?","E","?","R","T","E","M","?","E","M","R","BOSS","M","?","?","$","?","E"],"build_version":"2019-09-10","purchased_purges":1,"victory":false,"max_hp_per_floor":[75,75,80,80,80,80,80,80,80,80,80,80,80,80,80,80,80,80,80,80,80,80,80],"card_choices":[{"not_picked":["Coolheaded","Static Discharge"],"picked":"Barrage","floor":1},{"not_picked":["Chaos","Chill"],"picked":"Conserve Battery","floor":2},{"not_picked":["Stack","Tempest"],"picked":"Go for the Eyes","floor":6},{"not_picked":["Redo","Sweeping Beam"],"picked":"Self Repair","floor":7},{"not_picked":["Buffer","Self Repair"],"picked":"Stack","floor":10},{"not_picked":["Go for the Eyes","Aggregate"],"picked":"Beam Cell","floor":11},{"not_picked":["Heatsinks","Steam"],"picked":"Loop","floor":13},{"not_picked":["Go for the Eyes","Redo"],"picked":"Rebound","floor":14},{"not_picked":["Hyperbeam","Thunder Strike"],"picked":"Electrodynamics","floor":16},{"not_picked":["Storm","Barrage"],"picked":"Cold Snap","floor":18}],"player_experience":266968,"relics_obtained":[{"floor":6,"key":"Regal Pillow"},{"floor":9,"key":"Centennial Puzzle"},{"floor":10,"key":"Letter Opener"},{"floor":13,"key":"Darkstone Periapt"}],"event_choices":[{"damage_healed":0,"gold_gain":0,"player_choice":"Donut","damage_taken":0,"max_hp_gain":5,"max_hp_loss":0,"event_name":"Big Fish","floor":3,"gold_loss":0},{"damage_healed":20,"gold_gain":0,"player_choice":"Healed","damage_taken":0,"max_hp_gain":0,"max_hp_loss":0,"event_name":"The Cleric","floor":5,"gold_loss":35},{"damage_healed":0,"gold_gain":0,"player_choice":"Success","damage_taken":3,"relics_obtained":["War Paint"],"max_hp_gain":0,"max_hp_loss":0,"event_name":"Scrap Ooze","floor":12,"gold_loss":0},{"damage_healed":0,"gold_gain":0,"cards_transformed":["Strike_B"],"player_choice":"Transformed","damage_taken":0,"max_hp_gain":0,"max_hp_loss":0,"event_name":"Transmorgrifier","floor":19,"gold_loss":0,"cards_obtained":["Ball Lightning"]},{"damage_healed":0,"gold_gain":450,"player_choice":"GOLD GOLD GOLD GOLD GOLD ","damage_taken":48,"max_hp_gain":0,"max_hp_loss":0,"event_name":"Knowing Skull","floor":22,"potions_obtained":[],"gold_loss":0,"cards_obtained":[]}],"is_beta":true,"boss_relics":[{"not_picked":["Astrolabe","Snecko Eye"],"picked":"Runic Pyramid"}],"items_purged_floors":[20],"is_endless":false,"potions_floor_spawned":[2,10,11,13,14],"killed_by":"Gremlin Leader","ascension_level":1}