{"gold_per_floor":[110,126,137,137,312,312,345,345,399,41,66,85,115,115,115,240,240,254,270,270,85,103,139,139,174,174,174,174,194,194,227,227,350,350,365,365],"floor_reached":36,"playtime":1469,"items_purged":["Strike_G"],"score":702,"play_id":"82fe1768-17a6-4414-bbee-d46bb32339cc","local_time":"20190505072719","is_ascension_mode":true,"campfire_choices":[{"data":"Noxious Fumes","floor":6.0,"key":"SMITH"},{"data":"Dodge and Roll","floor":15.0,"key":"SMITH"},{"data":"Noxious Fumes","floor":24.0,"key":"SMITH"},{"data":"Bouncing Flask","floor":27.0,"key":"SMITH"},{"data":"Survivor","floor":30.0,"key":"SMITH"},{"data":"Poisoned Stab","floor":32.0,"key":"SMITH"}],"neow_cost":"","seed_source_timestamp":0,"circlet_count":0,"master_deck":["Defend_G","Defend_G","Defend_G","Defend_G","Defend_G","Strike_G","Strike_G","Strike_G","Strike_G","Survivor+1","Neutralize","Noxious Fumes+1","Bouncing Flask+1","Noxious Fumes+1","Poisoned Stab+1","Dodge and Roll+1","Flying Knee","Crippling Poison","Doubt","Dagger Spray","Deadly Poison+1","Blade Dance+1","Cloak And Dagger+1","Doppelganger+1","Cloak And Dagger+1","Concentrate+1","Shame","PiercingWail+1","Deadly Poison+1","Caltrops+1","Finisher+1","Malaise+1","strawberrySpire:SpinKick+1"],"special_seed":0,"relics":["Ring of the Snake","Chemical X","strawberrySpire:Treaders","Nunchaku","Ornamental Fan","Toxic Egg 2","Bag of Preparation","Lee\u0027s Waffle","Snake Skull","Bag of Marbles","Meat on the Bone","Golden Idol","Eternal Feather","theJungle:SneckoAutograph","theJungle:Creamberry","Letter Opener","Art of War","Ninja Scroll","Shovel","Molten Egg 2","energizedSpire:SpiderWeb"],"potions_floor_usage":[35],"damage_taken":[{"damage":10.0,"enemies":"Jaw Worm","floor":1.0,"turns":4.0},{"damage":13.0,"enemies":"Small Slimes","floor":2.0,"turns":3.0},{"damage":0.0,"enemies":"2 Louse","floor":3.0,"turns":3.0},{"damage":22.0,"enemies":"Gremlin Nob","floor":7.0,"turns":4.0},{"damage":3.0,"enemies":"3 Sentries","floor":11.0,"turns":6.0},{"damage":21.0,"enemies":"Exordium Wildlife","floor":12.0,"turns":4.0},{"damage":9.0,"enemies":"Lagavulin","floor":13.0,"turns":4.0},{"damage":7.0,"enemies":"Hexaghost","floor":16.0,"turns":6.0},{"damage":19.0,"enemies":"theJungle:GiantWrat","floor":18.0,"turns":4.0},{"damage":0.0,"enemies":"Shell Parasite","floor":19.0,"turns":4.0},{"damage":13.0,"enemies":"theJungle:Lyon","floor":22.0,"turns":3.0},{"damage":3.0,"enemies":"theJungle:2_Phrogs","floor":23.0,"turns":7.0},{"damage":8.0,"enemies":"theJungle:MamaSnecko","floor":25.0,"turns":4.0},{"damage":9.0,"enemies":"Snake Plant","floor":29.0,"turns":4.0},{"damage":0.0,"enemies":"theJungle:2_Phrogs","floor":31.0,"turns":5.0},{"damage":15.0,"enemies":"theJungle:FunGuy","floor":33.0,"turns":8.0},{"damage":9,"enemies":"3 Shapes","floor":35,"turns":3},{"damage":90,"enemies":"2 Orb Walkers","floor":36,"turns":5}],"seed_played":"-5994442340917785918","potions_obtained":[{"floor":11.0,"key":"GamblersBrew"},{"floor":12.0,"key":"EssenceOfSteel"},{"floor":18.0,"key":"Swift Potion"},{"floor":23.0,"key":"Swift Potion"},{"floor":29.0,"key":"Dexterity Potion"},{"floor":33.0,"key":"Poison Potion"},{"floor":35,"key":"Dexterity Potion"}],"is_trial":false,"path_per_floor":["M","M","M","?","?","R","E","T","T","$","E","M","E","?","R","B",null,"M","M","?","?","M","E","R","E","T","R","?","M","R","E","R","B",null,"M","?"],"character_chosen":"THE_SILENT","items_purchased":["Chemical X","Noxious Fumes","Bouncing Flask","strawberrySpire:Treaders","Noxious Fumes","Poisoned Stab","Lee\u0027s Waffle","Snake Skull"],"campfire_rested":0,"item_purchase_floors":[0,0,0,0,0,0,10,10],"current_hp_per_floor":[60,47,47,44,44,44,22,22,22,77,74,53,44,25,25,30,77,58,58,58,58,45,42,57,49,49,67,31,34,52,52,70,55,77,68,0],"gold":365,"neow_bonus":"","is_prod":false,"is_daily":false,"chose_seed":false,"campfire_upgraded":6,"win_rate":0,"timestamp":1557030439,"path_taken":["M","M","M","?","?","R","E","?","T","$","E","M","E","?","R","BOSS","M","M","?","?","M","E","R","E","T","R","?","M","R","E","R","BOSS","M","?"],"build_version":"2019-01-23","purchased_purges":1,"victory":false,"max_hp_per_floor":[70,70,70,70,70,70,70,70,70,77,77,77,77,77,77,77,77,77,77,77,77,77,77,77,77,77,77,77,77,77,77,77,77,77,77,77],"card_choices":[{"not_picked":["strawberrySpire:Slide","Dagger Throw"],"picked":"Dodge and Roll","floor":1.0},{"not_picked":["Bane","strawberrySpire:Pant"],"picked":"Flying Knee","floor":2.0},{"not_picked":["strawberrySpire:Fastroyer","Slice"],"picked":"Crippling Poison","floor":3.0},{"not_picked":["Doppelganger","Underhanded Strike"],"picked":"Dagger Spray","floor":7.0},{"not_picked":["Flechettes","Bouncing Flask+1"],"picked":"Deadly Poison+1","floor":11.0},{"not_picked":["Poisoned Stab","strawberrySpire:DeltaFlow+1"],"picked":"Blade Dance+1","floor":12.0},{"not_picked":["Noxious Fumes","Poisoned Stab"],"picked":"Cloak And Dagger+1","floor":13.0},{"not_picked":["Glass Knife","Envenom"],"picked":"Doppelganger+1","floor":16.0},{"not_picked":["strawberrySpire:Plunge+1","Underhanded Strike"],"picked":"Cloak And Dagger+1","floor":18.0},{"not_picked":["Riddle With Holes","Bane"],"picked":"Concentrate+1","floor":19.0},{"not_picked":["Reflex+1","Dagger Throw"],"picked":"PiercingWail+1","floor":22.0},{"not_picked":["strawberrySpire:SpinKick","Crippling Poison+1"],"picked":"Deadly Poison+1","floor":23.0},{"not_picked":["strawberrySpire:Swampstar+1","strawberrySpire:SideSwipe"],"picked":"Caltrops+1","floor":25.0},{"not_picked":["strawberrySpire:Rummage+1","Dagger Spray+1","Riddle With Holes+1"],"picked":"SKIP","floor":29.0},{"not_picked":["Tools of the Trade+1","Dagger Spray"],"picked":"Finisher+1","floor":31.0},{"not_picked":["Doppelganger+1","Glass Knife+1"],"picked":"Malaise+1","floor":33.0},{"not_picked":["Dagger Throw+1","Endless Agony+1"],"picked":"strawberrySpire:SpinKick+1","floor":35}],"player_experience":130883,"relics_obtained":[{"floor":7.0,"key":"Ornamental Fan"},{"floor":8.0,"key":"Toxic Egg 2"},{"floor":9.0,"key":"Bag of Preparation"},{"floor":11.0,"key":"Bag of Marbles"},{"floor":13.0,"key":"Meat on the Bone"},{"floor":23.0,"key":"Letter Opener"},{"floor":25.0,"key":"Art of War"},{"floor":26.0,"key":"Ninja Scroll"},{"floor":31.0,"key":"Molten Egg 2"}],"event_choices":[{"damage_healed":0.0,"max_hp_gain":0.0,"max_hp_loss":0.0,"gold_gain":0.0,"event_name":"Scrap Ooze","player_choice":"Success","floor":4.0,"gold_loss":0.0,"damage_taken":3.0,"relics_obtained":["Nunchaku"]},{"damage_healed":0.0,"max_hp_gain":0.0,"max_hp_loss":0.0,"gold_gain":175.0,"event_name":"Liars Game","player_choice":"AGREE","floor":5.0,"gold_loss":0.0,"damage_taken":0.0,"cards_obtained":["Doubt"]},{"damage_healed":0.0,"max_hp_gain":0.0,"max_hp_loss":0.0,"gold_gain":0.0,"event_name":"Golden Idol","player_choice":"Take Damage","floor":14.0,"gold_loss":0.0,"damage_taken":19.0,"relics_obtained":["Golden Idol"]},{"damage_healed":0,"gold_gain":0,"player_choice":"Fight","damage_taken":0,"max_hp_gain":0,"max_hp_loss":0,"event_name":"Mysterious Sphere","floor":36,"gold_loss":0}],"is_beta":false,"boss_relics":[{"not_picked":["Coffee Dripper","Calling Bell"],"picked":"Eternal Feather"},{"not_picked":["energizedSpire:RedRose","Velvet Choker"],"picked":"energizedSpire:SpiderWeb"}],"items_purged_floors":[0],"is_endless":false,"potions_floor_spawned":[11,12,18,23,29,33,35],"killed_by":"2 Orb Walkers","ascension_level":2}