{"gold_per_floor":[117,137,137,155,170,170,49,74,74,74,86,86,106,139,139,237,237,251,251,176,176,196,208,208,224,251,161,61,61,74,85,85,185,185,204,216,216,230,80,106,106,54,77,77,77,29,29,29,29,29],"floor_reached":51,"playtime":1887,"items_purged":["Strike_R","Defend_R"],"score":760,"play_id":"49b70f93-aa6d-4436-b5d9-f2d2cace93b0","local_time":"20190826233418","is_ascension_mode":false,"campfire_choices":[{"data":"Clothesline","floor":6.0,"key":"SMITH"},{"data":"Feed","floor":10.0,"key":"SMITH"},{"data":"Bash","floor":12.0,"key":"SMITH"},{"data":"Flame Barrier","floor":15.0,"key":"SMITH"},{"data":"Demon Form","floor":24.0,"key":"SMITH"},{"data":"Twin Strike","floor":29.0,"key":"SMITH"},{"data":"Heavy Blade","floor":32.0,"key":"SMITH"},{"data":"1","floor":41,"key":"LIFT"},{"data":"2","floor":45,"key":"LIFT"},{"data":"3","floor":47,"key":"LIFT"},{"data":"Double Tap","floor":49,"key":"SMITH"}],"neow_cost":"NONE","seed_source_timestamp":0,"circlet_count":0,"master_deck":["Strike_R","Defend_R","Defend_R","Defend_R","Bash+1","Heavy Blade","Clothesline+1","Cleave","Twin Strike+1","Thunderclap","Feed+1","Flame Barrier+1","Demon Form+1","Thunderclap","Heavy Blade+1","Sword Boomerang+1","Pommel Strike+1","Double Tap+1","Pommel Strike+1","Magnetism"],"special_seed":0,"relics":["Burning Blood","NeowsBlessing","Blue Candle","Champion Belt","Ginger","Mark of Pain","PreservedInsect","Coffee Dripper","Juzu Bracelet","Girya","Bag of Marbles","Pear"],"potions_floor_usage":[50,50,50],"damage_taken":[{"damage":0.0,"enemies":"Jaw Worm","floor":1.0,"turns":1.0},{"damage":0.0,"enemies":"Cultist","floor":2.0,"turns":1.0},{"damage":0.0,"enemies":"2 Louse","floor":4.0,"turns":1.0},{"damage":10.0,"enemies":"Large Slime","floor":5.0,"turns":8.0},{"damage":39.0,"enemies":"3 Sentries","floor":8.0,"turns":7.0},{"damage":11.0,"enemies":"Lots of Slimes","floor":11.0,"turns":3.0},{"damage":9.0,"enemies":"2 Fungi Beasts","floor":13.0,"turns":3.0},{"damage":0.0,"enemies":"Gremlin Nob","floor":14.0,"turns":2.0},{"damage":59.0,"enemies":"Hexaghost","floor":16.0,"turns":15.0},{"damage":0.0,"enemies":"3 Byrds","floor":18.0,"turns":6.0},{"damage":12.0,"enemies":"Spheric Guardian","floor":22.0,"turns":5.0},{"damage":20.0,"enemies":"Snake Plant","floor":23.0,"turns":5.0},{"damage":15.0,"enemies":"Snecko","floor":25.0,"turns":4.0},{"damage":8.0,"enemies":"Centurion and Healer","floor":30.0,"turns":4.0},{"damage":5.0,"enemies":"Cultist and Chosen","floor":31.0,"turns":4.0},{"damage":78.0,"enemies":"Automaton","floor":33.0,"turns":9.0},{"damage":29.0,"enemies":"3 Darklings","floor":35.0,"turns":6.0},{"damage":9.0,"enemies":"Orb Walker","floor":36.0,"turns":4.0},{"damage":7.0,"enemies":"Jaw Worm Horde","floor":38.0,"turns":4.0},{"damage":21,"enemies":"Giant Head","floor":40,"turns":5},{"damage":41,"enemies":"Time Eater","floor":50,"turns":5}],"seed_played":"-6792303257423082099","potions_obtained":[{"floor":1.0,"key":"EssenceOfSteel"},{"floor":3.0,"key":"SteroidPotion"},{"floor":3.0,"key":"LiquidBronze"},{"floor":3.0,"key":"FairyPotion"},{"floor":11.0,"key":"Regen Potion"},{"floor":23.0,"key":"Fruit Juice"},{"floor":30.0,"key":"FearPotion"},{"floor":35.0,"key":"FearPotion"},{"floor":40,"key":"BloodPotion"}],"is_trial":false,"path_per_floor":["M","M","?","M","M","R","$","E","T","R","M","R","M","E","R","B",null,"M","?","?","?","M","M","R","M","T","?","$","R","M","M","R","B",null,"M","M","?","M","$","E","R","$","T","?","R","$","R","?","R","B",null],"character_chosen":"IRONCLAD","items_purchased":["Thunderclap","Juzu Bracelet","PowerPotion","Strength Potion"],"campfire_rested":0,"item_purchase_floors":[7,39,42,46],"current_hp_per_floor":[80,80,80,80,76,76,76,43,43,43,42,42,43,53,53,15,92,96,96,96,96,94,89,89,80,80,80,80,80,82,87,87,15,117,98,95,95,98,98,83,83,83,83,83,83,83,83,93,93,90],"gold":29,"neow_bonus":"THREE_ENEMY_KILL","is_prod":false,"is_daily":false,"chose_seed":false,"campfire_upgraded":8,"win_rate":0,"timestamp":1566884058,"path_taken":["M","M","?","?","M","R","$","E","T","R","M","R","M","E","R","BOSS","M","?","?","?","?","M","R","M","T","?","$","R","M","M","R","BOSS","M","M","?","M","$","E","R","$","T","?","R","?","R","?","R","BOSS"],"build_version":"2019-07-17","purchased_purges":2,"victory":true,"max_hp_per_floor":[80,80,80,80,80,80,80,80,80,80,84,84,88,92,92,92,92,96,96,96,96,100,109,109,109,109,109,109,109,113,117,117,117,117,121,121,115,119,119,119,119,119,119,119,119,119,119,129,129,129],"card_choices":[{"not_picked":["Blood for Blood","True Grit"],"picked":"Heavy Blade","floor":1.0},{"not_picked":["Power Through","Pommel Strike"],"picked":"Clothesline","floor":2.0},{"not_picked":["Shrug It Off","Anger"],"picked":"Cleave","floor":4.0},{"not_picked":["Warcry","Anger"],"picked":"Twin Strike","floor":5.0},{"not_picked":["Warcry","Wild Strike"],"picked":"Feed","floor":8.0},{"not_picked":["True Grit","Wild Strike","Entrench"],"picked":"SKIP","floor":11.0},{"not_picked":["Iron Wave","Armaments","Carnage"],"picked":"SKIP","floor":13.0},{"not_picked":["Pummel","Brutality"],"picked":"Flame Barrier","floor":14.0},{"not_picked":["Offering","Fiend Fire"],"picked":"Demon Form","floor":16.0},{"not_picked":["Body Slam","Second Wind","Thunderclap"],"picked":"SKIP","floor":18.0},{"not_picked":["Body Slam","Second Wind"],"picked":"Thunderclap","floor":18.0},{"not_picked":["Shrug It Off","Havoc"],"picked":"Heavy Blade","floor":22.0},{"not_picked":["Hemokinesis","Evolve"],"picked":"Sword Boomerang","floor":23.0},{"not_picked":["Juggernaut","Iron Wave"],"picked":"Pommel Strike+1","floor":25.0},{"not_picked":["Armaments","Body Slam+1","Entrench+1"],"picked":"SKIP","floor":30.0},{"not_picked":["Cleave","Armaments","Seeing Red"],"picked":"SKIP","floor":31.0},{"not_picked":["Berserk","Barricade"],"picked":"Double Tap","floor":33.0},{"not_picked":["Anger","Bloodletting"],"picked":"Clash+1","floor":35.0},{"not_picked":["Flex","Iron Wave"],"picked":"Pommel Strike+1","floor":36.0},{"not_picked":["Perfected Strike","Bloodletting+1","Blood for Blood+1"],"picked":"SKIP","floor":38.0},{"not_picked":["Rage","Body Slam","Flame Barrier"],"picked":"SKIP","floor":40},{"not_picked":["Mayhem","Deep Breath"],"picked":"Magnetism","floor":44}],"player_experience":1688499,"relics_obtained":[{"floor":8.0,"key":"Blue Candle"},{"floor":9.0,"key":"Champion Belt"},{"floor":14.0,"key":"Ginger"},{"floor":26.0,"key":"PreservedInsect"},{"floor":40,"key":"Girya"},{"floor":43,"key":"Bag of Marbles"}],"event_choices":[{"damage_healed":0.0,"max_hp_gain":0.0,"max_hp_loss":0.0,"gold_gain":0.0,"event_name":"Lab","player_choice":"Got Potions","floor":3.0,"gold_loss":0.0,"damage_taken":0.0},{"damage_healed":0.0,"max_hp_gain":0.0,"max_hp_loss":0.0,"gold_gain":0.0,"event_name":"Ghosts","player_choice":"Ignored","floor":19.0,"gold_loss":0.0,"damage_taken":0.0},{"cards_removed":["Strike_R"],"damage_healed":0.0,"max_hp_gain":0.0,"max_hp_loss":0.0,"gold_gain":0.0,"event_name":"Beggar","player_choice":"Gave Gold","floor":20.0,"gold_loss":75.0,"damage_taken":0.0},{"cards_removed":["Strike_R"],"damage_healed":0.0,"max_hp_gain":0.0,"max_hp_loss":0.0,"gold_gain":0.0,"event_name":"Purifier","player_choice":"Purged","floor":21.0,"gold_loss":0.0,"damage_taken":0.0},{"cards_removed":["Strike_R"],"damage_healed":0.0,"max_hp_gain":0.0,"max_hp_loss":0.0,"gold_gain":0.0,"event_name":"Designer","player_choice":"Upgrade and Remove","floor":27.0,"gold_loss":90.0,"damage_taken":0.0,"cards_upgraded":["Sword Boomerang"]},{"damage_healed":0.0,"max_hp_gain":0.0,"max_hp_loss":6.0,"gold_gain":0.0,"event_name":"Winding Halls","player_choice":"Max HP","floor":37.0,"gold_loss":0.0,"damage_taken":0.0},{"damage_healed":0,"gold_gain":0,"player_choice":"Memory 1","damage_taken":0,"max_hp_gain":0,"max_hp_loss":0,"event_name":"SensoryStone","floor":44,"gold_loss":0},{"cards_removed":["Clash"],"damage_healed":0,"gold_gain":0,"player_choice":"Gave Card","damage_taken":0,"relics_obtained":["Pear"],"max_hp_gain":0,"max_hp_loss":0,"event_name":"WeMeetAgain","floor":48,"gold_loss":0}],"is_beta":false,"boss_relics":[{"not_picked":["Fusion Hammer","Tiny House"],"picked":"Mark of Pain"},{"not_picked":["Busted Crown","Pandora\u0027s Box"],"picked":"Coffee Dripper"}],"items_purged_floors":[7,28],"is_endless":false,"potions_floor_spawned":[1,4,11,13,23,30,35,40],"ascension_level":0}