{"gold_per_floor":[115,134,146,165,240,274,274,274,274,274,302,317,43,61,61,164,164,178,178,178,51,63,113,130,155,180,210,0,0],"floor_reached":29,"playtime":1433,"items_purged":["Strike_B"],"score":465,"play_id":"a2245d00-b153-4df8-80ec-f01ad4f96714","local_time":"20190307224713","is_ascension_mode":true,"campfire_choices":[{"data":"Defragment","floor":8,"key":"SMITH"},{"data":"Self Repair","floor":15,"key":"SMITH"}],"neow_cost":"","seed_source_timestamp":431362214187040,"circlet_count":0,"master_deck":["Strike_B","Strike_B+1","Strike_B+1","Defend_B","Defend_B","Defend_B","Defend_B","Zap","Dualcast","Defragment+1","Finesse+1","Capacitor","Coolheaded","Madness+1","Beam Cell","Self Repair+1","Loop","Cold Snap","Gash","Force Field","Capacitor+1","Cold Snap","Magnetism+1","Defragment+1","Go for the Eyes","strawberrySpire:Ronchyble+1","Redo+1","Blizzard","Hologram","Cold Snap","Consume+1","Seek"],"relics":["Cracked Core","Kunai","Cables","Bottled Lightning","strawberrySpire:TinySteamboat","Frozen Egg 2","strawberrySpire:SolarisEssence","Nilry\u0027s Codex","Whetstone","Dream Catcher","strawberrySpire:ShipInABottle"],"potions_floor_usage":[4,6,11,14,18,18,23,23,23,25],"damage_taken":[{"damage":1,"enemies":"Jaw Worm","floor":1,"turns":3},{"damage":0,"enemies":"Small Slimes","floor":2,"turns":3},{"damage":6,"enemies":"2 Louse","floor":3,"turns":2},{"damage":16,"enemies":"Exordium Thugs","floor":4,"turns":5},{"damage":13,"enemies":"3 Sentries","floor":6,"turns":5},{"damage":17,"enemies":"strawberrySpire:EnergyPylons","floor":11,"turns":6},{"damage":4,"enemies":"Exordium Wildlife","floor":12,"turns":3},{"damage":8,"enemies":"3 Louse","floor":14,"turns":3},{"damage":0,"enemies":"Slime Boss","floor":16,"turns":8},{"damage":13,"enemies":"3 Byrds","floor":18,"turns":5},{"damage":14,"enemies":"Spheric Guardian","floor":22,"turns":4},{"damage":27,"enemies":"Slavers","floor":23,"turns":5},{"damage":10,"enemies":"Centurion and Healer","floor":24,"turns":5},{"damage":36,"enemies":"Gremlin Leader","floor":25,"turns":8},{"damage":11,"enemies":"strawberrySpire:AncientClocktower","floor":27,"turns":8},{"damage":17,"enemies":"Snake Plant","floor":29,"turns":1}],"seed_played":"-9197496884469333374","potions_obtained":[{"floor":3,"key":"SkillPotion"},{"floor":6,"key":"LiquidBronze"},{"floor":12,"key":"EntropicBrew"},{"floor":18,"key":"GamblersBrew"},{"floor":23,"key":"Strength Potion"}],"is_trial":false,"path_per_floor":["M","M","M","M","?","E","?","R","T","?","E","M","$","M","R","B",null,"M","?","?","$","M","E","M","E","T","E","?","M"],"character_chosen":"DEFECT","items_purchased":["Kunai","Cables","Defragment","Finesse","Capacitor","Coolheaded","Madness","FocusPotion","Beam Cell","Magnetism+1","Defragment+1","Energy Potion"],"campfire_rested":0,"item_purchase_floors":[0,0,0,0,0,0,0,0,0,13,13,21],"current_hp_per_floor":[74,75,69,60,49,43,28,28,28,33,23,26,26,25,25,35,80,77,77,61,61,57,40,40,14,14,13,13,0],"gold":0,"neow_bonus":"","is_prod":false,"is_daily":false,"chose_seed":false,"campfire_upgraded":2,"win_rate":0,"timestamp":1551988033,"path_taken":["M","M","M","M","?","E","?","R","T","?","E","M","$","M","R","BOSS","M","?","?","?","M","E","M","E","T","E","?","M"],"build_version":"2019-02-06","purchased_purges":1,"victory":false,"max_hp_per_floor":[75,75,75,75,75,75,75,75,75,80,80,80,80,80,80,80,80,80,80,80,80,80,80,80,80,80,80,80,80],"card_choices":[{"not_picked":["Stack","Static Discharge"],"picked":"Self Repair","floor":1},{"not_picked":["Beam Cell","Turbo"],"picked":"Loop","floor":2},{"not_picked":["strawberrySpire:Package","strawberrySpire:Adapter"],"picked":"Cold Snap","floor":3},{"not_picked":["Barrage","strawberrySpire:ReturnNull"],"picked":"Gash","floor":4},{"not_picked":["Compile Driver","Hello World"],"picked":"Force Field","floor":6},{"not_picked":["Tempest","Scrape"],"picked":"Capacitor","floor":11},{"not_picked":["Beam Cell","Go for the Eyes"],"picked":"Cold Snap","floor":12},{"not_picked":["strawberrySpire:BreederCore","Barrage"],"picked":"Go for the Eyes","floor":14},{"not_picked":["Seek","Core Surge"],"picked":"strawberrySpire:Ronchyble+1","floor":16},{"not_picked":["strawberrySpire:Disconnect","Gash"],"picked":"Redo+1","floor":18},{"not_picked":["Chaos","strawberrySpire:NeonFlight+1"],"picked":"Blizzard","floor":22},{"not_picked":["Genetic Algorithm+1","Darkness"],"picked":"Hologram","floor":23},{"not_picked":["Barrage","strawberrySpire:NeonFlight"],"picked":"Cold Snap","floor":24},{"not_picked":["Ball Lightning","Redo"],"picked":"Consume+1","floor":25},{"not_picked":["Sweeping Beam","Barrage"],"picked":"Seek","floor":27}],"player_experience":1182315,"relics_obtained":[{"floor":6,"key":"Bottled Lightning"},{"floor":9,"key":"strawberrySpire:TinySteamboat"},{"floor":11,"key":"Frozen Egg 2"},{"floor":20,"key":"Nilry\u0027s Codex"},{"floor":23,"key":"Whetstone"},{"floor":25,"key":"Dream Catcher"},{"floor":27,"key":"strawberrySpire:ShipInABottle"}],"event_choices":[{"damage_healed":0,"gold_gain":75,"player_choice":"Gather Gold","damage_taken":11,"max_hp_gain":0,"max_hp_loss":0,"event_name":"World of Goop","floor":5,"gold_loss":0},{"damage_healed":0,"gold_gain":0,"player_choice":"Entered Light","damage_taken":15,"max_hp_gain":0,"max_hp_loss":0,"event_name":"Shining Light","floor":7,"gold_loss":0,"cards_upgraded":["Madness","Finesse"]},{"damage_healed":0,"gold_gain":0,"player_choice":"Donut","damage_taken":0,"max_hp_gain":5,"max_hp_loss":0,"event_name":"Big Fish","floor":10,"gold_loss":0},{"damage_healed":0,"gold_gain":0,"player_choice":"Ignored","damage_taken":0,"max_hp_gain":0,"max_hp_loss":0,"event_name":"Ghosts","floor":19,"gold_loss":0},{"damage_healed":0,"gold_gain":0,"player_choice":"Obtained Book","damage_taken":16,"max_hp_gain":0,"max_hp_loss":0,"event_name":"Cursed Tome","floor":20,"gold_loss":0},{"damage_healed":0,"gold_gain":0,"player_choice":"Paid Fearfully","damage_taken":0,"max_hp_gain":0,"max_hp_loss":0,"event_name":"Masked Bandits","floor":28,"gold_loss":210}],"is_beta":true,"boss_relics":[{"not_picked":["Runic Dome","Calling Bell"],"picked":"strawberrySpire:SolarisEssence"}],"items_purged_floors":[21],"is_endless":false,"potions_floor_spawned":[3,6,12,14,18,23],"killed_by":"Snake Plant","ascension_level":1}