{"gold_per_floor":[111,61,38,38,51,51,65,104,175,191,211,234,234,9,9,133,133,156,180,105,230,230],"floor_reached":22,"playtime":1579,"items_purged":[],"score":236,"play_id":"05ad1738-a459-4d7b-8830-6bc4f4a79e34","local_time":"20181011231328","is_ascension_mode":false,"campfire_choices":[{"data":"Zap","floor":6,"key":"SMITH"},{"floor":13,"key":"REST"},{"floor":15,"key":"REST"}],"neow_cost":"CURSE","seed_source_timestamp":1570168396388761,"circlet_count":0,"master_deck":["Strike_B","Strike_B","Strike_B","Strike_B","Defend_B","Defend_B","Defend_B","Zap+1","Dualcast","Seek","Rebound","Steam","Hologram","Steam Power","Echo Form","Cold Snap","Leap","Go for the Eyes","Steam","Echo Form","Gash","Undo+1","Gash"],"relics":["Cracked Core","Golden Idol","Vajra","Kunai","Anchor","Snecko Eye","Peace Pipe","Shuriken"],"potions_floor_usage":[10,16,16,21,21,21,22],"damage_taken":[{"damage":4,"enemies":"Cultist","floor":1,"turns":3},{"damage":3,"enemies":"Small Slimes","floor":5,"turns":3},{"damage":3,"enemies":"Jaw Worm","floor":7,"turns":3},{"damage":26,"enemies":"3 Sentries","floor":8,"turns":9},{"damage":10,"enemies":"Exordium Thugs","floor":10,"turns":4},{"damage":0,"enemies":"Looter","floor":11,"turns":3},{"damage":0,"enemies":"Large Slime","floor":12,"turns":4},{"damage":0,"enemies":"Slime Boss","floor":16,"turns":6},{"damage":10,"enemies":"Shell Parasite","floor":18,"turns":5},{"damage":0,"enemies":"3 Byrds","floor":19,"turns":4},{"damage":39,"enemies":"Colosseum Slavers","floor":21,"turns":5},{"damage":21,"enemies":"Colosseum Nobs","floor":21,"turns":5},{"damage":6,"enemies":"Snake Plant","floor":22,"turns":4}],"seed_played":"-8993311601179483829","potions_obtained":[{"floor":5,"key":"Fire Potion"},{"floor":8,"key":"LiquidBronze"},{"floor":11,"key":"Fire Potion"},{"floor":16,"key":"PowerPotion"},{"floor":19,"key":"Block Potion"},{"floor":21,"key":"SpeedPotion"}],"is_trial":false,"path_per_floor":["M","?","$","?","M","R","M","E","T","M","M","M","R","$","R","B",null,"M","M","?","?"],"character_chosen":"DEFECT","items_purchased":["Steam","Anchor","Steam","Dexterity Potion"],"campfire_rested":2,"item_purchase_floors":[3,14,14,14],"current_hp_per_floor":[71,71,71,53,50,50,47,21,21,11,11,11,33,33,55,55,75,65,65,65,5,0],"gold":230,"neow_bonus":"THREE_RARE_CARDS","is_prod":false,"is_daily":false,"chose_seed":false,"campfire_upgraded":1,"win_rate":0,"timestamp":1539288808,"path_taken":["M","?","?","?","M","R","?","E","T","M","M","?","R","$","R","BOSS","M","M","?","?","M"],"build_version":"2018-10-10","purchased_purges":0,"victory":false,"max_hp_per_floor":[75,75,75,75,75,75,75,75,75,75,75,75,75,75,75,75,75,75,75,75,75,75],"card_choices":[{"not_picked":["Multi-Cast","Meteor Strike"],"picked":"Seek","floor":0},{"not_picked":["Coolheaded","Double Energy"],"picked":"Rebound","floor":1},{"not_picked":["Stack","Compile Driver"],"picked":"Hologram","floor":5},{"not_picked":["Chaos","Coolheaded"],"picked":"Steam Power","floor":7},{"not_picked":["Rebound","Capacitor"],"picked":"Echo Form","floor":8},{"not_picked":["Barrage","Heatsinks"],"picked":"Cold Snap","floor":10},{"not_picked":["Redo","Skim"],"picked":"Leap","floor":11},{"not_picked":["Compile Driver","Capacitor"],"picked":"Go for the Eyes","floor":12},{"not_picked":["Core Surge","Buffer"],"picked":"Echo Form","floor":16},{"not_picked":["Sweeping Beam","Melter"],"picked":"Gash","floor":18},{"not_picked":["Heatsinks+1","Genetic Algorithm"],"picked":"Undo+1","floor":19},{"not_picked":["Compile Driver","Undo+1"],"picked":"Gash","floor":21}],"player_experience":769499,"relics_obtained":[{"floor":8,"key":"Vajra"},{"floor":9,"key":"Kunai"},{"floor":21,"key":"Peace Pipe"},{"floor":21,"key":"Shuriken"}],"event_choices":[{"event_name":"The Cleric","player_choice":"Card Removal","floor":2,"damage_taken":0},{"event_name":"Golden Idol","player_choice":"Take Damage","floor":4,"damage_taken":0},{"event_name":"Beggar","player_choice":"Gave Gold","floor":20,"damage_taken":0},{"event_name":"Colosseum","player_choice":"Fight","floor":21,"damage_taken":0},{"event_name":"Colosseum","player_choice":"Fought Nobs","floor":21,"damage_taken":0}],"is_beta":true,"boss_relics":[{"not_picked":["Velvet Choker","Runic Pyramid"],"picked":"Snecko Eye"}],"items_purged_floors":[],"is_endless":false,"potions_floor_spawned":[5,8,11,16,19,21],"killed_by":"Snake Plant","ascension_level":0}