{"gold_per_floor":[115,125,145,158,108,108,137,137,137,162,162,175,192,192,192,297,297,308,308,133,159,174,174,187,187,187,199,229,152,179,191,191,288,288,308,360,360,14,26,26,60,71,71,71,4,14,14,40,40,40],"floor_reached":51,"playtime":2399,"items_purged":[],"score":1019,"play_id":"b387b53d-1721-4165-addf-1425bd289423","local_time":"20190211005800","is_ascension_mode":true,"campfire_choices":[{"data":"Hologram","floor":6,"key":"SMITH"},{"data":"Zap","floor":8,"key":"SMITH"},{"data":"Redo","floor":11,"key":"SMITH"},{"data":"Defragment","floor":15,"key":"SMITH"},{"data":"strawberrySpire:Ronchyble","floor":23,"key":"SMITH"},{"data":"Blizzard","floor":25,"key":"SMITH"},{"data":"White Noise","floor":32,"key":"SMITH"},{"floor":40,"key":"REST"},{"data":"Jack Of All Trades","floor":44,"key":"SMITH"},{"data":"Capacitor","floor":49,"key":"SMITH"}],"neow_cost":"NONE","seed_source_timestamp":1224821794681128,"circlet_count":0,"master_deck":["Strike_B","Strike_B","Defend_B","Defend_B","Defend_B+1","Defend_B","Zap+1","Dualcast","Redo+1","Glacier","Hologram+1","Go for the Eyes","Electrodynamics","Turbo","Ball Lightning","Defragment+1","strawberrySpire:Ronchyble+1","Ball Lightning","Shame","Blizzard+1","Capacitor+1","White Noise+1","Leap","strawberrySpire:Adapter+1","Cold Snap+1","Buffer","strawberrySpire:Disconnect","strawberrySpire:Adapter+1","Defragment+1","Defragment+1","Strike_B","Strike_B","Strike_B","Strike_B","Defend_B","Defend_B","Defend_B","Defend_B","Defend_B","Defend_B","Defend_B","Defend_B","Zap+1","Zap+1","Dualcast","Dualcast","Redo+1","Redo+1","Glacier","Glacier","Hologram+1","Hologram+1","Go for the Eyes","Go for the Eyes","Electrodynamics","Electrodynamics","Turbo","Turbo","Ball Lightning","Ball Lightning","Defragment+1","Defragment+1","strawberrySpire:Ronchyble+1","strawberrySpire:Ronchyble+1","Ball Lightning","Ball Lightning","Shame","Shame","Blizzard+1","Blizzard+1","Capacitor","Capacitor","White Noise+1","White Noise+1","Leap","Leap+1","strawberrySpire:Adapter+1","strawberrySpire:Adapter+1","Cold Snap+1","Cold Snap+1","Buffer","Buffer","strawberrySpire:Disconnect","strawberrySpire:Disconnect","strawberrySpire:Adapter+1","strawberrySpire:Adapter+1","Defragment+1","Defragment+1","Defragment+1","Defragment+1","Jack Of All Trades+1","Stack+1","Leap","Defragment+1","strawberrySpire:DataDump+1","strawberrySpire:Compressor","Force Field+1","strawberrySpire:BlasterWyrm+1"],"relics":["Cracked Core","Torii","Pantograph","Dream Catcher","strawberrySpire:SolarisEssence","theJungle:SneckoAutograph","theJungle:ShellPeas","strawberrySpire:PoopsieRoll","Juzu Bracelet","PreservedInsect","Boot","energizedSpire:RedRose","strawberrySpire:ThornyGelberry","strawberrySpire:AztechBall","War Paint","Anchor","Singing Bowl"],"potions_floor_usage":[16,16,27,27,30,31,33,33,39,50],"damage_taken":[{"damage":1,"enemies":"Jaw Worm","floor":1,"turns":4},{"damage":10,"enemies":"Small Slimes","floor":2,"turns":3},{"damage":1,"enemies":"2 Louse","floor":3,"turns":2},{"damage":1,"enemies":"Large Slime","floor":4,"turns":8},{"damage":42,"enemies":"Gremlin Nob","floor":7,"turns":5},{"damage":8,"enemies":"3 Sentries","floor":10,"turns":3},{"damage":0,"enemies":"Blue Slaver","floor":12,"turns":2},{"damage":1,"enemies":"Red Slaver","floor":13,"turns":3},{"damage":0,"enemies":"Hexaghost","floor":16,"turns":7},{"damage":3,"enemies":"theJungle:MUSHROOMGANG","floor":18,"turns":4},{"damage":0,"enemies":"theJungle:Flameango_and_Byrd","floor":22,"turns":3},{"damage":18,"enemies":"theJungle:Snecko_Cultist_And_Trap","floor":24,"turns":5},{"damage":13,"enemies":"Snake Plant","floor":27,"turns":3},{"damage":1,"enemies":"theJungle:2_Phrogs","floor":28,"turns":5},{"damage":26,"enemies":"theJungle:Cassacara","floor":30,"turns":4},{"damage":1,"enemies":"theJungle:Lyon","floor":31,"turns":4},{"damage":6,"enemies":"theJungle:FunGuy","floor":33,"turns":9},{"damage":16,"enemies":"3 Shapes","floor":35,"turns":4},{"damage":16,"enemies":"2 Orb Walkers","floor":36,"turns":4},{"damage":0,"enemies":"Orb Walker","floor":39,"turns":3},{"damage":5,"enemies":"Nemesis","floor":41,"turns":5},{"damage":1,"enemies":"Sphere and 2 Shapes","floor":42,"turns":3},{"damage":14,"enemies":"Spire Growth","floor":46,"turns":3},{"damage":0,"enemies":"strawberrySpire:EssenceStones","floor":48,"turns":2},{"damage":2,"enemies":"Awakened One","floor":50,"turns":16}],"seed_played":"-543959734085113073","potions_obtained":[{"floor":10,"key":"FocusPotion"},{"floor":12,"key":"Swift Potion"},{"floor":13,"key":"AttackPotion"},{"floor":16,"key":"EssenceOfSteel"},{"floor":18,"key":"Weak Potion"},{"floor":28,"key":"Regen Potion"},{"floor":31,"key":"Dexterity Potion"},{"floor":35,"key":"SpeedPotion"},{"floor":36,"key":"AttackPotion"},{"floor":46,"key":"SpeedPotion"}],"is_trial":false,"path_per_floor":["M","M","M","M","?","R","E","R","T","E","R","M","M","?","R","B",null,"M","?","?","T","M","R","M","R","T","M","E","$","E","M","R","B",null,"M","?","?","$","M","R","E","M","T","R","$","M","$","E","R","B",null],"character_chosen":"DEFECT","items_purchased":["Leap","PowerPotion","strawberrySpire:AztechBall","Jack Of All Trades","Block Potion","strawberrySpire:Compressor"],"campfire_rested":1,"item_purchase_floors":[29,29,38,38,38,45],"current_hp_per_floor":[81,71,70,69,69,69,27,27,27,19,19,19,18,11,11,36,82,79,79,79,79,79,79,61,61,61,48,47,47,21,20,20,54,82,66,50,22,22,22,46,41,40,40,40,40,26,26,26,26,49],"gold":40,"neow_bonus":"TEN_PERCENT_HP_BONUS","is_prod":false,"is_daily":false,"chose_seed":false,"campfire_upgraded":9,"win_rate":0,"timestamp":1549835880,"path_taken":["M","M","M","M","?","R","E","R","T","E","R","M","M","?","R","BOSS","M","?","?","?","M","R","?","R","T","M","E","$","E","M","R","BOSS","M","?","?","?","M","R","E","M","T","R","$","M","$","E","R","BOSS"],"build_version":"2019-02-06","purchased_purges":0,"victory":true,"max_hp_per_floor":[82,82,82,82,82,82,82,82,82,82,82,82,82,82,82,82,82,82,82,82,82,82,82,82,82,82,82,82,82,82,82,82,82,82,82,82,82,82,82,82,82,82,82,82,82,82,82,82,82,82],"card_choices":[{"not_picked":["Coolheaded","Beam Cell"],"picked":"Redo","floor":1},{"not_picked":["strawberrySpire:Disconnect","Doom and Gloom"],"picked":"Glacier","floor":2},{"not_picked":["Turbo","BootSequence"],"picked":"Hologram","floor":3},{"not_picked":["Double Energy","Stack"],"picked":"Go for the Eyes","floor":4},{"not_picked":["Stack","strawberrySpire:Package"],"picked":"Electrodynamics","floor":7},{"not_picked":["Stack","Coolheaded"],"picked":"Turbo","floor":10},{"not_picked":["Streamline","Redo"],"picked":"Ball Lightning","floor":12},{"not_picked":["Melter","Redo"],"picked":"Defragment","floor":13},{"not_picked":["Amplify","Meteor Strike"],"picked":"strawberrySpire:Ronchyble","floor":16},{"not_picked":["Barrage","Gash"],"picked":"Ball Lightning","floor":18},{"not_picked":["Tempest","strawberrySpire:HateBit","Doom and Gloom"],"picked":"SKIP","floor":22},{"not_picked":["Go for the Eyes","Stack+1"],"picked":"Blizzard","floor":24},{"not_picked":["strawberrySpire:HateBit","strawberrySpire:FocalLaser"],"picked":"Capacitor","floor":27},{"not_picked":["strawberrySpire:DataDump","Redo"],"picked":"White Noise","floor":28},{"not_picked":["strawberrySpire:Compressor+1","BootSequence"],"picked":"strawberrySpire:Adapter+1","floor":30},{"not_picked":["Force Field","Fusion"],"picked":"Cold Snap+1","floor":31},{"not_picked":["Meteor Strike","Electrodynamics"],"picked":"Buffer","floor":33},{"not_picked":["Steam","Redo+1"],"picked":"strawberrySpire:Disconnect","floor":35},{"not_picked":["Rebound+1","strawberrySpire:BreederCore"],"picked":"strawberrySpire:Adapter+1","floor":36},{"not_picked":["Rebound+1","Go for the Eyes+1"],"picked":"Stack+1","floor":39},{"not_picked":["Redo+1","Steam"],"picked":"Leap","floor":40},{"not_picked":["strawberrySpire:Package+1","Hyperbeam"],"picked":"Defragment+1","floor":41},{"not_picked":["Rebound+1","Turbo+1"],"picked":"strawberrySpire:DataDump+1","floor":42},{"not_picked":["Hologram+1","strawberrySpire:Package+1"],"picked":"Force Field+1","floor":46},{"not_picked":["Defragment+1","Hologram+1"],"picked":"strawberrySpire:BlasterWyrm+1","floor":48}],"player_experience":1136174,"relics_obtained":[{"floor":7,"key":"Torii"},{"floor":9,"key":"Pantograph"},{"floor":10,"key":"Dream Catcher"},{"floor":26,"key":"strawberrySpire:PoopsieRoll"},{"floor":28,"key":"Juzu Bracelet"},{"floor":30,"key":"Boot"},{"floor":36,"key":"strawberrySpire:ThornyGelberry"},{"floor":41,"key":"War Paint"},{"floor":43,"key":"Anchor"},{"floor":48,"key":"Singing Bowl"}],"event_choices":[{"cards_removed":["Strike_B"],"damage_healed":0,"gold_gain":0,"player_choice":"Card Removal","damage_taken":0,"max_hp_gain":0,"max_hp_loss":0,"event_name":"The Cleric","floor":5,"gold_loss":50},{"cards_removed":["Strike_B"],"damage_healed":0,"gold_gain":0,"player_choice":"Card Removal","damage_taken":7,"max_hp_gain":0,"max_hp_loss":0,"event_name":"Golden Wing","floor":14,"gold_loss":0},{"damage_healed":0,"gold_gain":0,"player_choice":"Fight","damage_taken":0,"max_hp_gain":0,"max_hp_loss":0,"event_name":"Mysterious Sphere","floor":36,"gold_loss":0}],"is_beta":true,"boss_relics":[{"not_picked":["Nuclear Battery","Tiny House"],"picked":"strawberrySpire:SolarisEssence"},{"not_picked":["strawberrySpire:CapacitorDischarge","Eternal Feather"],"picked":"energizedSpire:RedRose"}],"items_purged_floors":[],"is_endless":false,"potions_floor_spawned":[10,12,13,16,18,28,31,35,36,46],"ascension_level":1}