{"gold_per_floor":[109,119,139,150,168,168,203,214,285,319,269,269,269,236,236,338,338,357,370,388,388,388,388,414,414,414,414,414,125,143,54,54,159,159,178,178,25,100,100,100,126,126,126,126,188,213,280,294,294,294],"floor_reached":51,"playtime":2436,"items_purged":["Defend_B"],"score":1134,"play_id":"aca850a2-ae0b-49ab-b8da-a867928699ea","local_time":"20190922090442","is_ascension_mode":true,"campfire_choices":[{"floor":6.0,"key":"REST"},{"floor":13.0,"key":"REST"},{"data":"Dualcast","floor":15.0,"key":"SMITH"},{"data":"Leap","floor":23,"key":"SMITH"},{"floor":25,"key":"REST"},{"data":"Electrodynamics","floor":27,"key":"SMITH"},{"floor":32,"key":"REST"},{"data":"Coolheaded","floor":40,"key":"SMITH"},{"floor":42,"key":"REST"},{"data":"Zap","floor":44,"key":"SMITH"},{"data":"Echo Form","floor":49,"key":"SMITH"}],"neow_cost":"NONE","seed_source_timestamp":0,"circlet_count":0,"master_deck":["AscendersBane","Defend_B","Defend_B","Defend_B","Zap+1","Dualcast+1","FTL","Gash","Gash","Ball Lightning","Cold Snap+1","Gash+1","Electrodynamics+1","Leap+1","Melter+1","Capacitor+1","FTL+1","Leap+1","Coolheaded+1","Sunder+1","Coolheaded","Deep Breath","Chill+1","Echo Form+1","Leap","Cold Snap+1","Reinforced Body+1","Hologram+1","Barrage+1","Seek","Hologram+1","Go for the Eyes+1"],"special_seed":0,"relics":["Cracked Core","PreservedInsect","Dream Catcher","Pantograph","Molten Egg 2","Astrolabe","MutagenicStrength","StoneCalendar","Bottled Tornado","Happy Flower","Orrery","Regal Pillow","DataDisk","Gremlin Horn","SsserpentHead","Torii","Pear","Thread and Needle"],"potions_floor_usage":[16,18,33,48,50],"damage_taken":[{"damage":6.0,"enemies":"Cultist","floor":1.0,"turns":3.0},{"damage":1.0,"enemies":"2 Louse","floor":2.0,"turns":2.0},{"damage":2.0,"enemies":"Jaw Worm","floor":3.0,"turns":3.0},{"damage":9.0,"enemies":"Large Slime","floor":4.0,"turns":5.0},{"damage":11.0,"enemies":"2 Fungi Beasts","floor":5.0,"turns":3.0},{"damage":10.0,"enemies":"Gremlin Nob","floor":7.0,"turns":3.0},{"damage":6.0,"enemies":"Looter","floor":8.0,"turns":2.0},{"damage":30.0,"enemies":"Lagavulin","floor":10.0,"turns":4.0},{"damage":34,"enemies":"The Guardian","floor":16,"turns":11},{"damage":14,"enemies":"Shell Parasite","floor":18,"turns":4},{"damage":4,"enemies":"Spheric Guardian","floor":19,"turns":3},{"damage":21,"enemies":"3 Cultists","floor":20,"turns":4},{"damage":19,"enemies":"Slavers","floor":24,"turns":4},{"damage":22,"enemies":"Snake Plant","floor":30,"turns":4},{"damage":46,"enemies":"Collector","floor":33,"turns":8},{"damage":0,"enemies":"3 Darklings","floor":35,"turns":5},{"damage":39,"enemies":"Nemesis","floor":41,"turns":7},{"damage":0,"enemies":"Orb Walker","floor":45,"turns":3},{"damage":12,"enemies":"Reptomancer","floor":46,"turns":4},{"damage":0,"enemies":"3 Darklings","floor":47,"turns":2},{"damage":1,"enemies":"Transient","floor":48,"turns":5},{"damage":38,"enemies":"Awakened One","floor":50,"turns":14}],"seed_played":"8058233867725997717","potions_obtained":[{"floor":3.0,"key":"Ancient Potion"},{"floor":4.0,"key":"EssenceOfSteel"},{"floor":24,"key":"GamblersBrew"},{"floor":30,"key":"Fire Potion"},{"floor":33,"key":"Regen Potion"},{"floor":45,"key":"EssenceOfSteel"},{"floor":48,"key":"SteroidPotion"}],"is_trial":false,"path_per_floor":["M","M","M","M","M","R","E","M","T","E","?","?","R","?","R","B",null,"M","M","M","?","?","R","E","R","T","R","?","$","M","$","R","B",null,"M","?","$","T","?","R","E","R","T","R","M","E","M","M","R","B",null],"character_chosen":"DEFECT","items_purchased":["Happy Flower","Sunder+1","Deep Breath","DataDisk"],"campfire_rested":5,"item_purchase_floors":[29,29,31,37],"current_hp_per_floor":[62,61,59,50,39,61,51,45,45,15,15,8,30,30,30,21,62,48,44,23,48,48,48,29,51,51,51,37,37,15,15,39,18,65,65,65,65,65,65,65,26,65,75,75,75,63,63,62,62,49],"gold":294,"neow_bonus":"RANDOM_COMMON_RELIC","is_prod":false,"is_daily":false,"chose_seed":false,"campfire_upgraded":6,"win_rate":0,"timestamp":1569168282,"path_taken":["M","M","M","M","M","R","E","?","T","E","?","?","R","?","R","BOSS","M","M","M","?","?","R","E","R","T","R","?","$","M","?","R","BOSS","M","?","$","?","?","R","E","R","T","R","?","E","?","M","R","BOSS"],"build_version":"2019-07-17","purchased_purges":1,"victory":true,"max_hp_per_floor":[75,75,75,75,75,75,75,75,75,75,75,75,75,75,75,75,75,75,75,75,75,75,75,75,75,75,75,80,80,80,80,80,80,80,80,80,80,80,80,80,80,80,90,90,90,90,90,90,90,90],"card_choices":[{"not_picked":["Streamline","Self Repair"],"picked":"FTL","floor":1.0},{"not_picked":["Hello World","Conserve Battery"],"picked":"Gash","floor":2.0},{"not_picked":["Leap","Reinforced Body"],"picked":"Gash","floor":3.0},{"not_picked":["Redo","Steam"],"picked":"Ball Lightning","floor":4.0},{"not_picked":["Hyperbeam","Tempest","Sweeping Beam"],"picked":"SKIP","floor":5.0},{"not_picked":["Blizzard","Sweeping Beam"],"picked":"Rip and Tear","floor":7.0},{"not_picked":["Auto Shields","Redo","Turbo"],"picked":"SKIP","floor":8.0},{"not_picked":["Reinforced Body","Chaos"],"picked":"Cold Snap","floor":10.0},{"not_picked":["Conserve Battery","Heatsinks"],"picked":"Gash+1","floor":13.0},{"not_picked":["Buffer","Creative AI"],"picked":"Electrodynamics","floor":16},{"not_picked":["Streamline+1","Rebound+1"],"picked":"FTL+1","floor":18},{"not_picked":["Streamline+1","Turbo+1"],"picked":"Leap","floor":19},{"not_picked":["Ball Lightning+1","Melter+1","Leap"],"picked":"SKIP","floor":20},{"not_picked":["Turbo","Creative AI"],"picked":"Coolheaded","floor":24},{"not_picked":["Sweeping Beam+1","Rip and Tear+1"],"picked":"Coolheaded","floor":30},{"not_picked":["Auto Shields","Redo"],"picked":"Chill+1","floor":32},{"not_picked":["Hyperbeam+1","Electrodynamics"],"picked":"Echo Form","floor":33},{"not_picked":["Cold Snap+1","Consume"],"picked":"Leap","floor":34},{"not_picked":["Coolheaded","Fusion"],"picked":"Cold Snap+1","floor":34},{"not_picked":["Hologram+1","Streamline+1"],"picked":"Reinforced Body+1","floor":34},{"not_picked":["Compile Driver+1","White Noise"],"picked":"Hologram+1","floor":35},{"not_picked":["Recycle","Capacitor"],"picked":"Barrage+1","floor":41},{"not_picked":["Undo+1","Fusion"],"picked":"Seek","floor":45},{"not_picked":["Cold Snap+1","Ball Lightning+1","Melter+1"],"picked":"SKIP","floor":46},{"not_picked":["Ball Lightning+1","Sweeping Beam+1"],"picked":"Hologram+1","floor":47},{"not_picked":["Rip and Tear+1","Rebound+1"],"picked":"Go for the Eyes+1","floor":48}],"player_experience":623440,"relics_obtained":[{"floor":7.0,"key":"Dream Catcher"},{"floor":9.0,"key":"Pantograph"},{"floor":10.0,"key":"Molten Egg 2"},{"floor":24,"key":"StoneCalendar"},{"floor":26,"key":"Bottled Tornado"},{"floor":38,"key":"Gremlin Horn"},{"floor":41,"key":"Torii"},{"floor":43,"key":"Pear"},{"floor":46,"key":"Thread and Needle"}],"event_choices":[{"cards_removed":["Strike_B"],"damage_healed":0.0,"max_hp_gain":0.0,"max_hp_loss":0.0,"gold_gain":0.0,"event_name":"The Cleric","player_choice":"Card Removal","floor":11.0,"gold_loss":50.0,"damage_taken":0.0},{"cards_removed":["Strike_B"],"damage_healed":0.0,"max_hp_gain":0.0,"max_hp_loss":0.0,"gold_gain":0.0,"event_name":"Golden Wing","player_choice":"Card Removal","floor":12.0,"gold_loss":0.0,"damage_taken":7.0},{"damage_healed":0.0,"max_hp_gain":0.0,"max_hp_loss":0.0,"gold_gain":0.0,"event_name":"World of Goop","player_choice":"Left Gold","floor":14.0,"gold_loss":33.0,"damage_taken":0.0},{"damage_healed":25,"gold_gain":0,"player_choice":"Heal","damage_taken":0,"max_hp_gain":0,"max_hp_loss":0,"event_name":"The Library","floor":21,"gold_loss":0},{"damage_healed":0,"gold_gain":0,"player_choice":"Inject Mutagens","damage_taken":0,"relics_obtained":["MutagenicStrength"],"max_hp_gain":0,"max_hp_loss":0,"event_name":"Drug Dealer","floor":22,"gold_loss":0},{"damage_healed":0,"gold_gain":0,"player_choice":"Shed Blood","damage_taken":19,"max_hp_gain":5,"max_hp_loss":0,"event_name":"Forgotten Altar","floor":28,"gold_loss":0},{"damage_healed":0,"gold_gain":0,"player_choice":"Gave Potion","damage_taken":0,"relics_obtained":["Regal Pillow"],"max_hp_gain":0,"max_hp_loss":0,"event_name":"WeMeetAgain","floor":36,"gold_loss":0},{"damage_healed":0,"gold_gain":0,"player_choice":"Trade","damage_taken":0,"relics_obtained":["SsserpentHead"],"max_hp_gain":0,"max_hp_loss":0,"event_name":"FaceTrader","floor":39,"gold_loss":0}],"is_beta":false,"boss_relics":[{"not_picked":["Tiny House","Eternal Feather"],"picked":"Astrolabe"},{"not_picked":["Empty Cage","Runic Dome"],"picked":"Orrery"}],"items_purged_floors":[29],"is_endless":false,"potions_floor_spawned":[3,4,7,8,24,30,33,45,47,48],"ascension_level":11}