{"gold_per_floor":[116,136,86,361,53,86,86,100,100,100,112,124,149,161,173,288,300,326,338,369,147,147,182,201,201,201,43,62,62,74,85,85,184,184,196,196,211,33,33,61,61,90,165,180,180,180,194,213,213,213],"floor_reached":51,"playtime":1550,"items_purged":["Parasite","Strike_G"],"score":850,"play_id":"138dea36-8075-498e-b966-583be027d41e","local_time":"20190830000520","is_ascension_mode":false,"campfire_choices":[{"floor":7.0,"key":"REST"},{"data":"1","floor":12.0,"key":"LIFT"},{"data":"2","floor":15.0,"key":"LIFT"},{"data":"3","floor":25.0,"key":"LIFT"},{"floor":32.0,"key":"REST"},{"data":"After Image","floor":41.0,"key":"SMITH"},{"floor":45.0,"key":"REST"},{"data":"Footwork","floor":49.0,"key":"SMITH"}],"neow_cost":"NONE","seed_source_timestamp":4189051224103,"circlet_count":0,"master_deck":["Strike_G","Strike_G","Defend_G","Defend_G","Defend_G","Defend_G","Defend_G","Survivor","Neutralize","Dagger Throw","Cloak And Dagger","Infinite Blades","Footwork+1","Burst","After Image+1","Skewer","Infinite Blades","Terror","Deflect","PiercingWail+1","Adrenaline","Cloak And Dagger","Backstab","Flying Knee+1","Bullet Time","Distraction+1","Accuracy","Blade Dance+1","Flash of Steel","Blade Dance+1"],"special_seed":0,"relics":["Ring of the Snake","Vajra","Girya","Art of War","Shuriken","MawBank","Black Star","MutagenicStrength","Mango","Tough Bandages","Incense Burner","Busted Crown","Kunai","Bag of Marbles","Nunchaku","Tingsha","Gremlin Horn"],"potions_floor_usage":[50,50,50],"damage_taken":[{"damage":0.0,"enemies":"Small Slimes","floor":1.0,"turns":3.0},{"damage":0.0,"enemies":"Cultist","floor":2.0,"turns":4.0},{"damage":56.0,"enemies":"Lagavulin","floor":6.0,"turns":13.0},{"damage":2.0,"enemies":"2 Louse","floor":8.0,"turns":3.0},{"damage":0.0,"enemies":"Looter","floor":13.0,"turns":2.0},{"damage":19.0,"enemies":"Hexaghost","floor":16.0,"turns":10.0},{"damage":12.0,"enemies":"3 Byrds","floor":18.0,"turns":7.0},{"damage":2.0,"enemies":"Spheric Guardian","floor":20.0,"turns":5.0},{"damage":28.0,"enemies":"Slavers","floor":23.0,"turns":6.0},{"damage":13.0,"enemies":"Snake Plant","floor":24.0,"turns":4.0},{"damage":16.0,"enemies":"Sentry and Sphere","floor":28.0,"turns":4.0},{"damage":0.0,"enemies":"3 Cultists","floor":30.0,"turns":6.0},{"damage":9.0,"enemies":"Snake Plant","floor":31.0,"turns":2.0},{"damage":0.0,"enemies":"Collector","floor":33.0,"turns":8.0},{"damage":3.0,"enemies":"Orb Walker","floor":35.0,"turns":3.0},{"damage":14.0,"enemies":"3 Darklings","floor":37.0,"turns":5.0},{"damage":7.0,"enemies":"Reptomancer","floor":40.0,"turns":7.0},{"damage":0.0,"enemies":"Giant Head","floor":42.0,"turns":6.0},{"damage":12.0,"enemies":"Writhing Mass","floor":44.0,"turns":5.0},{"damage":0.0,"enemies":"Jaw Worm Horde","floor":47.0,"turns":3.0},{"damage":0.0,"enemies":"Sphere and 2 Shapes","floor":48.0,"turns":3.0},{"damage":4,"enemies":"Donu and Deca","floor":50,"turns":6}],"seed_played":"8233461220200845655","potions_obtained":[{"floor":2.0,"key":"Block Potion"},{"floor":6.0,"key":"FearPotion"},{"floor":16.0,"key":"PowerPotion"},{"floor":23.0,"key":"EssenceOfSteel"},{"floor":30.0,"key":"Explosive Potion"},{"floor":31.0,"key":"SkillPotion"},{"floor":33.0,"key":"PowerPotion"},{"floor":35.0,"key":"FearPotion"},{"floor":42.0,"key":"Dexterity Potion"}],"is_trial":false,"path_per_floor":["M","M","?","?","$","E","R","M","T","?","?","R","M","?","R","B",null,"M","?","M","$","?","E","M","R","T","$","M","?","M","M","R","B",null,"M","?","M","$","?","E","R","E","T","M","R","?","M","M","R","B",null],"character_chosen":"THE_SILENT","items_purchased":["Girya","Infinite Blades","Terror","Deflect","Adrenaline","Accuracy"],"campfire_rested":3,"item_purchase_floors":[5,21,21,21,27,38],"current_hp_per_floor":[70,70,70,70,70,14,35,33,33,15,32,32,32,32,32,13,70,58,58,56,56,56,42,29,29,29,29,13,40,40,31,55,55,81,78,77,63,63,63,56,56,56,56,44,67,67,67,67,67,63],"gold":213,"neow_bonus":"RANDOM_COMMON_RELIC","is_prod":false,"is_daily":false,"chose_seed":false,"campfire_upgraded":2,"win_rate":0,"timestamp":1567145120,"path_taken":["M","M","?","?","$","E","R","?","T","?","?","R","M","?","R","BOSS","M","?","M","$","?","E","M","R","T","?","M","?","?","?","R","BOSS","M","?","M","$","?","E","R","E","T","M","R","?","M","M","R","BOSS"],"build_version":"2019-07-17","purchased_purges":2,"victory":true,"max_hp_per_floor":[70,70,70,70,70,70,70,70,70,70,70,70,70,70,70,70,70,70,70,70,67,67,81,81,81,81,81,81,81,81,81,81,81,81,81,77,77,77,77,77,77,77,77,77,77,77,77,77,77,77],"card_choices":[{"not_picked":["Outmaneuver","Well Laid Plans"],"picked":"Dagger Throw","floor":1.0},{"not_picked":["Poisoned Stab","Underhanded Strike"],"picked":"Cloak And Dagger","floor":2.0},{"not_picked":["Setup","Underhanded Strike"],"picked":"Infinite Blades","floor":6.0},{"not_picked":["Flying Knee","Heel Hook"],"picked":"Footwork","floor":8.0},{"not_picked":["Slice","Eviscerate"],"picked":"Burst","floor":13.0},{"not_picked":["Burst","Phantasmal Killer"],"picked":"After Image","floor":16.0},{"not_picked":["Backflip","Sucker Punch","Dash"],"picked":"SKIP","floor":18.0},{"not_picked":["Predator","Terror"],"picked":"Skewer","floor":20.0},{"not_picked":["Quick Slash","Outmaneuver"],"picked":"PiercingWail+1","floor":23.0},{"not_picked":["Slice","Tactician","Dodge and Roll"],"picked":"SKIP","floor":24.0},{"not_picked":["Dodge and Roll","Deflect"],"picked":"Cloak And Dagger","floor":28.0},{"not_picked":["PiercingWail","Predator+1"],"picked":"Backstab","floor":30.0},{"not_picked":["Concentrate","Dagger Spray"],"picked":"Flying Knee+1","floor":31.0},{"not_picked":["Unload","Tools of the Trade"],"picked":"Bullet Time","floor":33.0},{"not_picked":[],"picked":"Distraction+1","floor":35.0},{"not_picked":["Prepared"],"picked":"SKIP","floor":37.0},{"not_picked":[],"picked":"Blade Dance+1","floor":40.0},{"not_picked":["Outmaneuver"],"picked":"SKIP","floor":42.0},{"not_picked":["Bullet Time"],"picked":"SKIP","floor":44.0},{"not_picked":[],"picked":"Flash of Steel","floor":46.0},{"not_picked":["Bouncing Flask+1"],"picked":"SKIP","floor":47.0},{"not_picked":[],"picked":"Blade Dance+1","floor":48.0}],"player_experience":1699520,"relics_obtained":[{"floor":6.0,"key":"Art of War"},{"floor":9.0,"key":"Shuriken"},{"floor":23.0,"key":"Mango"},{"floor":23.0,"key":"Tough Bandages"},{"floor":26.0,"key":"Incense Burner"},{"floor":40.0,"key":"Kunai"},{"floor":40.0,"key":"Bag of Marbles"},{"floor":42.0,"key":"Nunchaku"},{"floor":42.0,"key":"Tingsha"},{"floor":43.0,"key":"Gremlin Horn"}],"event_choices":[{"cards_removed":["Strike_G"],"damage_healed":0.0,"max_hp_gain":0.0,"max_hp_loss":0.0,"gold_gain":0.0,"event_name":"The Cleric","player_choice":"Card Removal","floor":3.0,"gold_loss":50.0,"damage_taken":0.0},{"damage_healed":0.0,"max_hp_gain":0.0,"max_hp_loss":0.0,"gold_gain":275.0,"event_name":"Golden Shrine","player_choice":"Desecrate","floor":4.0,"gold_loss":0.0,"damage_taken":0.0,"cards_obtained":["Regret"]},{"damage_healed":0.0,"max_hp_gain":0.0,"max_hp_loss":0.0,"gold_gain":0.0,"event_name":"Scrap Ooze","player_choice":"Success","floor":10.0,"gold_loss":0.0,"damage_taken":18.0,"relics_obtained":["MawBank"]},{"damage_healed":17.0,"max_hp_gain":0.0,"max_hp_loss":0.0,"gold_gain":0.0,"event_name":"Mushrooms","player_choice":"Healed and dodged fight","floor":11.0,"gold_loss":0.0,"damage_taken":0.0,"cards_obtained":["Parasite"]},{"cards_removed":["Regret"],"damage_healed":0.0,"max_hp_gain":0.0,"max_hp_loss":0.0,"gold_gain":0.0,"event_name":"Living Wall","player_choice":"Forget","floor":14.0,"gold_loss":0.0,"damage_taken":0.0},{"damage_healed":0.0,"max_hp_gain":0.0,"max_hp_loss":0.0,"gold_gain":0.0,"event_name":"Drug Dealer","player_choice":"Inject Mutagens","floor":19.0,"gold_loss":0.0,"damage_taken":0.0,"relics_obtained":["MutagenicStrength"]},{"damage_healed":0.0,"max_hp_gain":0.0,"max_hp_loss":0.0,"gold_gain":0.0,"event_name":"Vampires","player_choice":"Ignored","floor":22.0,"gold_loss":0.0,"damage_taken":0.0},{"damage_healed":27.0,"max_hp_gain":0.0,"max_hp_loss":0.0,"gold_gain":0.0,"event_name":"The Library","player_choice":"Heal","floor":29.0,"gold_loss":0.0,"damage_taken":0.0},{"damage_healed":0.0,"max_hp_gain":0.0,"max_hp_loss":4.0,"gold_gain":0.0,"event_name":"Winding Halls","player_choice":"Max HP","floor":36.0,"gold_loss":0.0,"damage_taken":0.0},{"cards_removed":["Strike_G"],"damage_healed":0.0,"max_hp_gain":0.0,"max_hp_loss":0.0,"gold_gain":0.0,"event_name":"Falling","player_choice":"Removed Attack","floor":39.0,"gold_loss":0.0,"damage_taken":0.0},{"damage_healed":0.0,"max_hp_gain":0.0,"max_hp_loss":0.0,"gold_gain":0.0,"event_name":"SensoryStone","player_choice":"Memory 1","floor":46.0,"gold_loss":0.0,"damage_taken":0.0}],"is_beta":false,"boss_relics":[{"not_picked":["Runic Pyramid","Lizard Tail"],"picked":"Black Star"},{"not_picked":["Sozu","WristBlade"],"picked":"Busted Crown"}],"items_purged_floors":[21,38],"is_endless":false,"potions_floor_spawned":[2,6,16,23,30,31,33,35,42,44],"ascension_level":0}