{"path_per_floor":["M","M","M","?","?","E","R","E","T","M","M","?","R","M","R","B",null,"M","?","?","M","?","R","?","M","T"],"character_chosen":"DEFECT","items_purchased":[],"gold_per_floor":[117,130,143,143,143,178,178,213,239,259,276,351,351,363,363,467,467,482,482,482,499,499,499,499,513,513,513],"floor_reached":27,"campfire_rested":2,"playtime":1150,"item_purchase_floors":[],"current_hp_per_floor":[78,77,72,77,77,57,57,33,33,29,26,15,41,39,39,4,87,73,73,73,42,26,52,52,50,50,0],"items_purged":[],"gold":513,"score":248,"play_id":"9aac1f84-4716-4645-8def-73cbe4237959","local_time":"20180601222006","is_prod":false,"is_daily":false,"chose_seed":false,"is_ascension_mode":false,"campfire_upgraded":2,"win_rate":0,"timestamp":1527880806,"campfire_choices":[{"data":"Loop","floor":7,"key":"SMITH"},{"floor":13,"key":"REST"},{"data":"Static Discharge","floor":15,"key":"SMITH"},{"floor":23,"key":"REST"}],"path_taken":["M","M","M","?","?","E","R","E","T","M","M","?","R","?","R","BOSS","M","?","?","M","?","R","?","M","T","E"],"build_version":"2018-05-30v2","seed_source_timestamp":178649509747693,"purchased_purges":0,"victory":false,"master_deck":["Defend_B","Defend_B","Defend_B","Zap","Dualcast","Loop+1","Beam Cell","Leap","Aggregate","Hologram","Static Discharge+1","Capacitor","Ball Lightning","Rebound","Electrodynamics","Reinforced Body","Stack","Leap","Static Discharge","Streamline","Self Repair","Hologram+1","Bite","Bite","Bite","Bite","Bite","Creative AI"],"max_hp_per_floor":[82,82,82,87,87,87,87,87,87,87,87,87,87,87,87,87,87,87,87,87,87,87,87,60,60,60,60],"relics":["Cracked Core","Oddly Smooth Stone","Boot","Happy Flower","Nloth\u0027s Gift","Nilry\u0027s Codex","Bottled Flame"],"card_choices":[{"not_picked":["Skim","Sunder"],"picked":"Loop","floor":1},{"not_picked":["Tempest","Cold Snap"],"picked":"Beam Cell","floor":2},{"not_picked":["Aggregate","Scrape"],"picked":"Leap","floor":3},{"not_picked":["Coolheaded","Thunder Strike"],"picked":"Hologram","floor":6},{"not_picked":["Scrape","Melter"],"picked":"Static Discharge","floor":8},{"not_picked":["Turbo","Scrape"],"picked":"Capacitor","floor":10},{"not_picked":["Barrage","Cold Snap"],"picked":"Ball Lightning","floor":11},{"not_picked":["Turbo","Consume"],"picked":"Rebound","floor":14},{"not_picked":["Buffer","Meteor Strike"],"picked":"Electrodynamics","floor":16},{"not_picked":["Coolheaded","Rebound"],"picked":"Reinforced Body","floor":17},{"not_picked":["Leap","Chaos"],"picked":"Stack","floor":17},{"not_picked":["Darkness","Barrage"],"picked":"Leap","floor":17},{"not_picked":["Auto Shields","Turbo"],"picked":"Static Discharge","floor":17},{"not_picked":["Chaos","Fusion"],"picked":"Streamline","floor":17},{"not_picked":["Barrage","Leap+1"],"picked":"Self Repair","floor":18},{"not_picked":["Fission","Conserve Battery"],"picked":"Hologram+1","floor":21},{"not_picked":["Force Field","Melter"],"picked":"Creative AI","floor":25}],"player_experience":475523,"potions_floor_usage":[8,8,18,25],"damage_taken":[{"damage":4,"enemies":"2 Louse","floor":1,"turns":3},{"damage":1,"enemies":"Jaw Worm","floor":2,"turns":4},{"damage":5,"enemies":"Small Slimes","floor":3,"turns":3},{"damage":20,"enemies":"3 Sentries","floor":6,"turns":8},{"damage":24,"enemies":"Gremlin Nob","floor":8,"turns":5},{"damage":4,"enemies":"Blue Slaver","floor":10,"turns":4},{"damage":3,"enemies":"Exordium Thugs","floor":11,"turns":4},{"damage":2,"enemies":"Large Slime","floor":14,"turns":5},{"damage":35,"enemies":"The Guardian","floor":16,"turns":7},{"damage":14,"enemies":"2 Thieves","floor":18,"turns":4},{"damage":31,"enemies":"Shell Parasite","floor":21,"turns":3},{"damage":24,"enemies":"Chosen and Byrds","floor":25,"turns":7},{"damage":78,"enemies":"Slavers","floor":27,"turns":3}],"relics_obtained":[{"floor":6,"key":"Oddly Smooth Stone"},{"floor":8,"key":"Boot"},{"floor":9,"key":"Happy Flower"},{"floor":22,"key":"Nilry\u0027s Codex"},{"floor":26,"key":"Bottled Flame"}],"event_choices":[{"event_name":"Big Fish","player_choice":"Donut","floor":4,"damage_taken":0},{"event_name":"Living Wall","player_choice":"Change","floor":5,"damage_taken":0},{"event_name":"World of Goop","player_choice":"Gather Gold","floor":12,"damage_taken":0},{"event_name":"Ghosts","player_choice":"Ignored","floor":19,"damage_taken":0},{"event_name":"N\u0027loth","player_choice":"Traded a Orrery","floor":20,"damage_taken":0},{"event_name":"Cursed Tome","player_choice":"Obtained Book","floor":22,"damage_taken":0},{"event_name":"Vampires","player_choice":"Became a vampire","floor":24,"damage_taken":0}],"boss_relics":[{"not_picked":["Ectoplasm","Velvet Choker"],"picked":"Orrery"}],"items_purged_floors":[],"potions_floor_spawned":[1,3,8,16,21],"seed_played":"-8959663200374121689","killed_by":"Slavers","ascension_level":0,"potions_obtained":[{"floor":1,"key":"Energy Potion"},{"floor":3,"key":"AttackPotion"},{"floor":8,"key":"FairyPotion"},{"floor":16,"key":"Weak Potion"},{"floor":21,"key":"SkillPotion"}],"is_trial":false}