{"gold_per_floor":[365,383,11,23,42,72,85,85,153,153,166,166,191,247,247,343,343,353,353,353,369,385,385,24,24,93,93,93,93,93,107,107,202,202,219,232,1231,541,541,541,573,573,573,111,123,123,123,135,135,135],"floor_reached":51,"playtime":1131,"items_purged":["Defend_R","Strike_R","Normality","Normality"],"score":758,"play_id":"c7191946-5651-4d77-a22e-d2e707122e53","local_time":"20190902044701","is_ascension_mode":false,"campfire_choices":[{"data":"Heavy Blade","floor":8.0,"key":"SMITH"},{"data":"Bash","floor":10.0,"key":"SMITH"},{"data":"Clash","floor":12.0,"key":"SMITH"},{"data":"Disarm","floor":15.0,"key":"SMITH"},{"data":"Demon Form","floor":23.0,"key":"SMITH"},{"floor":25.0,"key":"REST"},{"data":"Flame Barrier","floor":28.0,"key":"SMITH"},{"data":"Clash","floor":30.0,"key":"SMITH"},{"data":"Flex","floor":32.0,"key":"SMITH"},{"floor":40.0,"key":"REST"},{"floor":42.0,"key":"REST"},{"floor":49,"key":"REST"}],"neow_cost":"TEN_PERCENT_HP_LOSS","seed_source_timestamp":4007166331967,"circlet_count":0,"master_deck":["Strike_R+1","Strike_R+1","Defend_R+1","Defend_R+1","Defend_R+1","Bash+1","Iron Wave","Iron Wave","Thunderclap","Clash+1","Heavy Blade+1","Anger","Disarm+1","Clash+1","Demon Form+1","Intimidate+1","Offering","Shrug It Off","Whirlwind+1","Flame Barrier+1","Flex+1","Flex+1","Reaper","Clash","Disarm","Whirlwind","Havoc+1","Double Tap"],"special_seed":0,"relics":["Burning Blood","Brimstone","Dream Catcher","Blue Candle","WingedGreaves","Oddly Smooth Stone","Sozu","Pear","Mummified Hand","Letter Opener","Fusion Hammer","Orichalcum","Strawberry","Strange Spoon","Dead Branch","Bag of Marbles","Champion Belt"],"potions_floor_usage":[50,50,50],"damage_taken":[{"damage":6.0,"enemies":"2 Louse","floor":1.0,"turns":3.0},{"damage":1.0,"enemies":"Jaw Worm","floor":2.0,"turns":3.0},{"damage":0.0,"enemies":"Small Slimes","floor":4.0,"turns":2.0},{"damage":8.0,"enemies":"Blue Slaver","floor":5.0,"turns":2.0},{"damage":13.0,"enemies":"Gremlin Nob","floor":6.0,"turns":3.0},{"damage":0.0,"enemies":"2 Fungi Beasts","floor":7.0,"turns":2.0},{"damage":0.0,"enemies":"Large Slime","floor":11.0,"turns":2.0},{"damage":11.0,"enemies":"3 Sentries","floor":13.0,"turns":4.0},{"damage":0.0,"enemies":"Gremlin Nob","floor":14.0,"turns":2.0},{"damage":30.0,"enemies":"Hexaghost","floor":16.0,"turns":5.0},{"damage":25.0,"enemies":"2 Thieves","floor":18.0,"turns":3.0},{"damage":17.0,"enemies":"3 Byrds","floor":21.0,"turns":4.0},{"damage":10.0,"enemies":"Centurion and Healer","floor":22.0,"turns":6.0},{"damage":6.0,"enemies":"Shelled Parasite and Fungi","floor":31.0,"turns":3.0},{"damage":6.0,"enemies":"Champ","floor":33.0,"turns":7.0},{"damage":0.0,"enemies":"Orb Walker","floor":35.0,"turns":2.0},{"damage":6.0,"enemies":"3 Darklings","floor":36.0,"turns":3.0},{"damage":21.0,"enemies":"Giant Head","floor":41.0,"turns":5.0},{"damage":18.0,"enemies":"Maw","floor":45.0,"turns":5.0},{"damage":6,"enemies":"Transient","floor":48,"turns":5},{"damage":24,"enemies":"Donu and Deca","floor":50,"turns":4}],"seed_played":"-855526403522301853","potions_obtained":[{"floor":2.0,"key":"FearPotion"},{"floor":5.0,"key":"EssenceOfSteel"},{"floor":6.0,"key":"Fire Potion"},{"floor":16.0,"key":"Strength Potion"}],"is_trial":false,"path_per_floor":["M","M","$","M","M","E","M","R","T","R","M","R","E","?","R","B",null,"M","?","?","M","M","R","$","R","T","?","R","T","R","M","R","B",null,"M","M","?","$","?","R","E","R","T","$","M","?","$","M","R","B",null],"character_chosen":"IRONCLAD","items_purchased":["Brimstone","Thunderclap","Clash","Pear","Orichalcum","Strawberry","Strange Spoon","Disarm","Champion Belt"],"campfire_rested":4,"item_purchase_floors":[3,3,3,24,38,38,38,38,44],"current_hp_per_floor":[72,72,72,72,70,63,69,69,69,69,72,72,67,72,72,48,72,53,53,53,42,38,38,48,72,72,72,72,72,72,72,72,72,82,82,82,82,89,89,89,85,89,89,89,89,89,89,89,89,89],"gold":135,"neow_bonus":"TWO_FIFTY_GOLD","is_prod":false,"is_daily":false,"chose_seed":false,"campfire_upgraded":8,"win_rate":0,"timestamp":1567421221,"path_taken":["M","M","$","M","M","E","M","R","T","R","M","R","E","?","R","BOSS","M","?","?","M","?","R","$","R","T","?","R","?","R","M","R","BOSS","M","M","?","$","?","R","E","R","T","$","?","?","$","?","R","BOSS"],"build_version":"2019-07-17","purchased_purges":4,"victory":true,"max_hp_per_floor":[72,72,72,72,72,72,72,72,72,72,72,72,72,72,72,72,72,72,72,72,72,72,72,82,82,82,82,82,82,82,82,82,82,82,82,82,82,89,89,89,89,89,89,89,89,89,89,89,89,89],"card_choices":[{"not_picked":["Body Slam","Burning Pact"],"picked":"Iron Wave","floor":1.0},{"not_picked":["Pommel Strike","Dual Wield"],"picked":"Iron Wave","floor":2.0},{"not_picked":["Flex","Clash"],"picked":"Heavy Blade","floor":4.0},{"not_picked":["Sever Soul","Feel No Pain"],"picked":"Anger","floor":5.0},{"not_picked":["Wild Strike","Fire Breathing","Clothesline"],"picked":"SKIP","floor":6.0},{"not_picked":["Hemokinesis","Armaments"],"picked":"Disarm","floor":7.0},{"not_picked":["Iron Wave","Warcry","Dropkick"],"picked":"SKIP","floor":11.0},{"not_picked":["Iron Wave","Warcry","Dropkick"],"picked":"SKIP","floor":11.0},{"not_picked":["Power Through","Second Wind","Intimidate"],"picked":"SKIP","floor":13.0},{"not_picked":["Warcry","Blood for Blood"],"picked":"Clash","floor":14.0},{"not_picked":["Berserk","Reaper"],"picked":"Demon Form","floor":16.0},{"not_picked":["Corruption","Twin Strike"],"picked":"Intimidate+1","floor":18.0},{"not_picked":["Hemokinesis+1","Clothesline"],"picked":"Whirlwind+1","floor":21.0},{"not_picked":["Clothesline","Sever Soul+1"],"picked":"Flame Barrier","floor":22.0},{"not_picked":["Body Slam","Intimidate"],"picked":"Flex+1","floor":25.0},{"not_picked":["Havoc","Dual Wield"],"picked":"Flex","floor":31.0},{"not_picked":["Offering","Berserk"],"picked":"Reaper","floor":33.0},{"not_picked":["Twin Strike","Flame Barrier"],"picked":"Clash","floor":35.0},{"not_picked":["Feel No Pain+1","Warcry+1","Body Slam"],"picked":"SKIP","floor":36.0},{"not_picked":["Corruption","Impervious"],"picked":"Whirlwind","floor":41.0},{"not_picked":["Sword Boomerang+1","Pommel Strike+1"],"picked":"Havoc+1","floor":42.0},{"not_picked":["Havoc","Warcry+1","Anger"],"picked":"SKIP","floor":45.0},{"not_picked":["Havoc+1","Pommel Strike"],"picked":"Double Tap","floor":48}],"player_experience":1709695,"relics_obtained":[{"floor":6.0,"key":"Dream Catcher"},{"floor":9.0,"key":"Blue Candle"},{"floor":13.0,"key":"WingedGreaves"},{"floor":26.0,"key":"Mummified Hand"},{"floor":29.0,"key":"Letter Opener"},{"floor":41.0,"key":"Dead Branch"},{"floor":43.0,"key":"Bag of Marbles"}],"event_choices":[{"damage_healed":0.0,"max_hp_gain":0.0,"max_hp_loss":0.0,"gold_gain":30.0,"event_name":"Dead Adventurer","player_choice":"Searched \u00273\u0027 times","floor":14.0,"gold_loss":0.0,"damage_taken":0.0,"relics_obtained":["Oddly Smooth Stone"]},{"damage_healed":0.0,"max_hp_gain":0.0,"max_hp_loss":0.0,"gold_gain":0.0,"cards_transformed":["Strike_R","Strike_R"],"event_name":"Drug Dealer","player_choice":"Became Test Subject","floor":19.0,"gold_loss":0.0,"damage_taken":0.0,"cards_obtained":["Offering","Shrug It Off"]},{"damage_healed":0.0,"max_hp_gain":0.0,"max_hp_loss":0.0,"gold_gain":0.0,"event_name":"Lab","player_choice":"Got Potions","floor":20.0,"gold_loss":0.0,"damage_taken":0.0},{"damage_healed":0.0,"max_hp_gain":0.0,"max_hp_loss":0.0,"gold_gain":0.0,"event_name":"Back to Basics","player_choice":"Simplicity","floor":27.0,"gold_loss":0.0,"damage_taken":0.0,"cards_upgraded":["Strike_R","Strike_R","Defend_R","Defend_R","Defend_R"]},{"damage_healed":0.0,"max_hp_gain":0.0,"max_hp_loss":0.0,"gold_gain":999.0,"event_name":"MindBloom","player_choice":"Gold","floor":37.0,"gold_loss":0.0,"damage_taken":0.0,"cards_obtained":["Normality","Normality"]},{"damage_healed":0.0,"max_hp_gain":0.0,"max_hp_loss":0.0,"gold_gain":0.0,"event_name":"NoteForYourself","player_choice":"Ignored","floor":39.0,"gold_loss":0.0,"damage_taken":0.0},{"damage_healed":0,"gold_gain":0,"player_choice":"Bought 0 Potions","damage_taken":0,"max_hp_gain":0,"max_hp_loss":0,"event_name":"The Woman in Blue","floor":46,"gold_loss":0}],"is_beta":false,"boss_relics":[{"not_picked":["Tiny House","Snecko Eye"],"picked":"Sozu"},{"not_picked":["Eternal Feather","Orrery"],"picked":"Fusion Hammer"}],"items_purged_floors":[3,24,38,44],"is_endless":false,"potions_floor_spawned":[2,5,6,16,22,31,33,35,41,48],"ascension_level":0}