{"gold_per_floor":[18,18,18,36,49,49,76,76,76,89,104,114,143,159,159,262,262,274,274,274,274,286,286],"floor_reached":23,"playtime":842,"items_purged":[],"score":213,"play_id":"24bfc4ec-3ec2-4a5e-8b5c-1e4f3fd5d209","local_time":"20181127231316","is_ascension_mode":true,"campfire_choices":[{"data":"Zap","floor":6,"key":"SMITH"},{"data":"Dualcast","floor":8,"key":"SMITH"},{"data":"Hologram","floor":15,"key":"SMITH"}],"neow_cost":"NO_GOLD","seed_source_timestamp":659588784851680,"circlet_count":0,"master_deck":["Strike_B","Strike_B","Strike_B","Defend_B","Defend_B","Defend_B","Zap+1","Dualcast+1","Trip","Secret Technique","Go for the Eyes","Sweeping Beam","Conserve Battery","Doom and Gloom","Leap","Hyperbeam","Hologram+1","Steam","Loop","Echo Form","Loop","Streamline","Storm","Defragment","Redo","Turbo+1","Skim","FTL"],"relics":["Cracked Core","Meat on the Bone","Symbiotic Virus","Shuriken","Orrery","Nilry\u0027s Codex"],"potions_floor_usage":[7,13,13],"damage_taken":[{"damage":9,"enemies":"2 Louse","floor":1,"turns":2},{"damage":1,"enemies":"Cultist","floor":4,"turns":3},{"damage":11,"enemies":"Jaw Worm","floor":5,"turns":3},{"damage":21,"enemies":"Lagavulin","floor":7,"turns":8},{"damage":0,"enemies":"Looter","floor":10,"turns":2},{"damage":0,"enemies":"Gremlin Gang","floor":11,"turns":1},{"damage":0,"enemies":"Lots of Slimes","floor":12,"turns":2},{"damage":14,"enemies":"Gremlin Nob","floor":13,"turns":3},{"damage":2,"enemies":"Exordium Wildlife","floor":14,"turns":3},{"damage":20,"enemies":"Hexaghost","floor":16,"turns":8},{"damage":21,"enemies":"Chosen","floor":18,"turns":5},{"damage":7,"enemies":"3 Byrds","floor":22,"turns":4},{"damage":51,"enemies":"Slavers","floor":23,"turns":3}],"seed_played":"-2418856414571496476","potions_obtained":[{"floor":5,"key":"GamblersBrew"},{"floor":7,"key":"Regen Potion"},{"floor":10,"key":"Fruit Juice"},{"floor":22,"key":"Ancient Potion"}],"is_trial":false,"path_per_floor":["M","?","$","M","M","R","E","R","T","M","M","M","E","M","R","B",null,"M","?","?","?","M","E"],"character_chosen":"DEFECT","items_purchased":[],"campfire_rested":0,"item_purchase_floors":[],"current_hp_per_floor":[66,66,66,65,54,54,33,33,33,45,45,45,45,43,43,35,80,59,59,43,43,48,0],"gold":286,"neow_bonus":"RANDOM_COLORLESS_2","is_prod":false,"is_daily":false,"chose_seed":false,"campfire_upgraded":3,"win_rate":0,"timestamp":1543349596,"path_taken":["M","?","?","M","?","R","E","R","T","M","M","M","E","M","R","BOSS","M","?","?","?","?","E"],"build_version":"2018-11-15","purchased_purges":0,"victory":false,"max_hp_per_floor":[75,75,75,75,75,75,75,75,75,75,75,75,80,80,80,80,80,80,80,80,80,80,80],"card_choices":[{"not_picked":["Steam","Redo"],"picked":"Go for the Eyes","floor":1},{"not_picked":["BootSequence","Compile Driver"],"picked":"Sweeping Beam","floor":4},{"not_picked":["Redo","Steam"],"picked":"Conserve Battery","floor":5},{"not_picked":["Buffer","Leap"],"picked":"Doom and Gloom","floor":7},{"not_picked":["Go for the Eyes","Doom and Gloom"],"picked":"Leap","floor":10},{"not_picked":["Aggregate","Coolheaded"],"picked":"Hyperbeam","floor":11},{"not_picked":["Rebound","Chaos"],"picked":"Hologram","floor":12},{"not_picked":["Turbo","Go for the Eyes"],"picked":"Steam","floor":13},{"not_picked":["Hologram","Force Field"],"picked":"Loop","floor":14},{"not_picked":["Buffer","All For One"],"picked":"Echo Form","floor":16},{"not_picked":["Steam","Lockon"],"picked":"Loop","floor":17},{"not_picked":["Hologram","Turbo"],"picked":"Streamline","floor":17},{"not_picked":["Chaos","Go for the Eyes"],"picked":"Storm","floor":17},{"not_picked":["Hello World","Conserve Battery"],"picked":"Defragment","floor":17},{"not_picked":["Coolheaded","Rip and Tear"],"picked":"Redo","floor":17},{"not_picked":["Leap","Rainbow"],"picked":"Turbo+1","floor":18},{"not_picked":["Aggregate","Hologram"],"picked":"FTL","floor":22}],"player_experience":938941,"relics_obtained":[{"floor":7,"key":"Meat on the Bone"},{"floor":9,"key":"Symbiotic Virus"},{"floor":13,"key":"Shuriken"},{"floor":20,"key":"Nilry\u0027s Codex"}],"event_choices":[{"cards_removed":["Strike_B"],"damage_healed":0,"gold_gain":0,"player_choice":"Purged","damage_taken":0,"max_hp_gain":0,"max_hp_loss":0,"event_name":"Purifier","floor":2,"gold_loss":0},{"damage_healed":0,"gold_gain":0,"player_choice":"Ignored","damage_taken":0,"max_hp_gain":0,"max_hp_loss":0,"event_name":"Ghosts","floor":19,"gold_loss":0},{"damage_healed":0,"gold_gain":0,"player_choice":"Obtained Book","damage_taken":16,"max_hp_gain":0,"max_hp_loss":0,"event_name":"Cursed Tome","floor":20,"gold_loss":0},{"damage_healed":0,"gold_gain":0,"cards_transformed":["Defend_B"],"player_choice":"Transformed","damage_taken":0,"max_hp_gain":0,"max_hp_loss":0,"event_name":"Transmorgrifier","floor":21,"gold_loss":0,"cards_obtained":["Skim"]}],"is_beta":true,"boss_relics":[{"not_picked":["Empty Cage","Coffee Dripper"],"picked":"Orrery"}],"items_purged_floors":[],"is_endless":false,"potions_floor_spawned":[5,7,10,22],"killed_by":"Slavers","ascension_level":1}