{"gold_per_floor":[212,212,212,59,69,69,84,84,84,9,27,43,68,68,68,172,172,184,184,213,213,113],"floor_reached":22,"playtime":749,"items_purged":["Strike_R","Defend_R"],"score":182,"play_id":"c7165d37-58b7-480b-adf8-49871671ed71","local_time":"20190905031654","is_ascension_mode":false,"campfire_choices":[{"data":"Armaments","floor":6.0,"key":"SMITH"},{"data":"Disarm","floor":8.0,"key":"SMITH"},{"data":"Metallicize","floor":15.0,"key":"SMITH"}],"neow_cost":"NONE","seed_source_timestamp":16014795389383,"circlet_count":0,"master_deck":["Strike_R+1","Strike_R+1","Strike_R+1","Defend_R","Defend_R","Defend_R","Bash+1","Armaments+1","Disarm+1","Twin Strike","Metallicize","Metallicize+1","Bludgeon","Pommel Strike+1"],"special_seed":0,"relics":["Burning Blood","Whetstone","Bird Faced Urn","Nunchaku","Philosopher\u0027s Stone","Red Mask"],"potions_floor_usage":[],"damage_taken":[{"damage":6.0,"enemies":"Jaw Worm","floor":1.0,"turns":5.0},{"damage":0.0,"enemies":"Small Slimes","floor":5.0,"turns":2.0},{"damage":0.0,"enemies":"Cultist","floor":7.0,"turns":3.0},{"damage":6.0,"enemies":"Looter","floor":11.0,"turns":4.0},{"damage":5.0,"enemies":"Exordium Thugs","floor":12.0,"turns":5.0},{"damage":12.0,"enemies":"Gremlin Nob","floor":13.0,"turns":5.0},{"damage":17.0,"enemies":"Hexaghost","floor":16.0,"turns":13.0},{"damage":7.0,"enemies":"2 Thieves","floor":18.0,"turns":5.0},{"damage":29,"enemies":"Masked Bandits","floor":20,"turns":6}],"seed_played":"6547086277934279351","potions_obtained":[{"floor":1.0,"key":"Fire Potion"},{"floor":7.0,"key":"Weak Potion"},{"floor":11.0,"key":"GamblersBrew"},{"floor":13.0,"key":"AttackPotion"},{"floor":16.0,"key":"PowerPotion"}],"is_trial":false,"path_per_floor":["M","?","?","$","M","R","M","R","T","$","M","M","E","?","R","B",null,"M","$","?","?","$"],"character_chosen":"IRONCLAD","items_purchased":["Whetstone"],"campfire_rested":0,"item_purchase_floors":[4],"current_hp_per_floor":[80,64,57,57,63,63,69,69,69,69,69,70,66,66,66,59,80,80,80,61,61,61],"gold":113,"neow_bonus":"HUNDRED_GOLD","is_prod":false,"is_daily":false,"chose_seed":false,"campfire_upgraded":3,"win_rate":0,"timestamp":1567675014,"path_taken":["M","?","?","?","M","R","?","R","T","?","M","M","E","?","R","BOSS","M","$","?","?","$"],"build_version":"2019-07-17","purchased_purges":2,"victory":false,"max_hp_per_floor":[80,80,80,80,80,80,80,80,80,80,80,80,80,80,80,80,80,80,80,80,80,80],"card_choices":[{"not_picked":["Ghostly Armor","Shrug It Off"],"picked":"Armaments","floor":1.0},{"not_picked":["Rage","Clothesline"],"picked":"Disarm","floor":5.0},{"not_picked":["Blood for Blood","Pommel Strike"],"picked":"Twin Strike","floor":7.0},{"not_picked":["Sever Soul","Wild Strike","Armaments"],"picked":"SKIP","floor":11.0},{"not_picked":["Sword Boomerang","Infernal Blade"],"picked":"Metallicize","floor":12.0},{"not_picked":["Reckless Charge","Bludgeon"],"picked":"Metallicize","floor":13.0},{"not_picked":["Reaper","Limit Break"],"picked":"Bludgeon","floor":16.0},{"not_picked":["Perfected Strike","Warcry"],"picked":"Pommel Strike+1","floor":18.0}],"player_experience":1717636,"relics_obtained":[{"floor":9.0,"key":"Bird Faced Urn"},{"floor":13.0,"key":"Nunchaku"},{"floor":20,"key":"Red Mask"}],"event_choices":[{"damage_healed":0.0,"max_hp_gain":0.0,"max_hp_loss":0.0,"gold_gain":0.0,"event_name":"Shining Light","player_choice":"Entered Light","floor":2.0,"gold_loss":0.0,"damage_taken":16.0,"cards_upgraded":["Strike_R","Strike_R"]},{"cards_removed":["Strike_R"],"damage_healed":0.0,"max_hp_gain":0.0,"max_hp_loss":0.0,"gold_gain":0.0,"event_name":"Golden Wing","player_choice":"Card Removal","floor":3.0,"gold_loss":0.0,"damage_taken":7.0},{"damage_healed":0.0,"max_hp_gain":0.0,"max_hp_loss":0.0,"gold_gain":0.0,"event_name":"NoteForYourself","player_choice":"Ignored","floor":14.0,"gold_loss":0.0,"damage_taken":0.0},{"damage_healed":0,"gold_gain":0,"player_choice":"Fought Bandits","damage_taken":0,"max_hp_gain":0,"max_hp_loss":0,"event_name":"Masked Bandits","floor":20,"gold_loss":0},{"damage_healed":0,"gold_gain":0,"player_choice":"Ignored","damage_taken":0,"max_hp_gain":0,"max_hp_loss":0,"event_name":"Ghosts","floor":21,"gold_loss":0}],"is_beta":false,"boss_relics":[{"not_picked":["Tiny House","Runic Pyramid"],"picked":"Philosopher\u0027s Stone"}],"items_purged_floors":[10,22],"is_endless":false,"potions_floor_spawned":[1,7,11,13,16],"ascension_level":0}