{"gold_per_floor":[15,15,27,202,202,230,230,45,45,59,78,98,98,113,113,213,213,227,227,244,244,256,256,256],"floor_reached":24,"playtime":2831,"items_purged":[],"score":198,"play_id":"a1f14981-c595-4233-9b99-ef7308358ec7","local_time":"20180907142932","is_ascension_mode":false,"campfire_choices":[{"data":"Shrug It Off","floor":7,"key":"SMITH"},{"data":"Whirlwind","floor":13,"key":"SMITH"},{"data":"Jack Of All Trades","floor":15,"key":"SMITH"},{"floor":23,"key":"REST"}],"neow_cost":"NO_GOLD","seed_source_timestamp":186006695235026,"circlet_count":0,"master_deck":["Strike_R","Strike_R","Strike_R","Strike_R","Strike_R","Defend_R","Defend_R","Defend_R","Defend_R","Bash","Demon Form+1","Seeing Red","Shrug It Off+1","Doubt","Shrug It Off","Whirlwind+1","Jack Of All Trades+1","Hemokinesis","Iron Wave","Armaments","Headbutt","Exhume","Power Through","Impervious"],"relics":["Burning Blood","Ancient Tea Set","Paper Frog","Singing Bowl","Black Star","Nilry\u0027s Codex"],"potions_floor_usage":[11,12,14,24,24,24],"damage_taken":[{"damage":2,"enemies":"2 Louse","floor":1,"turns":3},{"damage":8,"enemies":"Small Slimes","floor":3,"turns":3},{"damage":27,"enemies":"Gremlin Nob","floor":6,"turns":4},{"damage":1,"enemies":"Jaw Worm","floor":10,"turns":5},{"damage":6,"enemies":"Red Slaver","floor":11,"turns":2},{"damage":3,"enemies":"Looter","floor":12,"turns":3},{"damage":0,"enemies":"2 Fungi Beasts","floor":14,"turns":1},{"damage":39,"enemies":"The Guardian","floor":16,"turns":11},{"damage":30,"enemies":"Shell Parasite","floor":18,"turns":10},{"damage":0,"enemies":"3 Byrds","floor":20,"turns":3},{"damage":37,"enemies":"Centurion and Healer","floor":22,"turns":18},{"damage":61,"enemies":"Gremlin Leader","floor":24,"turns":6}],"seed_played":"-4193357843506133450","potions_obtained":[{"floor":6,"key":"Swift Potion"},{"floor":10,"key":"Fire Potion"},{"floor":11,"key":"Energy Potion"},{"floor":16,"key":"LiquidBronze"},{"floor":18,"key":"GamblersBrew"},{"floor":22,"key":"BloodPotion"}],"is_trial":false,"path_per_floor":["M","?","M","?","?","E","R","$","T","M","M","M","R","M","R","B",null,"M","?","M","?","M","R"],"character_chosen":"IRONCLAD","items_purchased":["Whirlwind","Jack Of All Trades"],"campfire_rested":1,"item_purchase_floors":[8,8],"current_hp_per_floor":[80,73,71,71,71,50,50,50,50,55,55,58,58,64,64,31,80,58,42,48,48,17,41,0],"gold":256,"neow_bonus":"THREE_RARE_CARDS","is_prod":false,"is_daily":false,"chose_seed":false,"campfire_upgraded":3,"win_rate":0,"timestamp":1536319772,"path_taken":["M","?","?","?","?","E","R","?","T","M","M","M","R","M","R","BOSS","M","?","?","?","M","R","E"],"build_version":"2018-09-06","purchased_purges":0,"victory":false,"max_hp_per_floor":[80,80,80,80,80,80,80,80,80,80,80,80,80,80,80,80,80,82,82,82,82,82,82,82],"card_choices":[{"not_picked":["Juggernaut","Reaper"],"picked":"Demon Form","floor":0},{"not_picked":["Sword Boomerang","Anger"],"picked":"Seeing Red","floor":1},{"not_picked":["Cleave","Intimidate"],"picked":"Shrug It Off","floor":3},{"not_picked":["Evolve","Dark Embrace"],"picked":"Shrug It Off","floor":6},{"not_picked":["Twin Strike","Thunderclap"],"picked":"Hemokinesis","floor":10},{"not_picked":["Clash","Metallicize"],"picked":"Iron Wave","floor":11},{"not_picked":["Cleave","Iron Wave"],"picked":"Armaments","floor":12},{"not_picked":["Body Slam","Sword Boomerang"],"picked":"Headbutt","floor":14},{"not_picked":["Dark Embrace","Juggernaut"],"picked":"Exhume","floor":16},{"not_picked":["Twin Strike","Infernal Blade","Anger+1"],"picked":"Singing Bowl","floor":18},{"not_picked":["Clothesline+1","Armaments"],"picked":"Power Through","floor":20},{"not_picked":["Evolve","Inflame"],"picked":"Impervious","floor":22}],"player_experience":678289,"relics_obtained":[{"floor":6,"key":"Paper Frog"},{"floor":9,"key":"Singing Bowl"},{"floor":19,"key":"Nilry\u0027s Codex"}],"event_choices":[{"event_name":"Scrap Ooze","player_choice":"success","floor":2,"damage_taken":7},{"event_name":"Liars Game","player_choice":"agreed","floor":4,"damage_taken":0},{"event_name":"Living Wall","player_choice":"Grow","floor":5,"damage_taken":0},{"event_name":"Cursed Tome","player_choice":"Obtained Book","floor":19,"damage_taken":0},{"event_name":"Vampires","player_choice":"Ignored","floor":21,"damage_taken":0}],"is_beta":true,"boss_relics":[{"not_picked":["Black Blood","Runic Pyramid"],"picked":"Black Star"}],"items_purged_floors":[],"is_endless":false,"potions_floor_spawned":[6,10,11,16,18,22],"killed_by":"Gremlin Leader","ascension_level":0}