{"gold_per_floor":[113,126,126,126,3,31,41,58,58,93,106,68,78,108,108,213,213,233,233,223,255,275,310,324,324,404,454,18,37,37,68,68,168,168,188,200,213,227,242,242,242,242],"floor_reached":42,"playtime":4308,"items_purged":["Strike_G"],"score":512,"play_id":"87a4e3eb-dadc-490b-9c1a-93f13be5fa01","local_time":"20181028102353","is_ascension_mode":false,"campfire_choices":[{"floor":15,"key":"REST"},{"data":"Cloak And Dagger","floor":25,"key":"SMITH"},{"data":"After Image","floor":30,"key":"SMITH"},{"floor":32,"key":"REST"},{"data":"Cloak And Dagger","floor":40,"key":"SMITH"}],"neow_cost":"NONE","seed_source_timestamp":257661084782358,"circlet_count":0,"master_deck":["Defend_G","Defend_G+1","Defend_G","Defend_G","Strike_G","Strike_G","Strike_G","Strike_G","Survivor","Neutralize","Panacea+1","Backflip","Predator+1","Cloak And Dagger+1","Well Laid Plans","Footwork","PiercingWail","After Image+1","Blade Dance","Dodge and Roll","Blur","Malaise","Dash","Endless Agony","Escape Plan+1","Escape Plan","Infinite Blades+1","Magnetism","Slice","Malaise","Footwork+1","PiercingWail+1","Flying Knee+1","Underhanded Strike+1","Calculated Gamble","Cloak And Dagger+1","Cloak And Dagger+1","Storm of Steel","Madness","Madness"],"relics":["Ring of the Snake","War Paint","Bag of Marbles","Singing Bowl","Darkstone Periapt","WristBlade","Red Mask","Strawberry","Pear","Blood Vial","Smiling Mask","Orrery"],"potions_floor_usage":[6,10,11,16,21,23,31,33],"damage_taken":[{"damage":8,"enemies":"Jaw Worm","floor":1,"turns":6},{"damage":0,"enemies":"2 Louse","floor":2,"turns":3},{"damage":20,"enemies":"Gremlin Nob","floor":6,"turns":5},{"damage":0,"enemies":"Cultist","floor":7,"turns":3},{"damage":0,"enemies":"Blue Slaver","floor":8,"turns":3},{"damage":9,"enemies":"3 Sentries","floor":10,"turns":6},{"damage":3,"enemies":"Lots of Slimes","floor":11,"turns":5},{"damage":0,"enemies":"Looter","floor":13,"turns":4},{"damage":12,"enemies":"Gremlin Nob","floor":14,"turns":5},{"damage":5,"enemies":"The Guardian","floor":16,"turns":20},{"damage":0,"enemies":"3 Byrds","floor":18,"turns":10},{"damage":30,"enemies":"2 Thieves","floor":20,"turns":4},{"damage":9,"enemies":"Masked Bandits","floor":21,"turns":6},{"damage":1,"enemies":"Snecko","floor":22,"turns":7},{"damage":27,"enemies":"Slavers","floor":23,"turns":10},{"damage":0,"enemies":"Snake Plant","floor":24,"turns":7},{"damage":0,"enemies":"Centurion and Healer","floor":29,"turns":6},{"damage":24,"enemies":"Book of Stabbing","floor":31,"turns":10},{"damage":28,"enemies":"Collector","floor":33,"turns":14},{"damage":7,"enemies":"Orb Walker","floor":35,"turns":4},{"damage":0,"enemies":"3 Shapes","floor":36,"turns":7},{"damage":0,"enemies":"Maw","floor":37,"turns":11},{"damage":33,"enemies":"Jaw Worm Horde","floor":38,"turns":8},{"damage":28,"enemies":"Sphere and 2 Shapes","floor":39,"turns":9},{"damage":64,"enemies":"Transient","floor":42,"turns":5}],"seed_played":"4546388932175806239","potions_obtained":[{"floor":2,"key":"SneckoOil"},{"floor":7,"key":"Explosive Potion"},{"floor":10,"key":"AttackPotion"},{"floor":14,"key":"SkillPotion"},{"floor":20,"key":"Fire Potion"},{"floor":21,"key":"GamblersBrew"},{"floor":24,"key":"Strength Potion"},{"floor":29,"key":"SpeedPotion"},{"floor":37,"key":"Strength Potion"}],"is_trial":false,"path_per_floor":["M","M","?","?","$","E","M","M","T","E","M","?","M","E","R","B",null,"M","?","M","?","M","E","M","R","T","?","$","M","R","E","R","B",null,"M","M","M","M","M","R","?"],"character_chosen":"THE_SILENT","items_purchased":["Cloak And Dagger","Well Laid Plans","Magnetism","Slice","Blood Vial"],"campfire_rested":2,"item_purchase_floors":[5,5,28,28,28],"current_hp_per_floor":[62,62,55,55,55,35,35,35,35,28,25,25,25,13,34,29,72,72,72,42,33,32,12,14,14,24,24,24,28,28,8,36,10,95,90,92,96,65,39,39,27,0],"gold":242,"neow_bonus":"RANDOM_COLORLESS","is_prod":false,"is_daily":false,"chose_seed":false,"campfire_upgraded":3,"win_rate":0,"timestamp":1540711433,"path_taken":["M","M","?","?","?","E","M","M","T","E","M","?","M","E","R","BOSS","M","?","M","?","M","E","M","R","T","?","$","?","R","E","R","BOSS","M","M","M","?","M","R","?","M"],"build_version":"2018-10-25v2","purchased_purges":1,"victory":false,"max_hp_per_floor":[70,70,70,70,70,70,70,70,70,72,72,72,72,72,72,72,72,72,72,72,72,72,79,81,81,91,91,91,93,93,95,95,95,95,97,97,99,99,99,99,99,99],"card_choices":[{"not_picked":["Outmaneuver","Slice"],"picked":"Backflip","floor":1},{"not_picked":["Eviscerate","Flechettes"],"picked":"Predator","floor":2},{"not_picked":["Sucker Punch","Catalyst"],"picked":"Footwork","floor":6},{"not_picked":["Flying Knee","Outmaneuver"],"picked":"PiercingWail","floor":7},{"not_picked":["Acrobatics","Deadly Poison"],"picked":"After Image","floor":8},{"not_picked":["Endless Agony","Outmaneuver","Prepared"],"picked":"Singing Bowl","floor":10},{"not_picked":["Poisoned Stab","Backflip"],"picked":"Blade Dance","floor":11},{"not_picked":["Grand Finale","Deadly Poison"],"picked":"Dodge and Roll","floor":13},{"not_picked":["Setup","Crippling Poison"],"picked":"Blur","floor":14},{"not_picked":["Wraith Form v2","Night Terror"],"picked":"Malaise","floor":16},{"not_picked":["Crippling Poison","Masterful Stab+1"],"picked":"Dash","floor":18},{"not_picked":["Backflip","Expertise"],"picked":"Endless Agony","floor":20},{"not_picked":["Reflex","Bouncing Flask+1"],"picked":"Escape Plan+1","floor":21},{"not_picked":["Dagger Throw+1","Flying Knee"],"picked":"Escape Plan","floor":22},{"not_picked":["Escape Plan","Underhanded Strike"],"picked":"Infinite Blades+1","floor":23},{"not_picked":["Choke","Dodge and Roll","Underhanded Strike"],"picked":"Singing Bowl","floor":24},{"not_picked":["Noxious Fumes","Predator","Concentrate"],"picked":"Singing Bowl","floor":29},{"not_picked":["Flying Knee+1","Sucker Punch","Tactician"],"picked":"Singing Bowl","floor":31},{"not_picked":["Grand Finale","Die Die Die"],"picked":"Malaise","floor":33},{"not_picked":["Caltrops","Quick Slash"],"picked":"Footwork+1","floor":34},{"not_picked":["Poisoned Stab+1","Distraction"],"picked":"PiercingWail+1","floor":34},{"not_picked":["Choke","Outmaneuver+1"],"picked":"Flying Knee+1","floor":34},{"not_picked":["Outmaneuver","Sucker Punch+1"],"picked":"Underhanded Strike+1","floor":34},{"not_picked":["Quick Slash","Expertise"],"picked":"Calculated Gamble","floor":34},{"not_picked":["Distraction","Bouncing Flask","Catalyst"],"picked":"Singing Bowl","floor":35},{"not_picked":["Outmaneuver","Bane+1"],"picked":"Cloak And Dagger","floor":36},{"not_picked":["Dagger Spray+1","All Out Attack+1","Calculated Gamble+1"],"picked":"Singing Bowl","floor":37},{"not_picked":["Masterful Stab","Slice"],"picked":"Cloak And Dagger+1","floor":38},{"not_picked":["Choke+1","Quick Slash"],"picked":"Storm of Steel","floor":39}],"player_experience":843484,"relics_obtained":[{"floor":6,"key":"War Paint"},{"floor":9,"key":"Bag of Marbles"},{"floor":10,"key":"Singing Bowl"},{"floor":14,"key":"Darkstone Periapt"},{"floor":21,"key":"Red Mask"},{"floor":23,"key":"Strawberry"},{"floor":26,"key":"Pear"},{"floor":31,"key":"Smiling Mask"}],"event_choices":[{"cards_removed":["Defend_G"],"damage_healed":0,"gold_gain":0,"player_choice":"Card Removal","damage_taken":7,"max_hp_gain":0,"max_hp_loss":0,"event_name":"Golden Wing","floor":3,"gold_loss":0},{"damage_healed":0,"gold_gain":0,"player_choice":"Upgraded","damage_taken":0,"max_hp_gain":0,"max_hp_loss":0,"event_name":"Upgrade Shrine","floor":4,"gold_loss":0,"cards_upgraded":["Predator"]},{"damage_healed":0,"gold_gain":0,"player_choice":"Left Gold","damage_taken":0,"max_hp_gain":0,"max_hp_loss":0,"event_name":"World of Goop","floor":12,"gold_loss":38},{"damage_healed":0,"gold_gain":0,"player_choice":"Ignored","damage_taken":0,"max_hp_gain":0,"max_hp_loss":0,"event_name":"Ghosts","floor":19,"gold_loss":0},{"damage_healed":0,"gold_gain":0,"player_choice":"Fought Bandits","damage_taken":0,"max_hp_gain":0,"max_hp_loss":0,"event_name":"Masked Bandits","floor":21,"gold_loss":0},{"damage_healed":0,"gold_gain":100,"player_choice":"Bet on Murderer","damage_taken":0,"max_hp_gain":0,"max_hp_loss":0,"event_name":"The Joust","floor":27,"gold_loss":50},{"damage_healed":0,"gold_gain":0,"player_choice":"Embrace Madness","damage_taken":12,"max_hp_gain":0,"max_hp_loss":0,"event_name":"Winding Halls","floor":41,"gold_loss":0,"cards_obtained":["Madness","Madness"]}],"is_beta":true,"boss_relics":[{"not_picked":["Velvet Choker","Ectoplasm"],"picked":"WristBlade"},{"not_picked":["Fusion Hammer","Pandora\u0027s Box"],"picked":"Orrery"}],"items_purged_floors":[28],"is_endless":false,"potions_floor_spawned":[2,7,10,14,20,21,24,29,37],"killed_by":"Transient","ascension_level":0}