{"gold_per_floor":[119,132,132,146,162,162,172,172,199,215,226,176,204,217,217,321,321,337,337,349,349,367,367,383,383,383,401,401,500,500,516,516,516],"floor_reached":33,"playtime":2274,"items_purged":[],"score":278,"play_id":"6b7464e0-4f2d-411a-b43b-2a8496543989","local_time":"20190911024140","is_ascension_mode":false,"campfire_choices":[{"data":"BowlingBash","floor":6.0,"key":"SMITH"},{"data":"JustLucky","floor":8.0,"key":"SMITH"},{"data":"WindmillStrike","floor":15.0,"key":"SMITH"},{"data":"Ragnarok","floor":23.0,"key":"SMITH"},{"data":"Pray","floor":25.0,"key":"SMITH"},{"data":"WindmillStrike","floor":28.0,"key":"SMITH"},{"data":"Devotion","floor":32.0,"key":"SMITH"}],"neow_cost":"NONE","seed_source_timestamp":0,"circlet_count":0,"master_deck":["Strike_P","Strike_P","Defend_P","Defend_P","Defend_P","Defend_P","Eruption","Vigilance","BowlingBash+1","ForeignInfluence+1","FollowUp","EmptyBody","JustLucky+1","CutThroughFate","Weave","WindmillStrike+1","ThirdEye","Ragnarok+1","TalkToTheHand","Conclude+1","CarveReality","Pray+1","Clumsy","WindmillStrike+1","Ghostly","Ghostly","Ghostly","Ghostly","Ghostly","Devotion+1"],"special_seed":0,"relics":["PureWater","Boot","Pen Nib","Cursed Key","Pantograph"],"potions_floor_usage":[],"damage_taken":[{"damage":0.0,"enemies":"2 Louse","floor":1.0,"turns":3.0},{"damage":2.0,"enemies":"Small Slimes","floor":2.0,"turns":2.0},{"damage":0.0,"enemies":"Cultist","floor":4.0,"turns":2.0},{"damage":0.0,"enemies":"Large Slime","floor":5.0,"turns":4.0},{"damage":0.0,"enemies":"Blue Slaver","floor":7.0,"turns":3.0},{"damage":0.0,"enemies":"2 Fungi Beasts","floor":10.0,"turns":2.0},{"damage":0.0,"enemies":"Gremlin Gang","floor":11.0,"turns":4.0},{"damage":5.0,"enemies":"3 Sentries","floor":13.0,"turns":7.0},{"damage":0.0,"enemies":"Looter","floor":14.0,"turns":2.0},{"damage":39.0,"enemies":"Hexaghost","floor":16.0,"turns":10.0},{"damage":17.0,"enemies":"Spheric Guardian","floor":18.0,"turns":4.0},{"damage":0.0,"enemies":"Chosen","floor":20.0,"turns":3.0},{"damage":17.0,"enemies":"Centurion and Healer","floor":22.0,"turns":5.0},{"damage":2.0,"enemies":"Chosen and Byrds","floor":24.0,"turns":4.0},{"damage":7.0,"enemies":"Sentry and Sphere","floor":27.0,"turns":3.0},{"damage":2.0,"enemies":"3 Cultists","floor":31.0,"turns":6.0},{"damage":35,"enemies":"Automaton","floor":33,"turns":8}],"seed_played":"-1306683247633858814","potions_obtained":[{"floor":1.0,"key":"Ancient Potion"},{"floor":2.0,"key":"Poison Potion"},{"floor":11.0,"key":"Swift Potion"},{"floor":24.0,"key":"Dexterity Potion"}],"is_trial":false,"path_per_floor":["M","M","?","M","M","R","M","R","T","M","M","?","E","M","R","B",null,"M","?","M","?","M","R","M","R","T","M","R","?","?","M","R","B"],"character_chosen":"WATCHER","items_purchased":[],"campfire_rested":0,"item_purchase_floors":[],"current_hp_per_floor":[65,63,63,63,63,63,63,63,63,63,63,63,58,58,58,19,65,48,37,37,70,53,53,51,51,51,44,44,44,35,33,33,0],"gold":516,"neow_bonus":"TRANSFORM_CARD","is_prod":false,"is_daily":false,"chose_seed":false,"campfire_upgraded":7,"win_rate":0.0,"timestamp":1568158900,"path_taken":["M","M","?","M","M","R","M","R","T","M","M","?","E","M","R","BOSS","M","?","M","?","M","R","?","R","T","M","R","?","?","M","R","BOSS"],"build_version":"2019-09-09v2","purchased_purges":0,"victory":false,"max_hp_per_floor":[65,65,65,65,65,65,65,65,65,65,65,65,65,65,65,65,65,65,70,70,70,70,70,70,70,70,70,70,70,35,35,35,35],"card_choices":[{"not_picked":["Meditate","Halt"],"picked":"BowlingBash","floor":1.0},{"not_picked":["ClearTheMind","CutThroughFate"],"picked":"ForeignInfluence","floor":2.0},{"not_picked":["Sanctity","ThirdEye"],"picked":"FollowUp","floor":4.0},{"not_picked":["ThirdEye","Crescendo"],"picked":"EmptyBody","floor":5.0},{"not_picked":["Sanctity","Weave"],"picked":"JustLucky","floor":7.0},{"not_picked":["Tantrum","FollowUp"],"picked":"CutThroughFate","floor":10.0},{"not_picked":["Crescendo","Swivel"],"picked":"Weave","floor":11.0},{"not_picked":["Brilliance","Tantrum"],"picked":"WindmillStrike","floor":13.0},{"not_picked":["Sanctity","WreathOfFlame"],"picked":"ThirdEye","floor":14.0},{"not_picked":["Wallop","SignatureMove"],"picked":"Ragnarok","floor":16.0},{"not_picked":["FlyingSleeves+1","CutThroughFate+1"],"picked":"TalkToTheHand","floor":18.0},{"not_picked":["EmptyMind","CutThroughFate"],"picked":"Conclude","floor":20.0},{"not_picked":["BowlingBash","Crescendo"],"picked":"CarveReality","floor":22.0},{"not_picked":["Tantrum+1","CutThroughFate"],"picked":"Pray","floor":24.0},{"not_picked":["WaveOfTheHand","Consecrate"],"picked":"WindmillStrike","floor":27.0},{"not_picked":["EmptyFist","CrushJoints"],"picked":"Devotion","floor":31.0}],"player_experience":263777,"relics_obtained":[{"floor":9.0,"key":"Boot"},{"floor":13.0,"key":"Pen Nib"},{"floor":26.0,"key":"Pantograph"}],"event_choices":[{"damage_healed":0.0,"max_hp_gain":0.0,"max_hp_loss":0.0,"gold_gain":0.0,"event_name":"Living Wall","player_choice":"Grow","floor":3.0,"gold_loss":0.0,"damage_taken":0.0,"cards_upgraded":["ForeignInfluence"]},{"cards_removed":["Strike_P"],"damage_healed":0.0,"max_hp_gain":0.0,"max_hp_loss":0.0,"gold_gain":0.0,"event_name":"The Cleric","player_choice":"Card Removal","floor":12.0,"gold_loss":50.0,"damage_taken":0.0},{"damage_healed":0.0,"max_hp_gain":5.0,"max_hp_loss":0.0,"gold_gain":0.0,"event_name":"Forgotten Altar","player_choice":"Shed Blood","floor":19.0,"gold_loss":0.0,"damage_taken":16.0},{"cards_removed":["Swivel"],"damage_healed":33.0,"max_hp_gain":0.0,"max_hp_loss":0.0,"gold_gain":0.0,"event_name":"Bonfire Elementals","player_choice":"Offered Uncommon","floor":21.0,"gold_loss":0.0,"damage_taken":0.0},{"damage_healed":0.0,"max_hp_gain":0.0,"max_hp_loss":0.0,"gold_gain":99.0,"event_name":"Nest","player_choice":"Stole From Cult","floor":29.0,"gold_loss":0.0,"damage_taken":0.0},{"damage_healed":0.0,"max_hp_gain":0.0,"max_hp_loss":35.0,"gold_gain":0.0,"event_name":"Ghosts","player_choice":"Became a Ghost","floor":30.0,"gold_loss":0.0,"damage_taken":0.0,"cards_obtained":["Ghostly","Ghostly","Ghostly","Ghostly","Ghostly"]}],"is_beta":true,"boss_relics":[{"not_picked":["Fusion Hammer","Black Star"],"picked":"Cursed Key"}],"items_purged_floors":[],"is_endless":false,"potions_floor_spawned":[1,2,11,14,24],"killed_by":"Automaton","ascension_level":0}