{"gold_per_floor":[111,127,138,151,171,200,150,150,150,168,193,193,228,239,239,334,334,352,267,267,267,267,302,316,346,373,298,298,325,343,353,353,454,454,466,20,39,5,18,18,51,81,81,113,147,147,178,178,178,178],"floor_reached":51,"playtime":11439,"items_purged":["Strike_G"],"score":1281,"play_id":"6dbd4ca4-e8e1-41c1-96c3-f37734daeb43","local_time":"20190808182704","is_ascension_mode":true,"campfire_choices":[{"data":"Noxious Fumes","floor":12.0,"key":"SMITH"},{"data":"Catalyst","floor":15.0,"key":"SMITH"},{"data":"Catalyst","floor":32,"key":"SMITH"},{"data":"Noxious Fumes","floor":40,"key":"SMITH"},{"data":"Ghostly","floor":49,"key":"SMITH"}],"neow_cost":"PERCENT_DAMAGE","seed_source_timestamp":0,"circlet_count":0,"master_deck":["Strike_G","Strike_G","Strike_G","Defend_G","Defend_G","Defend_G","Defend_G+1","Defend_G","Survivor","Neutralize","Deflect","Deadly Poison+1","Catalyst+1","Cloak And Dagger","Dagger Throw","Escape Plan","Noxious Fumes+1","Glass Knife+1","Backflip","Flying Knee+1","Die Die Die+1","Slice+1","Ghostly","Ghostly+1","Ghostly","Ghostly","Ghostly+1","Deadly Poison+1","Noxious Fumes+1","Well Laid Plans+1","Catalyst+1","PiercingWail","After Image","Noxious Fumes+1","Blur+1","Corpse Explosion","Distraction+1"],"special_seed":0,"relics":["Ring of the Snake","Incense Burner","Molten Egg 2","Omamori","Shovel","Black Star","Oddly Smooth Stone","PreservedInsect","Thread and Needle","Blue Candle","Snake Skull","Vajra","WingedGreaves","StoneCalendar","Philosopher\u0027s Stone","Paper Crane","Toolbox","War Paint","Calipers","Bag of Preparation","Pen Nib","The Courier","Anchor","Tough Bandages","Smiling Mask","Bag of Marbles","Lantern","Bottled Tornado","FaceOfCleric"],"potions_floor_usage":[21,31,33,41,41,50,50],"damage_taken":[{"damage":0.0,"enemies":"Small Slimes","floor":1.0,"turns":3.0},{"damage":0.0,"enemies":"Jaw Worm","floor":2.0,"turns":5.0},{"damage":0.0,"enemies":"Cultist","floor":3.0,"turns":3.0},{"damage":5.0,"enemies":"Blue Slaver","floor":4.0,"turns":3.0},{"damage":6.0,"enemies":"Looter","floor":5.0,"turns":4.0},{"damage":18.0,"enemies":"Lagavulin","floor":6.0,"turns":9.0},{"damage":3.0,"enemies":"3 Louse","floor":10.0,"turns":5.0},{"damage":4.0,"enemies":"3 Sentries","floor":11.0,"turns":8.0},{"damage":13.0,"enemies":"Lagavulin","floor":13.0,"turns":5.0},{"damage":3.0,"enemies":"Lots of Slimes","floor":14.0,"turns":4.0},{"damage":15.0,"enemies":"Slime Boss","floor":16.0,"turns":7.0},{"damage":8,"enemies":"3 Byrds","floor":18,"turns":5},{"damage":0,"enemies":"Chosen","floor":21,"turns":4},{"damage":7,"enemies":"Book of Stabbing","floor":23,"turns":6},{"damage":0,"enemies":"3 Cultists","floor":24,"turns":5},{"damage":0,"enemies":"Slavers","floor":25,"turns":4},{"damage":0,"enemies":"Gremlin Leader","floor":29,"turns":5},{"damage":0,"enemies":"Chosen and Byrds","floor":30,"turns":5},{"damage":1,"enemies":"Snake Plant","floor":31,"turns":4},{"damage":0,"enemies":"Collector","floor":33,"turns":5},{"damage":0,"enemies":"3 Shapes","floor":35,"turns":3},{"damage":0,"enemies":"Orb Walker","floor":37,"turns":4},{"damage":0,"enemies":"Transient","floor":39,"turns":5},{"damage":0,"enemies":"Nemesis","floor":41,"turns":5},{"damage":0,"enemies":"Giant Head","floor":42,"turns":5},{"damage":0,"enemies":"Nemesis","floor":44,"turns":5},{"damage":0,"enemies":"Giant Head","floor":45,"turns":4},{"damage":0,"enemies":"Nemesis","floor":47,"turns":5},{"damage":0,"enemies":"Awakened One","floor":50,"turns":12}],"seed_played":"-6133396427063672143","potions_obtained":[{"floor":2.0,"key":"Block Potion"},{"floor":3.0,"key":"SmokeBomb"},{"floor":5.0,"key":"EssenceOfSteel"},{"floor":13.0,"key":"Regen Potion"},{"floor":16.0,"key":"Ancient Potion"},{"floor":18,"key":"Ancient Potion"},{"floor":24,"key":"Regen Potion"},{"floor":25,"key":"Block Potion"},{"floor":30,"key":"Energy Potion"},{"floor":33,"key":"SmokeBomb"},{"floor":39,"key":"GamblersBrew"},{"floor":42,"key":"Dexterity Potion"},{"floor":44,"key":"Energy Potion"},{"floor":45,"key":"GhostInAJar"}],"is_trial":false,"path_per_floor":["M","M","M","M","M","E","?","?","T","M","E","R","E","M","R","B",null,"M","?","?","M","?","E","M","E","T","$","?","E","M","M","R","B",null,"M","$","M","$","M","R","E","E","T","E","E","?","E","?","R","B",null],"character_chosen":"THE_SILENT","items_purchased":["Paper Crane","Toolbox","Noxious Fumes"],"campfire_rested":0,"item_purchase_floors":[36,36,38],"current_hp_per_floor":[63,63,63,58,52,34,34,34,34,31,27,27,14,11,11,11,84,76,76,60,60,44,37,37,37,37,37,37,37,37,36,36,44,44,44,44,44,44,44,44,44,44,44,44,44,44,44,44,44,45],"gold":178,"neow_bonus":"TWENTY_PERCENT_HP_BONUS","is_prod":false,"is_daily":false,"chose_seed":false,"campfire_upgraded":5,"win_rate":0,"timestamp":1565278024,"path_taken":["M","M","M","M","M","E","?","?","T","M","E","R","E","M","R","BOSS","M","?","?","M","?","E","M","E","T","$","?","E","M","?","R","BOSS","M","$","M","?","M","R","E","E","T","E","E","?","E","?","R","BOSS"],"build_version":"2019-07-17","purchased_purges":1,"victory":true,"max_hp_per_floor":[84,84,84,84,84,84,84,84,84,84,84,84,84,84,84,84,84,84,84,89,89,44,44,44,44,44,44,44,44,44,44,44,44,44,44,44,44,44,44,44,44,44,44,44,44,44,44,44,44,45],"card_choices":[{"not_picked":["Tactician","Well Laid Plans"],"picked":"Deflect","floor":1.0},{"not_picked":["Eviscerate","Poisoned Stab"],"picked":"Deadly Poison","floor":2.0},{"not_picked":["Skewer","Dagger Spray"],"picked":"Catalyst","floor":3.0},{"not_picked":["Deflect","Heel Hook"],"picked":"Cloak And Dagger","floor":4.0},{"not_picked":["Outmaneuver","Underhanded Strike"],"picked":"Dagger Throw","floor":5.0},{"not_picked":["Flying Knee","Finisher"],"picked":"Escape Plan","floor":6.0},{"not_picked":["Dagger Throw+1","Skewer+1"],"picked":"Noxious Fumes","floor":10.0},{"not_picked":["Acrobatics","Finisher+1"],"picked":"Glass Knife+1","floor":11.0},{"not_picked":["Blur","Underhanded Strike+1"],"picked":"Backflip","floor":13.0},{"not_picked":["Dagger Spray+1","Poisoned Stab+1"],"picked":"Flying Knee+1","floor":14.0},{"not_picked":["Tools of the Trade","Grand Finale+1"],"picked":"Die Die Die+1","floor":16.0},{"not_picked":["Acrobatics","Reflex"],"picked":"Slice+1","floor":18},{"not_picked":["Expertise","Blur"],"picked":"Deadly Poison+1","floor":23},{"not_picked":["Eviscerate+1","Acrobatics","Dagger Spray+1"],"picked":"SKIP","floor":24},{"not_picked":["Riddle With Holes+1","Unload+1"],"picked":"Noxious Fumes","floor":25},{"not_picked":["All Out Attack+1","Distraction"],"picked":"Well Laid Plans+1","floor":29},{"not_picked":["Eviscerate+1","Setup"],"picked":"Catalyst","floor":30},{"not_picked":["Blade Dance","Predator+1"],"picked":"PiercingWail","floor":31},{"not_picked":["Grand Finale+1","Envenom"],"picked":"After Image","floor":33},{"not_picked":["Deflect","Skewer+1","Well Laid Plans+1"],"picked":"SKIP","floor":35},{"not_picked":["Slice+1","Quick Slash+1","Accuracy+1"],"picked":"SKIP","floor":37},{"not_picked":["Setup","Dagger Spray+1","Infinite Blades"],"picked":"SKIP","floor":39},{"not_picked":["Masterful Stab+1","Backflip"],"picked":"Blur+1","floor":41},{"not_picked":["Backflip+1","Underhanded Strike+1"],"picked":"Corpse Explosion","floor":42},{"not_picked":["Dagger Spray+1","Dodge and Roll"],"picked":"Distraction+1","floor":44},{"not_picked":["Prepared","Reflex+1"],"picked":"Backflip+1","floor":45},{"not_picked":["Quick Slash+1","Crippling Poison","Acrobatics+1"],"picked":"SKIP","floor":47}],"player_experience":193186,"relics_obtained":[{"floor":6.0,"key":"Incense Burner"},{"floor":9.0,"key":"Molten Egg 2"},{"floor":11.0,"key":"Omamori"},{"floor":13.0,"key":"Shovel"},{"floor":23,"key":"PreservedInsect"},{"floor":23,"key":"Thread and Needle"},{"floor":25,"key":"Blue Candle"},{"floor":25,"key":"Snake Skull"},{"floor":26,"key":"Vajra"},{"floor":29,"key":"WingedGreaves"},{"floor":29,"key":"StoneCalendar"},{"floor":41,"key":"War Paint"},{"floor":41,"key":"Calipers"},{"floor":42,"key":"Bag of Preparation"},{"floor":42,"key":"Pen Nib"},{"floor":43,"key":"The Courier"},{"floor":44,"key":"Anchor"},{"floor":44,"key":"Tough Bandages"},{"floor":45,"key":"Smiling Mask"},{"floor":45,"key":"Bag of Marbles"},{"floor":47,"key":"Lantern"},{"floor":47,"key":"Bottled Tornado"}],"event_choices":[{"cards_removed":["Strike_G"],"damage_healed":0.0,"max_hp_gain":0.0,"max_hp_loss":0.0,"gold_gain":0.0,"event_name":"The Cleric","player_choice":"Card Removal","floor":7.0,"gold_loss":50.0,"damage_taken":0.0},{"damage_healed":0.0,"max_hp_gain":0.0,"max_hp_loss":0.0,"gold_gain":0.0,"event_name":"Upgrade Shrine","player_choice":"Upgraded","floor":8.0,"gold_loss":0.0,"damage_taken":0.0,"cards_upgraded":["Deadly Poison"]},{"damage_healed":0,"gold_gain":0,"player_choice":"Obtained Relic","damage_taken":0,"relics_obtained":["Oddly Smooth Stone"],"max_hp_gain":0,"max_hp_loss":0,"event_name":"Addict","floor":19,"gold_loss":85},{"damage_healed":0,"gold_gain":0,"player_choice":"Shed Blood","damage_taken":21,"max_hp_gain":5,"max_hp_loss":0,"event_name":"Forgotten Altar","floor":20,"gold_loss":0},{"damage_healed":0,"gold_gain":0,"player_choice":"Became a Ghost","damage_taken":0,"max_hp_gain":0,"max_hp_loss":45,"event_name":"Ghosts","floor":22,"gold_loss":0,"cards_obtained":["Ghostly","Ghostly","Ghostly","Ghostly","Ghostly"]},{"damage_healed":0,"gold_gain":0,"player_choice":"Upgraded","damage_taken":0,"max_hp_gain":0,"max_hp_loss":0,"event_name":"Upgrade Shrine","floor":28,"gold_loss":0,"cards_upgraded":["Noxious Fumes"]},{"cards_removed":["Backflip"],"damage_healed":0,"gold_gain":0,"player_choice":"Removed Skill","damage_taken":0,"max_hp_gain":0,"max_hp_loss":0,"event_name":"Falling","floor":46,"gold_loss":0},{"damage_healed":0,"gold_gain":0,"player_choice":"Trade","damage_taken":0,"relics_obtained":["FaceOfCleric"],"max_hp_gain":0,"max_hp_loss":0,"event_name":"FaceTrader","floor":48,"gold_loss":0}],"is_beta":false,"boss_relics":[{"not_picked":["Pandora\u0027s Box","Snecko Eye"],"picked":"Black Star"},{"not_picked":["White Beast Statue","Empty Cage"],"picked":"Philosopher\u0027s Stone"}],"items_purged_floors":[27],"is_endless":false,"potions_floor_spawned":[2,3,5,13,16,18,24,25,30,33,39,42,44,45],"ascension_level":1}