{"gold_per_floor":[117,117,195,220,236,275,275,30,30,108,108,108,108,7,7,128,128,152,170,170,183,201,201,240,240,292,315,330,330,368,384,384,509,509,534,659,679,679,679,679,715,715,715,733,764,777,812,832,832,832],"floor_reached":51,"playtime":2456,"items_purged":[],"score":966,"play_id":"f2746f70-91b6-4b7b-bbbe-0f9c9f91e342","local_time":"20190917215309","is_ascension_mode":true,"campfire_choices":[{"data":"Shockwave","floor":7,"key":"SMITH"},{"data":"Bash","floor":11,"key":"SMITH"},{"data":"Devotion","floor":13,"key":"SMITH"},{"data":"Sword Boomerang","floor":15,"key":"SMITH"},{"data":"Demon Form","floor":23,"key":"SMITH"},{"data":"Iron Wave","floor":25,"key":"SMITH"},{"data":"Reaper","floor":29,"key":"SMITH"},{"data":"Clothesline","floor":32,"key":"SMITH"},{"data":"Barricade","floor":40,"key":"SMITH"},{"data":"Shrug It Off","floor":42,"key":"SMITH"},{"data":"Strike_R","floor":49,"key":"PURGE"}],"neow_cost":"NONE","seed_source_timestamp":122923394122600,"circlet_count":0,"master_deck":["Strike_R","Strike_R","Strike_R+1","Strike_R","Defend_R","Defend_R","Defend_R","Defend_R","Clothesline+1","Shrug It Off+1","Shockwave+1","Devotion+1","Reckless Charge","Havoc+1","Demon Form+1","Armaments+1","Reaper+1","Disarm+1","Iron Wave+1","Flex+1","Anger","Havoc+1","Bloodletting+1","Shrug It Off+1","Rage+1","Barricade+1","Flame Barrier+1","Disarm+1","Dual Wield+1","Master of Strategy+1","Transmutation+1","Discovery+1","Fire Breathing+1","Offering+1","Headbutt+1"],"relics":["Burning Blood","Vajra","Golden Idol","Shuriken","Potion Belt","HornCleat","Toxic Egg 2","Whetstone","Runic Pyramid","The Courier","MealTicket","Blue Candle","Sozu","Unceasing Top","Bag of Preparation","Peace Pipe","Singing Bowl","Red Skull"],"potions_floor_usage":[10,30,30,35],"damage_taken":[{"damage":2,"enemies":"2 Louse","floor":1,"turns":3},{"damage":11,"enemies":"Jaw Worm","floor":4,"turns":2},{"damage":10,"enemies":"Small Slimes","floor":5,"turns":2},{"damage":22,"enemies":"Gremlin Nob","floor":6,"turns":4},{"damage":4,"enemies":"Gremlin Nob","floor":10,"turns":4},{"damage":24,"enemies":"Slime Boss","floor":16,"turns":10},{"damage":17,"enemies":"3 Byrds","floor":18,"turns":5},{"damage":7,"enemies":"Shell Parasite","floor":19,"turns":5},{"damage":14,"enemies":"Centurion and Healer","floor":21,"turns":9},{"damage":22,"enemies":"Shelled Parasite and Fungi","floor":22,"turns":5},{"damage":24,"enemies":"Book of Stabbing","floor":24,"turns":7},{"damage":0,"enemies":"Snecko","floor":27,"turns":3},{"damage":11,"enemies":"Snake Plant","floor":28,"turns":5},{"damage":28,"enemies":"Slavers","floor":30,"turns":5},{"damage":8,"enemies":"Cultist and Chosen","floor":31,"turns":8},{"damage":15,"enemies":"Collector","floor":33,"turns":8},{"damage":2,"enemies":"Orb Walker","floor":35,"turns":4},{"damage":3,"enemies":"Mind Bloom Boss Battle","floor":36,"turns":7},{"damage":10,"enemies":"3 Shapes","floor":37,"turns":7},{"damage":15,"enemies":"Giant Head","floor":41,"turns":5},{"damage":3,"enemies":"Sphere and 2 Shapes","floor":44,"turns":5},{"damage":19,"enemies":"Reptomancer","floor":45,"turns":5},{"damage":22,"enemies":"4 Shapes","floor":46,"turns":5},{"damage":9,"enemies":"Nemesis","floor":47,"turns":7},{"damage":9,"enemies":"3 Darklings","floor":48,"turns":6},{"damage":40,"enemies":"Time Eater","floor":50,"turns":7}],"seed_played":"-1962239399610325763","potions_obtained":[{"floor":5,"key":"Regen Potion"},{"floor":6,"key":"Explosive Potion"},{"floor":10,"key":"Ancient Potion"},{"floor":19,"key":"Fire Potion"},{"floor":22,"key":"Weak Potion"},{"floor":31,"key":"Weak Potion"},{"floor":33,"key":"EssenceOfSteel"}],"is_trial":false,"path_per_floor":["M","?","T","M","M","E","R","$","T","?","R","?","R","$","R","B",null,"M","M","?","M","M","R","E","R","T","M","M","R","E","M","R","B",null,"M","?","M","?","?","R","E","R","T","M","E","M","E","M","R","B",null],"character_chosen":"IRONCLAD","items_purchased":["HornCleat","Reckless Charge","Havoc+1"],"campfire_rested":0,"item_purchase_floors":[8,14,14],"current_hp_per_floor":[80,60,60,55,51,35,35,35,35,49,49,49,49,49,49,31,80,69,68,68,78,74,74,75,75,75,80,75,75,74,80,80,79,80,80,80,80,80,70,70,80,80,80,80,80,64,82,84,84,84],"gold":832,"neow_bonus":"RANDOM_COMMON_RELIC","is_prod":false,"is_daily":false,"chose_seed":false,"campfire_upgraded":10,"win_rate":0,"timestamp":1568746389,"path_taken":["M","?","?","M","M","E","R","?","T","?","R","?","R","$","R","BOSS","M","?","?","M","?","R","E","R","T","M","M","R","E","M","R","BOSS","M","?","M","?","?","R","E","R","T","M","E","?","E","M","R","BOSS"],"build_version":"2019-09-17","purchased_purges":0,"victory":true,"max_hp_per_floor":[80,80,80,80,80,80,80,80,80,80,80,80,80,80,80,80,80,80,80,80,80,80,80,80,80,80,80,80,80,80,80,80,80,80,80,80,80,80,80,80,80,80,80,80,80,80,82,84,84,84],"card_choices":[{"not_picked":["Sentinel","Flex"],"picked":"Wild Strike","floor":1},{"not_picked":["Carnage","Rupture"],"picked":"Clothesline","floor":4},{"not_picked":["Warcry","Entrench"],"picked":"Shrug It Off","floor":5},{"not_picked":["Intimidate","Bloodletting"],"picked":"Shockwave","floor":6},{"not_picked":["Flex+1","Sever Soul"],"picked":"Sword Boomerang","floor":10},{"not_picked":["Reaper","Bludgeon"],"picked":"Demon Form","floor":16},{"not_picked":["Flex+1","Perfected Strike"],"picked":"Armaments+1","floor":18},{"not_picked":["Clothesline","Body Slam+1"],"picked":"Reaper","floor":19},{"not_picked":["Sword Boomerang+1","Thunderclap"],"picked":"Iron Wave","floor":21},{"not_picked":["Wild Strike","Heavy Blade","Flex+1"],"picked":"SKIP","floor":22},{"not_picked":["Wild Strike","Heavy Blade"],"picked":"Flex+1","floor":22},{"not_picked":["Havoc+1","Dual Wield+1"],"picked":"Anger","floor":24},{"not_picked":["Entrench+1","Flex+1"],"picked":"Havoc+1","floor":27},{"not_picked":["Headbutt","Heavy Blade+1"],"picked":"Bloodletting+1","floor":28},{"not_picked":["Whirlwind","Sentinel+1"],"picked":"Shrug It Off+1","floor":30},{"not_picked":["Battle Trance+1","Havoc+1"],"picked":"Rage+1","floor":31},{"not_picked":["Exhume+1","Bludgeon"],"picked":"Barricade","floor":33},{"not_picked":["Clothesline+1","Sentinel+1"],"picked":"Flame Barrier+1","floor":35},{"not_picked":["Flex+1","Anger"],"picked":"Disarm+1","floor":36},{"not_picked":["Seeing Red+1","Bloodletting+1"],"picked":"Dual Wield+1","floor":37},{"not_picked":["Thinking Ahead+1","Purity+1"],"picked":"Master of Strategy+1","floor":39},{"not_picked":["Trip+1","Bandage Up+1"],"picked":"Transmutation+1","floor":39},{"not_picked":["Finesse+1","Enlightenment+1"],"picked":"Discovery+1","floor":39},{"not_picked":["Twin Strike","Wild Strike+1","Evolve+1"],"picked":"SKIP","floor":41},{"not_picked":["Warcry+1","Iron Wave+1"],"picked":"Fire Breathing+1","floor":44},{"not_picked":["Perfected Strike+1","Dual Wield+1"],"picked":"Offering+1","floor":45},{"not_picked":["Spot Weakness+1","Ghostly Armor+1"],"picked":"Headbutt+1","floor":46},{"not_picked":["Pommel Strike","Iron Wave+1","Twin Strike+1"],"picked":"Singing Bowl","floor":47},{"not_picked":["Armaments+1","Headbutt+1","Body Slam+1"],"picked":"Singing Bowl","floor":48}],"player_experience":293306,"relics_obtained":[{"floor":3,"key":"Shuriken"},{"floor":6,"key":"Potion Belt"},{"floor":9,"key":"Toxic Egg 2"},{"floor":10,"key":"Whetstone"},{"floor":24,"key":"The Courier"},{"floor":26,"key":"MealTicket"},{"floor":30,"key":"Blue Candle"},{"floor":36,"key":"Unceasing Top"},{"floor":41,"key":"Bag of Preparation"},{"floor":43,"key":"Peace Pipe"},{"floor":45,"key":"Singing Bowl"},{"floor":47,"key":"Red Skull"}],"event_choices":[{"damage_healed":0,"gold_gain":0,"player_choice":"Take Damage","damage_taken":20,"relics_obtained":["Golden Idol"],"max_hp_gain":0,"max_hp_loss":0,"event_name":"Golden Idol","floor":2,"gold_loss":0},{"damage_healed":0,"gold_gain":0,"player_choice":"Searched \u00271\u0027 times","damage_taken":0,"max_hp_gain":0,"max_hp_loss":0,"event_name":"Dead Adventurer","floor":10,"gold_loss":0},{"cards_removed":["Bash"],"damage_healed":0,"gold_gain":0,"player_choice":"Took Card","damage_taken":0,"max_hp_gain":0,"max_hp_loss":0,"event_name":"NoteForYourself","floor":12,"gold_loss":0,"cards_obtained":["Devotion"]},{"damage_healed":0,"gold_gain":0,"cards_transformed":["Wild Strike"],"player_choice":"Transformed","damage_taken":0,"max_hp_gain":0,"max_hp_loss":0,"event_name":"Transmorgrifier","floor":20,"gold_loss":0,"cards_obtained":["Disarm"]},{"damage_healed":0,"gold_gain":0,"player_choice":"Fight","damage_taken":0,"max_hp_gain":0,"max_hp_loss":0,"event_name":"MindBloom","floor":36,"gold_loss":0},{"cards_removed":["Sword Boomerang"],"damage_healed":0,"gold_gain":0,"player_choice":"Removed Attack","damage_taken":0,"max_hp_gain":0,"max_hp_loss":0,"event_name":"Falling","floor":38,"gold_loss":0},{"damage_healed":0,"gold_gain":0,"player_choice":"Memory 3","damage_taken":10,"max_hp_gain":0,"max_hp_loss":0,"event_name":"SensoryStone","floor":39,"gold_loss":0}],"is_beta":true,"boss_relics":[{"not_picked":["Fusion Hammer","Ectoplasm"],"picked":"Runic Pyramid"},{"not_picked":["Philosopher\u0027s Stone","Pandora\u0027s Box"],"picked":"Sozu"}],"items_purged_floors":[],"is_endless":false,"potions_floor_spawned":[5,6,10,19,22,31,33,37,44,47,48],"ascension_level":1}