{"gold_per_floor":[119,119,131,146,96,124,138,172,224,254,266,294,306,347,359,471,483,509,534,645,671,205,232,232,232,232,266,292,302,329,244,244,347,347,364,409,428,428,650,681,681,696,696,696,726,726,726,726,726,726],"floor_reached":51,"playtime":3468,"items_purged":["Strike_R"],"score":868,"play_id":"33519d2d-413f-4477-9689-11fcc4c4bd23","local_time":"20190903014614","is_ascension_mode":true,"campfire_choices":[{"data":"Disarm","floor":13,"key":"SMITH"},{"data":"Iron Wave","floor":15,"key":"SMITH"},{"data":"Entrench","floor":25,"key":"SMITH"},{"data":"Double Tap","floor":32,"key":"SMITH"},{"data":"Juggernaut","floor":44,"key":"SMITH"},{"data":"Entrench","floor":46,"key":"SMITH"},{"data":"Demon Form","floor":49,"key":"SMITH"}],"neow_cost":"CURSE","seed_source_timestamp":9111371617000,"circlet_count":0,"master_deck":["Strike_R","Strike_R","Strike_R","Defend_R","Defend_R","Bash","Disarm+1","Pummel","Iron Wave","True Grit","Shrug It Off","Flex","Shrug It Off","Iron Wave+1","Impervious","Dual Wield","Demon Form+1","Iron Wave","Headbutt","Double Tap+1","Entrench+1","Iron Wave","Armaments+1","Infernal Blade","Juggernaut+1","Impervious","Entrench+1","True Grit","Good Instincts","Iron Wave","Doubt","Madness","Madness"],"relics":["Burning Blood","Gambling Chip","Lantern","Gremlin Horn","MawBank","Juzu Bracelet","Coffee Dripper","Kunai","Bottled Flame","Bag of Preparation","Mercury Hourglass","Ornamental Fan","Red Mask","Ancient Tea Set","Bronze Scales","Black Star","Thread and Needle","Unceasing Top","Oddly Smooth Stone","Molten Egg 2","Self Forming Clay","Shuriken"],"potions_floor_usage":[6,14,16,16,50,50],"damage_taken":[{"damage":2,"enemies":"Small Slimes","floor":1,"turns":4},{"damage":6,"enemies":"Cultist","floor":3,"turns":3},{"damage":0,"enemies":"2 Louse","floor":4,"turns":2},{"damage":41,"enemies":"3 Sentries","floor":6,"turns":11},{"damage":4,"enemies":"Exordium Wildlife","floor":7,"turns":6},{"damage":29,"enemies":"Gremlin Nob","floor":8,"turns":5},{"damage":0,"enemies":"3 Louse","floor":10,"turns":3},{"damage":6,"enemies":"2 Fungi Beasts","floor":12,"turns":4},{"damage":28,"enemies":"Lagavulin","floor":14,"turns":10},{"damage":5,"enemies":"The Guardian","floor":16,"turns":22},{"damage":0,"enemies":"Shell Parasite","floor":18,"turns":6},{"damage":2,"enemies":"Spheric Guardian","floor":19,"turns":5},{"damage":10,"enemies":"Shelled Parasite and Fungi","floor":21,"turns":9},{"damage":19,"enemies":"Gremlin Leader","floor":23,"turns":8},{"damage":7,"enemies":"Slavers","floor":27,"turns":8},{"damage":7,"enemies":"Masked Bandits","floor":28,"turns":6},{"damage":0,"enemies":"Cultist and Chosen","floor":29,"turns":7},{"damage":9,"enemies":"Gremlin Leader","floor":30,"turns":6},{"damage":11,"enemies":"Automaton","floor":33,"turns":10},{"damage":7,"enemies":"3 Shapes","floor":35,"turns":5},{"damage":68,"enemies":"2 Orb Walkers","floor":36,"turns":7},{"damage":0,"enemies":"Orb Walker","floor":37,"turns":3},{"damage":8,"enemies":"Nemesis","floor":40,"turns":9},{"damage":1,"enemies":"Transient","floor":42,"turns":5},{"damage":13,"enemies":"Giant Head","floor":45,"turns":9},{"damage":32,"enemies":"Time Eater","floor":50,"turns":10}],"seed_played":"4781737554900052169","potions_obtained":[{"floor":1,"key":"Dexterity Potion"},{"floor":3,"key":"Fire Potion"},{"floor":8,"key":"Regen Potion"},{"floor":14,"key":"Dexterity Potion"},{"floor":16,"key":"Strength Potion"},{"floor":23,"key":"Ancient Potion"},{"floor":28,"key":"LiquidBronze"}],"is_trial":false,"path_per_floor":["M","?","M","M","?","E","M","E","T","M","?","M","R","E","R","B",null,"M","M","?","M","$","E","?","R","T","E","?","M","E","?","R","B",null,"M","?","M","?","?","E","?","M","T","R","E","R","?","?","R","B",null],"character_chosen":"IRONCLAD","items_purchased":["Kunai","Double Tap","Entrench"],"campfire_rested":0,"item_purchase_floors":[22,22,22],"current_hp_per_floor":[80,80,80,80,80,45,47,24,24,30,23,23,23,16,16,17,80,80,80,80,76,76,63,63,63,63,62,61,67,64,64,64,59,80,79,17,23,23,23,21,80,80,80,80,73,73,73,63,63,37],"gold":726,"neow_bonus":"ONE_RARE_RELIC","is_prod":false,"is_daily":false,"chose_seed":false,"campfire_upgraded":7,"win_rate":0,"timestamp":1567464374,"path_taken":["M","?","?","M","?","E","M","E","T","M","?","?","R","E","R","BOSS","M","M","?","M","$","E","?","R","T","E","?","M","E","?","R","BOSS","M","?","M","?","?","E","?","M","T","R","E","R","?","?","R","BOSS"],"build_version":"2019-07-17","purchased_purges":1,"victory":true,"max_hp_per_floor":[80,80,80,80,80,80,80,80,80,80,80,80,80,80,80,80,80,80,80,80,80,80,80,80,80,80,80,80,80,80,80,80,80,80,80,80,80,80,80,80,80,80,80,80,80,80,80,80,80,80],"card_choices":[{"not_picked":["Pommel Strike","Rupture"],"picked":"Disarm","floor":1},{"not_picked":["Havoc","Perfected Strike"],"picked":"Iron Wave","floor":3},{"not_picked":["Perfected Strike","Pummel"],"picked":"True Grit","floor":4},{"not_picked":["Warcry","Spot Weakness"],"picked":"Shrug It Off","floor":6},{"not_picked":["Wild Strike","Reaper"],"picked":"Flex","floor":7},{"not_picked":["Anger","Twin Strike"],"picked":"Shrug It Off","floor":8},{"not_picked":["Blood for Blood","Wild Strike"],"picked":"Iron Wave","floor":10},{"not_picked":["Shrug It Off","Infernal Blade"],"picked":"Impervious","floor":12},{"not_picked":["Havoc","Sword Boomerang"],"picked":"Dual Wield","floor":14},{"not_picked":["Feed","Fiend Fire"],"picked":"Demon Form","floor":16},{"not_picked":["Anger","Clash+1"],"picked":"Iron Wave","floor":18},{"not_picked":["Dropkick+1","Impervious"],"picked":"Headbutt","floor":19},{"not_picked":["Thunderclap","Pommel Strike","Twin Strike"],"picked":"SKIP","floor":21},{"not_picked":["Sword Boomerang","Twin Strike"],"picked":"Iron Wave","floor":23},{"not_picked":["Shrug It Off","Cleave"],"picked":"Armaments+1","floor":27},{"not_picked":["Thunderclap","Hemokinesis"],"picked":"Infernal Blade","floor":28},{"not_picked":["Dropkick","Clash","Armaments"],"picked":"SKIP","floor":29},{"not_picked":["Thunderclap","Metallicize+1"],"picked":"Juggernaut","floor":30},{"not_picked":["Feed","Offering"],"picked":"Impervious","floor":33},{"not_picked":["Anger+1","Burning Pact"],"picked":"Entrench","floor":35},{"not_picked":["Heavy Blade","Body Slam"],"picked":"True Grit","floor":36},{"not_picked":["Fire Breathing","Perfected Strike+1","Dropkick"],"picked":"SKIP","floor":37},{"not_picked":["Sadistic Nature","Madness"],"picked":"Good Instincts","floor":38},{"not_picked":["Anger","Twin Strike"],"picked":"Iron Wave","floor":40},{"not_picked":["Pummel","Pommel Strike","Armaments"],"picked":"SKIP","floor":42},{"not_picked":["Anger+1","Warcry","Heavy Blade+1"],"picked":"SKIP","floor":45}],"player_experience":238039,"relics_obtained":[{"floor":6,"key":"Lantern"},{"floor":8,"key":"Gremlin Horn"},{"floor":9,"key":"MawBank"},{"floor":14,"key":"Juzu Bracelet"},{"floor":23,"key":"Bottled Flame"},{"floor":26,"key":"Mercury Hourglass"},{"floor":27,"key":"Ornamental Fan"},{"floor":28,"key":"Red Mask"},{"floor":30,"key":"Ancient Tea Set"},{"floor":36,"key":"Thread and Needle"},{"floor":40,"key":"Unceasing Top"},{"floor":40,"key":"Oddly Smooth Stone"},{"floor":43,"key":"Molten Egg 2"},{"floor":45,"key":"Self Forming Clay"},{"floor":45,"key":"Shuriken"}],"event_choices":[{"damage_healed":0,"gold_gain":0,"cards_transformed":["Defend_R"],"player_choice":"Transformed","damage_taken":0,"max_hp_gain":0,"max_hp_loss":0,"event_name":"Transmorgrifier","floor":2,"gold_loss":0,"cards_obtained":["Pummel"]},{"cards_removed":["Injury"],"damage_healed":0,"gold_gain":0,"player_choice":"Card Removal","damage_taken":0,"max_hp_gain":0,"max_hp_loss":0,"event_name":"The Cleric","floor":5,"gold_loss":50},{"cards_removed":["Defend_R"],"damage_healed":0,"gold_gain":0,"player_choice":"Card Removal","damage_taken":7,"max_hp_gain":0,"max_hp_loss":0,"event_name":"Golden Wing","floor":11,"gold_loss":0},{"damage_healed":0,"gold_gain":99,"player_choice":"Stole From Cult","damage_taken":0,"max_hp_gain":0,"max_hp_loss":0,"event_name":"Nest","floor":20,"gold_loss":0},{"damage_healed":0,"gold_gain":0,"player_choice":"Opened","damage_taken":0,"relics_obtained":["Bag of Preparation"],"max_hp_gain":0,"max_hp_loss":0,"event_name":"The Mausoleum","floor":24,"gold_loss":0},{"damage_healed":0,"gold_gain":0,"player_choice":"Fought Bandits","damage_taken":0,"max_hp_gain":0,"max_hp_loss":0,"event_name":"Masked Bandits","floor":28,"gold_loss":0},{"damage_healed":0,"gold_gain":0,"player_choice":"Obtained Relic","damage_taken":0,"relics_obtained":["Bronze Scales"],"max_hp_gain":0,"max_hp_loss":0,"event_name":"Addict","floor":31,"gold_loss":85},{"damage_healed":0,"gold_gain":0,"player_choice":"Fight","damage_taken":0,"max_hp_gain":0,"max_hp_loss":0,"event_name":"Mysterious Sphere","floor":36,"gold_loss":0},{"damage_healed":0,"gold_gain":0,"player_choice":"Memory 1","damage_taken":0,"max_hp_gain":0,"max_hp_loss":0,"event_name":"SensoryStone","floor":38,"gold_loss":0},{"damage_healed":0,"gold_gain":222,"player_choice":"Wore Mask","damage_taken":0,"max_hp_gain":0,"max_hp_loss":0,"event_name":"Tomb of Lord Red Mask","floor":39,"gold_loss":0},{"damage_healed":59,"gold_gain":0,"player_choice":"Heal","damage_taken":0,"max_hp_gain":0,"max_hp_loss":0,"event_name":"MindBloom","floor":41,"gold_loss":0,"cards_obtained":["Doubt"]},{"cards_removed":["Strike_R"],"damage_healed":0,"gold_gain":0,"player_choice":"Removed Attack","damage_taken":0,"max_hp_gain":0,"max_hp_loss":0,"event_name":"Falling","floor":47,"gold_loss":0},{"damage_healed":0,"gold_gain":0,"player_choice":"Embrace Madness","damage_taken":10,"max_hp_gain":0,"max_hp_loss":0,"event_name":"Winding Halls","floor":48,"gold_loss":0,"cards_obtained":["Madness","Madness"]}],"is_beta":false,"boss_relics":[{"not_picked":["Black Blood","Orrery"],"picked":"Coffee Dripper"},{"not_picked":["Empty Cage","Mark of Pain"],"picked":"Black Star"}],"items_purged_floors":[22],"is_endless":false,"potions_floor_spawned":[1,3,8,14,16,23,28,30,33,37,40],"ascension_level":1}