{"gold_per_floor":[113,130,148,223,237,237,266,266,266,283,308,326,326,360,360,460,460,479,499,518,443,443,471,471,483,483,509,509,509,543,570,570,669,669,680,700,47,47,47,47,74,74,147,175,186,201,228,246,246,246],"floor_reached":51,"playtime":2853,"items_purged":["Strike_B"],"score":880,"play_id":"1bed20d3-47eb-4fd5-97c1-99d1a9224d9b","local_time":"20190818015605","is_ascension_mode":true,"campfire_choices":[{"data":"Dualcast","floor":6,"key":"SMITH"},{"data":"Hologram","floor":8,"key":"SMITH"},{"data":"Static Discharge","floor":13,"key":"SMITH"},{"data":"Streamline","floor":15,"key":"SMITH"},{"data":"Fission","floor":24,"key":"SMITH"},{"data":"Beam Cell","floor":28,"key":"SMITH"},{"data":"Tempest","floor":32,"key":"SMITH"},{"data":"Zap","floor":40,"key":"SMITH"},{"data":"Blind","floor":42,"key":"SMITH"},{"data":"Glacier","floor":49,"key":"SMITH"}],"neow_cost":"NONE","seed_source_timestamp":84344987433001,"circlet_count":0,"master_deck":["Strike_B","Strike_B","Defend_B","Defend_B","Defend_B","Defend_B","Zap+1","Dualcast+1","Blind+1","Static Discharge+1","Streamline+1","Glacier+1","Cold Snap","Hologram+1","Machine Learning+1","Genetic Algorithm","Steam","Conserve Battery","Fission+1","Beam Cell+1","BootSequence","Tempest+1","Hologram+1","Hologram+1","Ball Lightning","Electrodynamics+1","Fission+1","Tempest+1","Echo Form+1","Go for the Eyes+1","Rebound+1","Skim+1","Redo+1","Madness+1","Madness+1","Chaos+1","Undo+1"],"relics":["Cracked Core","Emotion Chip","Frozen Egg 2","Mercury Hourglass","Pen Nib","Runic Dome","Toxic Egg 2","Bottled Tornado","Ornamental Fan","Nunchaku","Red Mask","Bottled Lightning","Sozu","TheAbacus","Singing Bowl","Blue Candle","Meat on the Bone","Molten Egg 2","Dodecahedron"],"potions_floor_usage":[14,14,16,16,33],"damage_taken":[{"damage":0,"enemies":"Cultist","floor":1,"turns":4},{"damage":0,"enemies":"2 Louse","floor":2,"turns":3},{"damage":2,"enemies":"Small Slimes","floor":3,"turns":3},{"damage":1,"enemies":"Blue Slaver","floor":5,"turns":4},{"damage":14,"enemies":"Lagavulin","floor":7,"turns":6},{"damage":1,"enemies":"Large Slime","floor":10,"turns":5},{"damage":16,"enemies":"3 Sentries","floor":11,"turns":6},{"damage":19,"enemies":"Gremlin Gang","floor":12,"turns":3},{"damage":10,"enemies":"Gremlin Nob","floor":14,"turns":3},{"damage":3,"enemies":"Slime Boss","floor":16,"turns":11},{"damage":7,"enemies":"Spheric Guardian","floor":18,"turns":6},{"damage":0,"enemies":"3 Byrds","floor":19,"turns":4},{"damage":8,"enemies":"Centurion and Healer","floor":20,"turns":5},{"damage":14,"enemies":"Slavers","floor":23,"turns":5},{"damage":1,"enemies":"Chosen and Byrds","floor":25,"turns":3},{"damage":11,"enemies":"Gremlin Leader","floor":27,"turns":5},{"damage":0,"enemies":"Masked Bandits","floor":30,"turns":3},{"damage":5,"enemies":"Book of Stabbing","floor":31,"turns":5},{"damage":31,"enemies":"Collector","floor":33,"turns":8},{"damage":0,"enemies":"3 Shapes","floor":35,"turns":4},{"damage":0,"enemies":"Orb Walker","floor":36,"turns":2},{"damage":4,"enemies":"Giant Head","floor":41,"turns":7},{"damage":13,"enemies":"Nemesis","floor":44,"turns":5},{"damage":0,"enemies":"Maw","floor":45,"turns":6},{"damage":16,"enemies":"Sphere and 2 Shapes","floor":46,"turns":4},{"damage":0,"enemies":"Giant Head","floor":47,"turns":8},{"damage":12,"enemies":"Jaw Worm Horde","floor":48,"turns":4},{"damage":2,"enemies":"Awakened One","floor":50,"turns":11}],"seed_played":"4766985362544782834","potions_obtained":[{"floor":5,"key":"Regen Potion"},{"floor":10,"key":"Fruit Juice"},{"floor":12,"key":"FearPotion"},{"floor":14,"key":"Energy Potion"},{"floor":19,"key":"SpeedPotion"},{"floor":20,"key":"Block Potion"},{"floor":25,"key":"Explosive Potion"},{"floor":27,"key":"Energy Potion"},{"floor":30,"key":"Block Potion"}],"is_trial":false,"path_per_floor":["M","M","M","?","M","R","E","R","T","M","E","M","R","E","R","B",null,"M","M","M","?","?","E","R","M","T","E","R","?","?","E","R","B",null,"M","M","$","?","?","R","E","R","T","E","M","M","E","M","R","B",null],"character_chosen":"DEFECT","items_purchased":["TheAbacus","Singing Bowl","Skim+1","Redo+1"],"campfire_rested":0,"item_purchase_floors":[37,37,37,37],"current_hp_per_floor":[75,75,73,62,61,61,47,47,47,46,30,11,11,6,6,18,80,73,73,65,65,65,51,51,50,50,39,39,39,39,34,34,3,80,80,80,80,70,70,70,68,68,68,57,59,55,55,57,57,55],"gold":246,"neow_bonus":"RANDOM_COLORLESS","is_prod":false,"is_daily":false,"chose_seed":false,"campfire_upgraded":10,"win_rate":0,"timestamp":1566082565,"path_taken":["M","M","M","?","M","R","E","R","T","M","E","M","R","E","R","BOSS","M","M","M","?","?","E","R","?","T","E","R","?","?","E","R","BOSS","M","M","$","?","?","R","E","R","T","E","?","M","E","M","R","BOSS"],"build_version":"2019-07-17","purchased_purges":1,"victory":true,"max_hp_per_floor":[75,75,75,75,75,75,75,75,75,75,75,75,75,80,80,80,80,80,80,80,80,80,80,80,80,80,80,80,80,80,80,80,80,80,80,80,80,80,80,80,82,82,82,84,86,86,86,88,88,88],"card_choices":[{"not_picked":["Compile Driver","Coolheaded"],"picked":"Static Discharge","floor":1},{"not_picked":["Coolheaded","Redo"],"picked":"Streamline","floor":2},{"not_picked":["Lockon","Streamline"],"picked":"Glacier","floor":3},{"not_picked":["Meteor Strike","Conserve Battery"],"picked":"Cold Snap","floor":5},{"not_picked":["Redo","Steam"],"picked":"Hologram","floor":7},{"not_picked":["Gash","FTL"],"picked":"Machine Learning+1","floor":10},{"not_picked":["Cold Snap","Stack"],"picked":"Genetic Algorithm","floor":11},{"not_picked":["Stack","Auto Shields"],"picked":"Steam","floor":12},{"not_picked":["Coolheaded","Cold Snap"],"picked":"Conserve Battery","floor":14},{"not_picked":["Amplify","Machine Learning+1"],"picked":"Fission","floor":16},{"not_picked":["Turbo","Chill"],"picked":"Beam Cell","floor":18},{"not_picked":["Steam Power","Compile Driver"],"picked":"BootSequence","floor":19},{"not_picked":["Coolheaded+1","Barrage"],"picked":"Tempest","floor":20},{"not_picked":["Blizzard+1","Beam Cell+1"],"picked":"Hologram+1","floor":23},{"not_picked":["Steam Power+1","Rip and Tear"],"picked":"Hologram+1","floor":25},{"not_picked":["Fusion+1","Double Energy+1"],"picked":"Ball Lightning","floor":27},{"not_picked":["Go for the Eyes","Beam Cell+1"],"picked":"Fission+1","floor":30},{"not_picked":["Genetic Algorithm+1","Cold Snap+1"],"picked":"Tempest+1","floor":31},{"not_picked":["Creative AI+1","All For One"],"picked":"Echo Form+1","floor":33},{"not_picked":["Gash","Scrape"],"picked":"Go for the Eyes+1","floor":35},{"not_picked":["Beam Cell+1","Blizzard"],"picked":"Rebound+1","floor":36},{"not_picked":["Rebound","Beam Cell+1","Genetic Algorithm+1"],"picked":"Singing Bowl","floor":41},{"not_picked":["Redo+1","Coolheaded+1","Rebound"],"picked":"Singing Bowl","floor":44},{"not_picked":["Blizzard+1","Beam Cell+1","Turbo+1"],"picked":"Singing Bowl","floor":45},{"not_picked":["Compile Driver+1","Chill+1"],"picked":"Chaos+1","floor":46},{"not_picked":["Darkness+1","Rebound+1"],"picked":"Undo+1","floor":47},{"not_picked":["Scrape+1","Genetic Algorithm+1","Conserve Battery+1"],"picked":"Singing Bowl","floor":48}],"player_experience":227291,"relics_obtained":[{"floor":7,"key":"Emotion Chip"},{"floor":9,"key":"Frozen Egg 2"},{"floor":11,"key":"Mercury Hourglass"},{"floor":14,"key":"Pen Nib"},{"floor":23,"key":"Bottled Tornado"},{"floor":26,"key":"Ornamental Fan"},{"floor":27,"key":"Nunchaku"},{"floor":30,"key":"Red Mask"},{"floor":31,"key":"Bottled Lightning"},{"floor":41,"key":"Blue Candle"},{"floor":43,"key":"Meat on the Bone"},{"floor":44,"key":"Molten Egg 2"},{"floor":47,"key":"Dodecahedron"}],"event_choices":[{"damage_healed":0,"gold_gain":75,"player_choice":"Gather Gold","damage_taken":11,"max_hp_gain":0,"max_hp_loss":0,"event_name":"World of Goop","floor":4,"gold_loss":0},{"cards_removed":["Strike_B"],"damage_healed":0,"gold_gain":0,"player_choice":"Gave Gold","damage_taken":0,"max_hp_gain":0,"max_hp_loss":0,"event_name":"Beggar","floor":21,"gold_loss":75},{"damage_healed":0,"gold_gain":0,"player_choice":"Gave Potion","damage_taken":0,"relics_obtained":["Toxic Egg 2"],"max_hp_gain":0,"max_hp_loss":0,"event_name":"WeMeetAgain","floor":22,"gold_loss":0},{"damage_healed":0,"gold_gain":0,"player_choice":"Read","damage_taken":0,"max_hp_gain":0,"max_hp_loss":0,"event_name":"The Library","floor":29,"gold_loss":0,"cards_obtained":["Electrodynamics"]},{"damage_healed":0,"gold_gain":0,"player_choice":"Fought Bandits","damage_taken":0,"max_hp_gain":0,"max_hp_loss":0,"event_name":"Masked Bandits","floor":30,"gold_loss":0},{"damage_healed":0,"gold_gain":0,"player_choice":"Embrace Madness","damage_taken":10,"max_hp_gain":0,"max_hp_loss":0,"event_name":"Winding Halls","floor":38,"gold_loss":0,"cards_obtained":["Madness","Madness"]},{"damage_healed":0,"gold_gain":0,"player_choice":"Got Potions","damage_taken":0,"max_hp_gain":0,"max_hp_loss":0,"event_name":"Lab","floor":39,"gold_loss":0}],"is_beta":false,"boss_relics":[{"not_picked":["Lizard Tail","Nuclear Battery"],"picked":"Runic Dome"},{"not_picked":["Cursed Key","Snecko Eye"],"picked":"Sozu"}],"items_purged_floors":[37],"is_endless":false,"potions_floor_spawned":[5,10,12,14,19,20,25,27,30,45,46,47,48],"ascension_level":1}