{"gold_per_floor":[111,126,140,155,168,194,194,223,249,274,290,23,23,37,37,142,142,161,161,161,180,192,226,238,256,305,350,350,383,395,430,430,526,526,542,97,97,97,16,43,143,177,247,261,272,303,351,380,380,380],"floor_reached":51,"playtime":3209,"items_purged":["Strike_G"],"score":1564,"play_id":"19aae806-8dde-4183-a294-f13e635918ee","local_time":"20190313104103","is_ascension_mode":true,"campfire_choices":[{"data":"Noxious Fumes","floor":7,"key":"SMITH"},{"data":"Malaise","floor":15,"key":"SMITH"},{"data":"Footwork","floor":28,"key":"SMITH"},{"data":"Jack Of All Trades","floor":32,"key":"SMITH"},{"data":"Calculated Gamble","floor":49,"key":"SMITH"}],"neow_cost":"","seed_source_timestamp":0,"circlet_count":0,"master_deck":["Defend_G","Defend_G","Defend_G","Defend_G","Defend_G","Strike_G","Strike_G","Strike_G","Survivor","Neutralize","Masterful Stab+1","Escape Plan+1","Deflect","Noxious Fumes+1","Dodge and Roll","Jack Of All Trades+1","Dagger Throw+1","Cloak And Dagger","Malaise+1","Footwork+1","Choke+1","Flying Knee+1","Masterful Stab+1","Well Laid Plans","PiercingWail","Backstab+1","Blur","Doppelganger","Well Laid Plans","Quick Slash+1","strawberrySpire:Slide","Distraction","Madness+1","Madness","Calculated Gamble+1","Dagger Throw+1","Escape Plan","Calculated Gamble+1"],"special_seed":0,"relics":["Ring of the Snake","Molten Egg 2","Potion Belt","HandDrill","strawberrySpire:ElefentMask","Vajra","Tough Bandages","strawberrySpire:KineticCharger","Bag of Marbles","Juzu Bracelet","strawberrySpire:PoopsieRoll","Busted Crown","Blood Vial","Bottled Flame","Snake Skull","Regal Pillow","Calipers","Ancient Tea Set","strawberrySpire:Dictionifier","Bag of Preparation","FossilizedHelix","War Paint","Peace Pipe","Singing Bowl","Gremlin Horn","Blue Candle","Ginger","Bronze Scales"],"potions_floor_usage":[4,29,40,48,50,50,50,50],"damage_taken":[{"damage":0,"enemies":"Cultist","floor":1,"turns":3},{"damage":0,"enemies":"2 Louse","floor":2,"turns":3},{"damage":0,"enemies":"Small Slimes","floor":3,"turns":3},{"damage":0,"enemies":"Blue Slaver","floor":4,"turns":1},{"damage":0,"enemies":"2 Fungi Beasts","floor":5,"turns":4},{"damage":10,"enemies":"Lagavulin","floor":6,"turns":7},{"damage":28,"enemies":"Gremlin Nob","floor":8,"turns":4},{"damage":11,"enemies":"strawberrySpire:EnergyPylons","floor":10,"turns":5},{"damage":1,"enemies":"Large Slime","floor":11,"turns":5},{"damage":0,"enemies":"Lots of Slimes","floor":14,"turns":1},{"damage":0,"enemies":"Slime Boss","floor":16,"turns":4},{"damage":0,"enemies":"theJungle:MUSHROOMGANG","floor":18,"turns":3},{"damage":0,"enemies":"theJungle:5_Spyders","floor":21,"turns":6},{"damage":0,"enemies":"theJungle:JungleHuntersEncounter","floor":22,"turns":5},{"damage":0,"enemies":"theJungle:Cassacara","floor":23,"turns":5},{"damage":0,"enemies":"theJungle:SlimyTreeVines","floor":24,"turns":1},{"damage":0,"enemies":"theJungle:Lyon","floor":25,"turns":1},{"damage":0,"enemies":"theJungle:2_Phrogs","floor":29,"turns":5},{"damage":0,"enemies":"theJungle:2_Snecko_Cultists","floor":30,"turns":2},{"damage":0,"enemies":"theJungle:MamaSnecko","floor":31,"turns":3},{"damage":0,"enemies":"theJungle:FunGuy","floor":33,"turns":9},{"damage":2,"enemies":"3 Darklings","floor":35,"turns":5},{"damage":0,"enemies":"Giant Head","floor":40,"turns":9},{"damage":14,"enemies":"Mind Bloom Boss Battle","floor":41,"turns":5},{"damage":0,"enemies":"strawberrySpire:EssenceStones","floor":42,"turns":5},{"damage":0,"enemies":"Orb Walker","floor":44,"turns":1},{"damage":0,"enemies":"3 Darklings","floor":45,"turns":3},{"damage":0,"enemies":"Nemesis","floor":46,"turns":5},{"damage":0,"enemies":"2 Orb Walkers","floor":47,"turns":4},{"damage":9,"enemies":"Reptomancer","floor":48,"turns":5},{"damage":0,"enemies":"Awakened One","floor":50,"turns":13}],"seed_played":"-4571336364987549761","potions_obtained":[{"floor":2,"key":"FearPotion"},{"floor":6,"key":"Ancient Potion"},{"floor":11,"key":"Weak Potion"},{"floor":16,"key":"Regen Potion"},{"floor":18,"key":"SkillPotion"},{"floor":21,"key":"Block Potion"},{"floor":24,"key":"AttackPotion"},{"floor":31,"key":"Strength Potion"},{"floor":35,"key":"LiquidBronze"},{"floor":42,"key":"Weak Potion"},{"floor":46,"key":"GamblersBrew"}],"is_trial":false,"path_per_floor":["M","M","M","M","M","E","R","E","T","E","M","$","T","M","R","B",null,"M","?","?","M","M","E","M","M","T","T","R","E","M","E","R","B",null,"M","$","?","?","$","E","?","E","T","M","M","E","?","E","R","B",null],"character_chosen":"THE_SILENT","items_purchased":["Molten Egg 2","Masterful Stab+1","Escape Plan","Deflect","Potion Belt","HandDrill","strawberrySpire:ElefentMask","Noxious Fumes","Dodge and Roll","Jack Of All Trades","Dagger Throw+1","Juzu Bracelet","Backstab+1","Blur","Bag of Preparation","FossilizedHelix","Calculated Gamble","Dagger Throw+1"],"campfire_rested":0,"item_purchase_floors":[0,0,0,0,0,0,0,0,0,0,0,12,12,12,36,36,39,39],"current_hp_per_floor":[70,70,70,70,70,60,60,32,32,21,20,20,20,20,20,20,70,70,70,80,80,80,80,80,80,80,80,80,80,80,80,80,80,80,78,78,68,68,68,70,58,62,62,66,70,72,76,71,71,73],"gold":380,"neow_bonus":"","is_prod":false,"is_daily":false,"chose_seed":false,"campfire_upgraded":5,"win_rate":0,"timestamp":1552462863,"path_taken":["M","M","M","M","M","E","R","E","T","E","M","?","?","M","R","BOSS","M","?","?","M","M","E","M","M","T","?","R","E","M","E","R","BOSS","M","$","?","?","$","E","?","E","T","M","M","E","?","E","R","BOSS"],"build_version":"2019-02-06","purchased_purges":1,"victory":true,"max_hp_per_floor":[70,70,70,70,70,70,70,70,70,70,70,70,70,70,70,70,70,70,70,80,80,80,80,80,80,80,80,80,80,80,80,80,80,80,80,80,80,80,80,80,80,82,82,84,86,86,88,90,90,90],"card_choices":[{"not_picked":["Quick Slash+1","strawberrySpire:Plunge+1"],"picked":"Cloak And Dagger","floor":1},{"not_picked":["Blade Dance","Underhanded Strike+1"],"picked":"Malaise","floor":2},{"not_picked":["strawberrySpire:Slide","Distraction"],"picked":"Footwork","floor":3},{"not_picked":["strawberrySpire:Pant","strawberrySpire:DeltaFlow","Expertise"],"picked":"SKIP","floor":4},{"not_picked":["strawberrySpire:Insectonator","Predator+1"],"picked":"Choke+1","floor":5},{"not_picked":["Acrobatics","Distraction"],"picked":"Flying Knee+1","floor":6},{"not_picked":["Deadly Poison","Sucker Punch+1"],"picked":"Masterful Stab+1","floor":8},{"not_picked":["Expertise","Dodge and Roll"],"picked":"Well Laid Plans","floor":10},{"not_picked":["strawberrySpire:HopSkipAndJump","Bane+1"],"picked":"PiercingWail","floor":11},{"not_picked":["Tactician","Flying Knee+1"],"picked":"Doppelganger","floor":14},{"not_picked":["Unload+1","Venomology"],"picked":"Die Die Die+1","floor":16},{"not_picked":["Deflect"],"picked":"SKIP","floor":18},{"not_picked":["Reflex"],"picked":"SKIP","floor":21},{"not_picked":[],"picked":"Well Laid Plans","floor":22},{"not_picked":[],"picked":"Quick Slash+1","floor":23},{"not_picked":["strawberrySpire:SideSwipe+1"],"picked":"SKIP","floor":24},{"not_picked":[],"picked":"strawberrySpire:Slide","floor":25},{"not_picked":["Reflex"],"picked":"SKIP","floor":29},{"not_picked":["strawberrySpire:DeltaFlow+1"],"picked":"SKIP","floor":30},{"not_picked":["Expertise"],"picked":"SKIP","floor":31},{"not_picked":[],"picked":"Distraction","floor":35},{"not_picked":[],"picked":"Escape Plan","floor":40},{"not_picked":["Eviscerate+1"],"picked":"Singing Bowl","floor":42},{"not_picked":["Slice+1"],"picked":"Singing Bowl","floor":44},{"not_picked":["Flechettes+1"],"picked":"Singing Bowl","floor":45},{"not_picked":[],"picked":"Calculated Gamble+1","floor":46},{"not_picked":["Poisoned Stab+1"],"picked":"Singing Bowl","floor":47},{"not_picked":["Skewer+1"],"picked":"Singing Bowl","floor":48}],"player_experience":1187767,"relics_obtained":[{"floor":6,"key":"Vajra"},{"floor":8,"key":"Tough Bandages"},{"floor":9,"key":"strawberrySpire:KineticCharger"},{"floor":10,"key":"Bag of Marbles"},{"floor":13,"key":"strawberrySpire:PoopsieRoll"},{"floor":23,"key":"Bottled Flame"},{"floor":26,"key":"Snake Skull"},{"floor":27,"key":"Regal Pillow"},{"floor":29,"key":"Calipers"},{"floor":31,"key":"Ancient Tea Set"},{"floor":40,"key":"War Paint"},{"floor":41,"key":"Peace Pipe"},{"floor":42,"key":"Singing Bowl"},{"floor":43,"key":"Gremlin Horn"},{"floor":46,"key":"Blue Candle"},{"floor":47,"key":"Ginger"},{"floor":48,"key":"Bronze Scales"}],"event_choices":[{"damage_healed":0,"gold_gain":0,"player_choice":"Gave Potion","damage_taken":0,"relics_obtained":["Blood Vial"],"max_hp_gain":0,"max_hp_loss":0,"event_name":"WeMeetAgain","floor":19,"gold_loss":0},{"cards_removed":["Die Die Die"],"damage_healed":0,"gold_gain":0,"player_choice":"Offered Rare","damage_taken":0,"max_hp_gain":10,"max_hp_loss":0,"event_name":"Bonfire Elementals","floor":20,"gold_loss":0},{"damage_healed":0,"gold_gain":0,"player_choice":"Embrace Madness","damage_taken":10,"max_hp_gain":0,"max_hp_loss":0,"event_name":"Winding Halls","floor":37,"gold_loss":0,"cards_obtained":["Madness","Madness"]},{"cards_removed":["Strike_G"],"damage_healed":0,"gold_gain":0,"player_choice":"Removed Attack","damage_taken":0,"max_hp_gain":0,"max_hp_loss":0,"event_name":"Falling","floor":38,"gold_loss":0},{"damage_healed":0,"gold_gain":0,"player_choice":"Fight","damage_taken":0,"max_hp_gain":0,"max_hp_loss":0,"event_name":"MindBloom","floor":41,"gold_loss":0},{"damage_healed":0,"gold_gain":0,"player_choice":"Fight","damage_taken":0,"max_hp_gain":0,"max_hp_loss":0,"event_name":"Mysterious Sphere","floor":47,"gold_loss":0}],"is_beta":true,"boss_relics":[{"not_picked":["strawberrySpire:SolarisEssence","Velvet Choker"],"picked":"Busted Crown"},{"not_picked":["Runic Pyramid","Empty Cage"],"picked":"strawberrySpire:Dictionifier"}],"items_purged_floors":[0],"is_endless":false,"potions_floor_spawned":[2,6,11,16,18,21,24,31,35,42,46],"ascension_level":1}