{"gold_per_floor":[116,131,149,99,118,118,150,150,150,180,191,191,266,323,323,424,724,739,336,435,451,10,10,41,41,67,67,67,77,105,105,105,105],"floor_reached":33,"playtime":1979,"items_purged":["Strike_G"],"score":306,"play_id":"c1528e50-29e4-4ea7-baeb-900e6c436989","local_time":"20190919211915","is_ascension_mode":true,"campfire_choices":[{"data":"Deadly Poison","floor":6,"key":"SMITH"},{"data":"Calculated Gamble","floor":8,"key":"SMITH"},{"floor":12,"key":"REST"},{"data":"Deadly Poison","floor":15,"key":"SMITH"},{"data":"Poisoned Stab","floor":23,"key":"SMITH"},{"data":"Dagger Spray","floor":25,"key":"SMITH"},{"data":"Doppelganger","floor":27,"key":"SMITH"},{"data":"Neutralize","floor":28,"key":"SMITH"},{"data":"Masterful Stab","floor":32,"key":"SMITH"}],"neow_cost":"NONE","seed_source_timestamp":294176506894800,"circlet_count":0,"master_deck":["Strike_G","Strike_G","Strike_G","Defend_G","Defend_G","Defend_G","Defend_G","Survivor","Neutralize+1","Deadly Poison+1","Deadly Poison+1","Poisoned Stab+1","Deflect","Calculated Gamble+1","Deflect","Dagger Spray+1","Doppelganger+1","Dash+1","Well Laid Plans","Escape Plan","Deflect+1","Masterful Stab+1"],"relics":["Ring of the Snake","Omamori","Juzu Bracelet","Regal Pillow","Mercury Hourglass","Akabeko","Calling Bell","Strawberry","Blue Candle","Old Coin","TwistedFunnel","Orichalcum","Meat on the Bone","Strange Spoon","WingedGreaves","Happy Flower","Mummified Hand"],"potions_floor_usage":[14,30,33],"damage_taken":[{"damage":0,"enemies":"Small Slimes","floor":1,"turns":3},{"damage":0,"enemies":"2 Louse","floor":2,"turns":2},{"damage":2,"enemies":"Jaw Worm","floor":3,"turns":5},{"damage":13,"enemies":"Lots of Slimes","floor":5,"turns":6},{"damage":14,"enemies":"Lagavulin","floor":7,"turns":6},{"damage":22,"enemies":"Gremlin Nob","floor":10,"turns":4},{"damage":0,"enemies":"Exordium Wildlife","floor":11,"turns":4},{"damage":19,"enemies":"Gremlin Nob","floor":14,"turns":4},{"damage":33,"enemies":"Slime Boss","floor":16,"turns":10},{"damage":5,"enemies":"3 Byrds","floor":18,"turns":3},{"damage":0,"enemies":"Chosen","floor":21,"turns":4},{"damage":16,"enemies":"Slavers","floor":24,"turns":3},{"damage":0,"enemies":"Snecko","floor":29,"turns":4},{"damage":21,"enemies":"Gremlin Leader","floor":30,"turns":4},{"damage":56,"enemies":"Champ","floor":33,"turns":9}],"seed_played":"-8574891565407700095","potions_obtained":[{"floor":3,"key":"Regen Potion"},{"floor":5,"key":"Ancient Potion"},{"floor":7,"key":"Block Potion"},{"floor":16,"key":"PowerPotion"},{"floor":21,"key":"Regen Potion"},{"floor":30,"key":"FearPotion"}],"is_trial":false,"path_per_floor":["M","M","M","?","M","R","E","R","T","E","M","R","?","?","R","B",null,"M","$","?","M","$","R","E","R","T","R","R","M","E","?","R","B"],"character_chosen":"THE_SILENT","items_purchased":["TwistedFunnel","Orichalcum","Well Laid Plans","Meat on the Bone","Strange Spoon","Escape Plan"],"campfire_rested":1,"item_purchase_floors":[19,19,19,22,22,22],"current_hp_per_floor":[70,70,68,68,55,55,41,41,41,19,19,55,44,37,37,4,77,72,72,72,72,72,72,56,56,56,56,56,56,47,47,47,0],"gold":105,"neow_bonus":"RANDOM_COMMON_RELIC","is_prod":false,"is_daily":false,"chose_seed":false,"campfire_upgraded":8,"win_rate":0,"timestamp":1568917155,"path_taken":["M","M","M","?","M","R","E","R","T","E","M","R","?","?","R","BOSS","M","$","?","M","$","R","E","R","T","R","R","M","E","?","R","BOSS"],"build_version":"2019-09-18","purchased_purges":1,"victory":false,"max_hp_per_floor":[70,70,70,70,70,70,70,70,70,70,70,70,70,70,70,70,77,77,77,77,77,77,77,77,77,77,77,77,77,77,77,77,77],"card_choices":[{"not_picked":["All Out Attack","Heel Hook"],"picked":"Deadly Poison","floor":1},{"not_picked":["Distraction","Setup"],"picked":"Deadly Poison","floor":2},{"not_picked":["Deflect","Cloak And Dagger"],"picked":"Poisoned Stab","floor":3},{"not_picked":["Blade Dance","Quick Slash"],"picked":"Deflect","floor":5},{"not_picked":["Blur","Blade Dance"],"picked":"Calculated Gamble","floor":7},{"not_picked":["Phantasmal Killer","Sucker Punch"],"picked":"Deflect","floor":10},{"not_picked":["Caltrops","Heel Hook","Bane"],"picked":"SKIP","floor":11},{"not_picked":["Bane","Prepared"],"picked":"Dagger Spray","floor":14},{"not_picked":["Storm of Steel","A Thousand Cuts"],"picked":"Doppelganger","floor":16},{"not_picked":["Bane+1","Deflect+1"],"picked":"Dash+1","floor":18},{"not_picked":["Finisher","Acrobatics","Setup+1"],"picked":"SKIP","floor":21},{"not_picked":["Skewer","Quick Slash"],"picked":"Deflect+1","floor":24},{"not_picked":["Quick Slash","Backflip"],"picked":"Masterful Stab","floor":29},{"not_picked":["Grand Finale","Setup","Acrobatics"],"picked":"SKIP","floor":30}],"player_experience":305301,"relics_obtained":[{"floor":7,"key":"Juzu Bracelet"},{"floor":9,"key":"Regal Pillow"},{"floor":10,"key":"Mercury Hourglass"},{"floor":14,"key":"Akabeko"},{"floor":17,"key":"Strawberry"},{"floor":17,"key":"Blue Candle"},{"floor":17,"key":"Old Coin"},{"floor":24,"key":"WingedGreaves"},{"floor":26,"key":"Happy Flower"},{"floor":30,"key":"Mummified Hand"}],"event_choices":[{"cards_removed":["Strike_G"],"damage_healed":0,"gold_gain":0,"player_choice":"Card Removal","damage_taken":0,"max_hp_gain":0,"max_hp_loss":0,"event_name":"The Cleric","floor":4,"gold_loss":50},{"damage_healed":0,"gold_gain":75,"player_choice":"Gather Gold","damage_taken":11,"max_hp_gain":0,"max_hp_loss":0,"event_name":"World of Goop","floor":13,"gold_loss":0},{"damage_healed":0,"gold_gain":30,"player_choice":"Searched \u00273\u0027 times","damage_taken":0,"max_hp_gain":0,"max_hp_loss":0,"event_name":"Dead Adventurer","floor":14,"gold_loss":0},{"damage_healed":0,"gold_gain":99,"player_choice":"Stole From Cult","damage_taken":0,"max_hp_gain":0,"max_hp_loss":0,"event_name":"Nest","floor":20,"gold_loss":0},{"cards_removed":["Defend_G"],"damage_healed":0,"gold_gain":0,"player_choice":"Offered Basic","damage_taken":0,"max_hp_gain":0,"max_hp_loss":0,"event_name":"Bonfire Elementals","floor":31,"gold_loss":0}],"is_beta":true,"boss_relics":[{"not_picked":["WristBlade","Runic Pyramid"],"picked":"Calling Bell"}],"items_purged_floors":[19],"is_endless":false,"potions_floor_spawned":[3,5,7,16,21,29,30],"killed_by":"Champ","ascension_level":1}