{"gold_per_floor":[118,118,43,54,54,54,90,90,115,130,149,149,182,198,198,328,328,351,351,376,376,401,401,439,49,49,80,103,103,116,150,150,275,275,295,420,420,433,448,483,483,507,588,612,612,647,647,690,690,690],"floor_reached":51,"playtime":2309,"items_purged":[],"score":1233,"play_id":"13a6c4a5-f3e2-4b94-9576-985dc00c8c12","local_time":"20190714145157","is_ascension_mode":true,"campfire_choices":[{"data":"Backstab","floor":6.0,"key":"SMITH"},{"data":"Endless Agony","floor":8.0,"key":"SMITH"},{"data":"Glass Knife","floor":15.0,"key":"SMITH"},{"data":"Glass Knife","floor":23.0,"key":"SMITH"},{"data":"Dash","floor":32.0,"key":"SMITH"},{"data":"Noxious Fumes","floor":45.0,"key":"SMITH"},{"data":"Eviscerate","floor":47,"key":"SMITH"},{"data":"Neutralize","floor":49,"key":"SMITH"}],"neow_cost":"","seed_source_timestamp":0,"circlet_count":0,"master_deck":["Strike_G+1","Strike_G+1","Strike_G+1","Strike_G+1","Defend_G+1","Defend_G+1","Defend_G+1","Defend_G+1","Defend_G+1","Survivor","Neutralize+1","Glass Knife+1","Apotheosis+1","Dash+1","Bouncing Flask+1","Terror+1","Eviscerate+1","Backstab+1","Leg Sweep+1","Endless Agony+1","Calculated Gamble+1","PiercingWail+1","After Image","Slice","Glass Knife+1","Quick Slash","Necronomicurse","Predator+1","Caltrops+1","Escape Plan+1","Deflect+1","Infinite Blades","Deflect+1","Dash+1","Venomology+1","Escape Plan+1","Dash+1","Cloak And Dagger+1","Dash+1","Noxious Fumes+1","Footwork+1","Cloak And Dagger+1"],"special_seed":0,"relics":["Ring of the Snake","Toxic Egg 2","Golden Idol","Art of War","War Paint","Pen Nib","Mummified Hand","energizedSpire:MagnifyingGlass","Necronomicon","Pantograph","Strange Spoon","Omamori","Happy Flower","Dead Branch","Letter Opener","WristBlade","Shovel","WarpedTongs","Oddly Smooth Stone","Darkstone Periapt","Potion Belt","Prayer Wheel"],"potions_floor_usage":[46,48,50,50,50,50],"damage_taken":[{"damage":3.0,"enemies":"Jaw Worm","floor":1.0,"turns":2.0},{"damage":0.0,"enemies":"Cultist","floor":4.0,"turns":3.0},{"damage":10.0,"enemies":"3 Sentries","floor":7.0,"turns":11.0},{"damage":0.0,"enemies":"2 Louse","floor":10.0,"turns":1.0},{"damage":9.0,"enemies":"Exordium Thugs","floor":11.0,"turns":3.0},{"damage":14.0,"enemies":"Gremlin Nob","floor":13.0,"turns":3.0},{"damage":0.0,"enemies":"Exordium Wildlife","floor":14.0,"turns":2.0},{"damage":0.0,"enemies":"Slime Boss","floor":16.0,"turns":5.0},{"damage":2.0,"enemies":"Spheric Guardian","floor":18.0,"turns":5.0},{"damage":9.0,"enemies":"2 Thieves","floor":20.0,"turns":3.0},{"damage":0.0,"enemies":"3 Cultists","floor":22.0,"turns":4.0},{"damage":6.0,"enemies":"Slavers","floor":24.0,"turns":5.0},{"damage":4.0,"enemies":"Book of Stabbing","floor":27.0,"turns":3.0},{"damage":0.0,"enemies":"Cultist and Chosen","floor":28.0,"turns":3.0},{"damage":0.0,"enemies":"Snake Plant","floor":30.0,"turns":4.0},{"damage":0.0,"enemies":"Gremlin Leader","floor":31.0,"turns":4.0},{"damage":21.0,"enemies":"Champ","floor":33.0,"turns":9.0},{"damage":0.0,"enemies":"3 Shapes","floor":35.0,"turns":2.0},{"damage":0.0,"enemies":"Mind Bloom Boss Battle","floor":36.0,"turns":3.0},{"damage":0.0,"enemies":"3 Darklings","floor":38.0,"turns":3.0},{"damage":14.0,"enemies":"4 Shapes","floor":39.0,"turns":6.0},{"damage":29.0,"enemies":"Nemesis","floor":40.0,"turns":5.0},{"damage":4.0,"enemies":"Maw","floor":42.0,"turns":5.0},{"damage":0.0,"enemies":"Transient","floor":44.0,"turns":5.0},{"damage":0,"enemies":"Giant Head","floor":46,"turns":6},{"damage":6,"enemies":"Reptomancer","floor":48,"turns":6},{"damage":27,"enemies":"Awakened One","floor":50,"turns":10}],"seed_played":"8283011600793408127","potions_obtained":[{"floor":1.0,"key":"Swift Potion"},{"floor":13.0,"key":"Weak Potion"},{"floor":14.0,"key":"SpeedPotion"},{"floor":16.0,"key":"Regen Potion"},{"floor":18.0,"key":"Fire Potion"},{"floor":28.0,"key":"Swift Potion"},{"floor":33.0,"key":"Strength Potion"},{"floor":36.0,"key":"AttackPotion"},{"floor":42.0,"key":"Strength Potion"}],"is_trial":false,"path_per_floor":["M","?","$","M","?","R","E","R","T","M","M","?","E","M","R","B",null,"M","?","M","?","M","R","E","$","T","E","M","?","M","E","R","B",null,"M","?","?","M","M","E","?","M","T","M","R","E","R","E","R","B",null],"character_chosen":"THE_SILENT","items_purchased":["Glass Knife","Toxic Egg 2","Apotheosis+1","Dash","Bouncing Flask+1","Backstab","Deflect+1","Strange Spoon","Omamori"],"campfire_rested":0,"item_purchase_floors":[0,0,0,0,0,3,25,25,25],"current_hp_per_floor":[67,67,67,67,50,50,40,40,40,40,31,24,10,10,10,10,70,68,52,43,43,43,43,37,37,37,33,33,33,33,33,33,50,70,70,70,70,70,56,27,45,41,41,41,41,41,41,35,35,33],"gold":690,"neow_bonus":"","is_prod":false,"is_daily":false,"chose_seed":false,"campfire_upgraded":8,"win_rate":0,"timestamp":1563105117,"path_taken":["M","?","?","M","?","R","E","R","T","?","M","?","E","M","R","BOSS","M","?","M","?","M","R","E","?","T","E","?","?","M","E","R","BOSS","M","?","?","?","M","E","?","M","T","M","R","E","R","E","R","BOSS"],"build_version":"2019-07-05","purchased_purges":0,"victory":true,"max_hp_per_floor":[70,70,70,70,70,70,70,70,70,70,70,70,70,70,70,70,70,70,70,70,70,70,70,70,70,70,70,70,70,70,70,70,70,70,70,70,70,70,70,70,70,70,70,70,70,70,70,70,70,70],"card_choices":[{"not_picked":["Backflip+1","Setup+1"],"picked":"Terror+1","floor":1.0},{"not_picked":["Finisher","Prepared+1"],"picked":"Leg Sweep+1","floor":4.0},{"not_picked":["Flying Knee","Dagger Throw"],"picked":"Endless Agony","floor":7.0},{"not_picked":["Endless Agony","Bane"],"picked":"Calculated Gamble+1","floor":10.0},{"not_picked":["Sucker Punch","Dagger Throw"],"picked":"PiercingWail+1","floor":11.0},{"not_picked":["Dagger Spray","Footwork"],"picked":"After Image","floor":13.0},{"not_picked":["Accuracy","Acrobatics+1"],"picked":"Slice","floor":14.0},{"not_picked":["Venomology+1","Storm of Steel+1"],"picked":"Glass Knife","floor":16.0},{"not_picked":["Terror+1","All Out Attack"],"picked":"Quick Slash","floor":18.0},{"not_picked":["Sucker Punch","Blade Dance+1"],"picked":"Predator+1","floor":20.0},{"not_picked":["Expertise+1","Dagger Spray"],"picked":"Caltrops+1","floor":22.0},{"not_picked":["Prepared+1","Blade Dance+1"],"picked":"Escape Plan+1","floor":24.0},{"not_picked":["Backflip+1","Underhanded Strike"],"picked":"Infinite Blades","floor":27.0},{"not_picked":["Poisoned Stab+1","Glass Knife"],"picked":"Deflect+1","floor":28.0},{"not_picked":["Poisoned Stab","Dagger Spray+1","Deadly Poison+1"],"picked":"SKIP","floor":30.0},{"not_picked":["Wraith Form v2","Acrobatics+1"],"picked":"Dash+1","floor":31.0},{"not_picked":["Bullet Time+1","Grand Finale"],"picked":"Venomology+1","floor":33.0},{"not_picked":["Quick Slash","Dagger Spray","Terror+1"],"picked":"SKIP","floor":35.0},{"not_picked":["Quick Slash","Dagger Spray","Terror+1"],"picked":"SKIP","floor":35.0},{"not_picked":["Prepared+1","Bane"],"picked":"Escape Plan+1","floor":36.0},{"not_picked":["Bullet Time+1","Deadly Poison+1"],"picked":"Dash+1","floor":38.0},{"not_picked":["Heel Hook+1","Finisher"],"picked":"Cloak And Dagger+1","floor":39.0},{"not_picked":["Concentrate+1","Escape Plan+1"],"picked":"Dash+1","floor":40.0},{"not_picked":["All Out Attack","Infinite Blades+1"],"picked":"Noxious Fumes","floor":42.0},{"not_picked":["Slice+1","Acrobatics+1"],"picked":"Footwork+1","floor":44.0},{"not_picked":["Bane","Quick Slash","Flying Knee"],"picked":"SKIP","floor":46},{"not_picked":["Tools of the Trade","Poisoned Stab+1"],"picked":"Cloak And Dagger+1","floor":48}],"player_experience":179800,"relics_obtained":[{"floor":7.0,"key":"Art of War"},{"floor":9.0,"key":"War Paint"},{"floor":13.0,"key":"Mummified Hand"},{"floor":19.0,"key":"Necronomicon"},{"floor":24.0,"key":"Pantograph"},{"floor":26.0,"key":"Happy Flower"},{"floor":27.0,"key":"Dead Branch"},{"floor":31.0,"key":"Letter Opener"},{"floor":36.0,"key":"Shovel"},{"floor":40.0,"key":"Oddly Smooth Stone"},{"floor":43.0,"key":"Darkstone Periapt"},{"floor":46,"key":"Potion Belt"},{"floor":48,"key":"Prayer Wheel"}],"event_choices":[{"damage_healed":0.0,"max_hp_gain":0.0,"max_hp_loss":0.0,"gold_gain":0.0,"cards_transformed":["Strike_G"],"event_name":"Transmorgrifier","player_choice":"Transformed","floor":2.0,"gold_loss":0.0,"damage_taken":0.0,"cards_obtained":["Eviscerate"]},{"damage_healed":0.0,"max_hp_gain":0.0,"max_hp_loss":0.0,"gold_gain":0.0,"event_name":"Golden Idol","player_choice":"Take Damage","floor":5.0,"gold_loss":0.0,"damage_taken":17.0,"relics_obtained":["Golden Idol"]},{"damage_healed":0.0,"max_hp_gain":0.0,"max_hp_loss":0.0,"gold_gain":0.0,"event_name":"Scrap Ooze","player_choice":"Success","floor":12.0,"gold_loss":0.0,"damage_taken":7.0,"relics_obtained":["Pen Nib"]},{"damage_healed":0.0,"max_hp_gain":0.0,"max_hp_loss":0.0,"gold_gain":0.0,"event_name":"Cursed Tome","player_choice":"Obtained Book","floor":19.0,"gold_loss":0.0,"damage_taken":16.0},{"damage_healed":0.0,"max_hp_gain":0.0,"max_hp_loss":0.0,"gold_gain":0.0,"event_name":"Back to Basics","player_choice":"Simplicity","floor":21.0,"gold_loss":0.0,"damage_taken":0.0,"cards_upgraded":["Strike_G","Strike_G","Strike_G","Strike_G","Defend_G","Defend_G","Defend_G"]},{"damage_healed":0.0,"max_hp_gain":0.0,"max_hp_loss":0.0,"gold_gain":0.0,"event_name":"Vampires","player_choice":"Ignored","floor":29.0,"gold_loss":0.0,"damage_taken":0.0},{"damage_healed":0.0,"max_hp_gain":0.0,"max_hp_loss":0.0,"gold_gain":0.0,"event_name":"MindBloom","player_choice":"Fight","floor":36.0,"gold_loss":0.0,"damage_taken":0.0},{"damage_healed":0.0,"max_hp_gain":0.0,"max_hp_loss":0.0,"gold_gain":0.0,"event_name":"Accursed Blacksmith","player_choice":"Rummage","floor":37.0,"gold_loss":0.0,"damage_taken":0.0,"relics_obtained":["WarpedTongs"],"cards_obtained":["Pain"]},{"damage_healed":18.0,"max_hp_gain":0.0,"max_hp_loss":0.0,"gold_gain":0.0,"event_name":"Winding Halls","player_choice":"Writhe","floor":41.0,"gold_loss":0.0,"damage_taken":0.0,"cards_obtained":["Writhe"]}],"is_beta":false,"boss_relics":[{"not_picked":["Black Star","energizedSpire:EnergizedDie"],"picked":"energizedSpire:MagnifyingGlass"},{"not_picked":["White Beast Statue","Velvet Choker"],"picked":"WristBlade"}],"items_purged_floors":[],"is_endless":false,"potions_floor_spawned":[1,13,14,16,18,28,33,36,39,42],"ascension_level":1}