{"gold_per_floor":[113,132,132,143,93,93,119,119,171,185,185,202,55,73,73,174,174,193,211,238,238,44,44,44,44,69,69,83,83,94,109,109,214,214,227,237,237,237,254,254],"floor_reached":40,"playtime":2795,"items_purged":["Strike_B","Strike_B"],"score":413,"play_id":"58ed148e-8403-453c-a3fa-3611a0156c74","local_time":"20190908202446","is_ascension_mode":false,"campfire_choices":[{"data":"Zap","floor":6,"key":"SMITH"},{"data":"Hello World","floor":8,"key":"SMITH"},{"floor":11,"key":"REST"},{"data":"Electrodynamics","floor":15,"key":"SMITH"},{"data":"Turbo","floor":23,"key":"SMITH"},{"data":"Hologram","floor":29,"key":"SMITH"},{"data":"Coolheaded","floor":32,"key":"SMITH"}],"neow_cost":"NONE","seed_source_timestamp":1888906078567,"circlet_count":0,"master_deck":["Strike_B+1","Defend_B","Defend_B","Defend_B","Zap+1","Dualcast","Coolheaded+1","Hello World+1","Ball Lightning+1","Loop","Hello World","Electrodynamics+1","Hologram+1","Creative AI","Conserve Battery","Conserve Battery","Turbo+1","Cold Snap","Fusion","Auto Shields+1","All For One","Hello World+1","Force Field+1","PanicButton","Good Instincts","Enlightenment","Hologram+1"],"relics":["Cracked Core","NeowsBlessing","Whetstone","Boot","Snecko Eye","Blood Vial","Vajra","Lantern","Sozu"],"potions_floor_usage":[14,16,16,18,19,33],"damage_taken":[{"damage":0,"enemies":"Small Slimes","floor":1,"turns":1},{"damage":0,"enemies":"Jaw Worm","floor":2,"turns":1},{"damage":0,"enemies":"Cultist","floor":4,"turns":1},{"damage":28,"enemies":"Gremlin Nob","floor":7,"turns":4},{"damage":16,"enemies":"Exordium Wildlife","floor":10,"turns":4},{"damage":8,"enemies":"3 Louse","floor":12,"turns":3},{"damage":10,"enemies":"Large Slime","floor":14,"turns":4},{"damage":4,"enemies":"Hexaghost","floor":16,"turns":8},{"damage":10,"enemies":"3 Byrds","floor":18,"turns":2},{"damage":20,"enemies":"2 Thieves","floor":19,"turns":3},{"damage":0,"enemies":"Centurion and Healer","floor":28,"turns":5},{"damage":2,"enemies":"Snake Plant","floor":30,"turns":4},{"damage":3,"enemies":"Snecko","floor":31,"turns":5},{"damage":32,"enemies":"Collector","floor":33,"turns":7},{"damage":6,"enemies":"3 Darklings","floor":35,"turns":3},{"damage":1,"enemies":"Orb Walker","floor":36,"turns":3},{"damage":32,"enemies":"Writhing Mass","floor":39,"turns":8},{"damage":34,"enemies":"Reptomancer","floor":40,"turns":6}],"seed_played":"8417941473335957444","potions_obtained":[{"floor":7,"key":"EssenceOfSteel"},{"floor":10,"key":"Dexterity Potion"},{"floor":12,"key":"FocusPotion"},{"floor":14,"key":"Energy Potion"},{"floor":16,"key":"LiquidBronze"},{"floor":18,"key":"SpeedPotion"},{"floor":28,"key":"LiquidBronze"},{"floor":30,"key":"SteroidPotion"},{"floor":33,"key":"Strength Potion"}],"is_trial":false,"path_per_floor":["M","M","?","M","?","R","E","R","T","M","R","M","$","M","R","B",null,"M","M","T","?","$","R","?","?","T","?","M","R","M","M","R","B",null,"M","M","?","?","M","E"],"character_chosen":"DEFECT","items_purchased":["Electrodynamics","Turbo","Cold Snap"],"campfire_rested":1,"item_purchase_floors":[13,22,22],"current_hp_per_floor":[75,75,68,68,68,68,40,40,40,24,46,38,38,28,28,24,75,65,45,45,70,70,70,70,70,70,70,72,72,72,71,71,41,75,69,70,60,60,30,0],"gold":254,"neow_bonus":"THREE_ENEMY_KILL","is_prod":false,"is_daily":false,"chose_seed":false,"campfire_upgraded":6,"win_rate":0,"timestamp":1567995886,"path_taken":["M","M","?","M","?","R","E","R","T","M","R","M","?","M","R","BOSS","M","M","?","?","$","R","?","?","T","?","?","R","M","M","R","BOSS","M","M","?","?","M","E"],"build_version":"2019-07-17","purchased_purges":2,"victory":false,"max_hp_per_floor":[75,75,75,75,75,75,75,75,75,75,75,75,75,75,75,75,75,75,75,75,75,75,75,75,75,75,75,75,75,75,75,75,75,75,75,75,75,75,75,75],"card_choices":[{"not_picked":["Barrage","Rebound"],"picked":"Coolheaded","floor":1},{"not_picked":["Hologram","Aggregate"],"picked":"Hello World","floor":2},{"not_picked":["Gash","Compile Driver"],"picked":"Ball Lightning","floor":4},{"not_picked":["Gash","Leap"],"picked":"Loop","floor":7},{"not_picked":["Blizzard","Lockon","Redo"],"picked":"SKIP","floor":10},{"not_picked":["Rebound","Steam Power"],"picked":"Hello World","floor":12},{"not_picked":["Steam","Barrage"],"picked":"Hologram","floor":14},{"not_picked":["Thunder Strike","Biased Cognition"],"picked":"Creative AI","floor":16},{"not_picked":["Compile Driver+1","Gash"],"picked":"Conserve Battery","floor":18},{"not_picked":["Lockon","Sweeping Beam"],"picked":"Conserve Battery","floor":19},{"not_picked":["Sweeping Beam","Genetic Algorithm","Gash+1"],"picked":"SKIP","floor":28},{"not_picked":["Sweeping Beam","Conserve Battery"],"picked":"Fusion","floor":30},{"not_picked":["Stack","Rebound"],"picked":"Auto Shields+1","floor":31},{"not_picked":["Creative AI","Reboot"],"picked":"All For One","floor":33},{"not_picked":["Go for the Eyes+1","Beam Cell"],"picked":"Hello World+1","floor":35},{"not_picked":["Recycle+1","Steam+1"],"picked":"Force Field+1","floor":36},{"not_picked":["Deep Breath","Dramatic Entrance"],"picked":"PanicButton","floor":37},{"not_picked":["Violence","Blind"],"picked":"Good Instincts","floor":37},{"not_picked":["Bandage Up","PanicButton"],"picked":"Enlightenment","floor":37},{"not_picked":["Rebound","Gash"],"picked":"Hologram+1","floor":39}],"player_experience":1724708,"relics_obtained":[{"floor":7,"key":"Whetstone"},{"floor":9,"key":"Boot"},{"floor":20,"key":"Blood Vial"},{"floor":26,"key":"Lantern"}],"event_choices":[{"cards_removed":["Defend_B"],"damage_healed":0,"gold_gain":0,"player_choice":"Card Removal","damage_taken":7,"max_hp_gain":0,"max_hp_loss":0,"event_name":"Golden Wing","floor":3,"gold_loss":0},{"cards_removed":["Strike_B"],"damage_healed":0,"gold_gain":0,"player_choice":"Card Removal","damage_taken":0,"max_hp_gain":0,"max_hp_loss":0,"event_name":"The Cleric","floor":5,"gold_loss":50},{"damage_healed":25,"gold_gain":0,"player_choice":"Heal","damage_taken":0,"max_hp_gain":0,"max_hp_loss":0,"event_name":"The Library","floor":21,"gold_loss":0},{"damage_healed":0,"gold_gain":0,"player_choice":"Ignored","damage_taken":0,"max_hp_gain":0,"max_hp_loss":0,"event_name":"Vampires","floor":24,"gold_loss":0},{"damage_healed":0,"gold_gain":0,"player_choice":"Opened","damage_taken":0,"relics_obtained":["Vajra"],"max_hp_gain":0,"max_hp_loss":0,"event_name":"The Mausoleum","floor":25,"gold_loss":0},{"damage_healed":0,"gold_gain":0,"player_choice":"0 cards matched","damage_taken":0,"max_hp_gain":0,"max_hp_loss":0,"event_name":"Match and Keep!","floor":27,"gold_loss":0,"cards_obtained":[]},{"damage_healed":0,"gold_gain":0,"player_choice":"Memory 3","damage_taken":10,"max_hp_gain":0,"max_hp_loss":0,"event_name":"SensoryStone","floor":37,"gold_loss":0},{"damage_healed":0,"gold_gain":0,"player_choice":"Ignored","damage_taken":0,"max_hp_gain":0,"max_hp_loss":0,"event_name":"Mysterious Sphere","floor":38,"gold_loss":0}],"is_beta":false,"boss_relics":[{"not_picked":["Black Star","Eternal Feather"],"picked":"Snecko Eye"},{"not_picked":["Calling Bell","Tiny House"],"picked":"Sozu"}],"items_purged_floors":[13,22],"is_endless":false,"potions_floor_spawned":[7,10,12,14,16,18,28,30,33,39],"killed_by":"Reptomancer","ascension_level":0}