{"path_per_floor":["M","?","?","?","M","R","M","M","T","R","M","?","R","$","R","B",null,"M","?","M","$","M"],"character_chosen":"DEFECT","items_purchased":["FTL","Chaos","Melter"],"gold_per_floor":[114,74,74,74,84,84,104,121,147,147,166,166,166,18,18,149,149,149,99,99,31,31,31],"floor_reached":23,"campfire_rested":0,"playtime":1962,"current_hp_per_floor":[73,73,73,73,73,73,71,59,59,59,59,41,41,41,41,35,75,70,70,63,63,38,0],"items_purged":[],"gold":31,"score":181,"play_id":"e7ab4c02-0dd8-4901-992a-80ee14732794","local_time":"20180427211900","is_prod":false,"is_daily":false,"chose_seed":false,"is_ascension_mode":false,"campfire_upgraded":4,"timestamp":1524853140,"path_taken":["M","?","?","?","M","R","M","?","T","R","M","?","R","?","R","BOSS","M","?","?","?","M","E"],"build_version":"2018-04-26v2","seed_source_timestamp":717316207251390,"purchased_purges":0,"victory":false,"master_deck":["Strike_B","Strike_B","Strike_B","Strike_B","Defend_B","Defend_B","Defend_B","Defend_B","Zap+1","Dualcast+1","Glacier+1","Hologram+1","Gash","Impulse+1","Leap","FTL","Chaos+1","Fission","Hello World","Beam Cell","Melter","Coolheaded"],"max_hp_per_floor":[75,75,75,75,75,75,75,75,75,75,75,75,75,75,75,75,75,75,75,75,75,75,75],"relics":["Cracked Core","Bag of Preparation","Golden Idol","Ectoplasm"],"card_choices":[{"not_picked":["Cold Snap","White Noise"],"picked":"Glacier","floor":1},{"not_picked":["Go for the Eyes","Skim"],"picked":"Hologram","floor":5},{"not_picked":["Hello World","Redo"],"picked":"Gash","floor":7},{"not_picked":["Steam Power","Double Energy"],"picked":"Impulse","floor":8},{"not_picked":["Go for the Eyes","Reprogram"],"picked":"Leap","floor":11},{"not_picked":["Redo","Multi-Cast"],"picked":"Fission","floor":16},{"not_picked":["Axe Kick","Skim"],"picked":"Hello World","floor":18},{"not_picked":["Axe Kick","Capacitor"],"picked":"Beam Cell","floor":20},{"not_picked":["Beam Cell","Stack"],"picked":"Coolheaded","floor":22}],"player_experience":378610,"potions_floor_usage":[16,23,23,23],"damage_taken":[{"damage":2,"enemies":"Small Slimes","floor":1,"turns":3},{"damage":0,"enemies":"Cultist","floor":5,"turns":4},{"damage":2,"enemies":"2 Louse","floor":7,"turns":2},{"damage":12,"enemies":"Gremlin Gang","floor":8,"turns":5},{"damage":0,"enemies":"Blue Slaver","floor":11,"turns":4},{"damage":21,"enemies":"Slime Boss","floor":16,"turns":7},{"damage":5,"enemies":"Shell Parasite","floor":18,"turns":10},{"damage":7,"enemies":"3 Byrds","floor":20,"turns":6},{"damage":25,"enemies":"Snake Plant","floor":22,"turns":5},{"damage":58,"enemies":"Gremlin Leader","floor":23,"turns":10}],"event_choices":[{"event_name":"The Woman in Blue","player_choice":"Bought 3 Potions","floor":2,"damage_taken":0},{"event_name":"Living Wall","player_choice":"Grow","floor":3,"damage_taken":0},{"event_name":"Upgrade Shrine","player_choice":"Upgraded","floor":4,"damage_taken":0},{"event_name":"Golden Idol","player_choice":"Take Damage","floor":12,"damage_taken":0},{"event_name":"The Joust","player_choice":"Bet on Murderer","floor":19,"damage_taken":0}],"boss_relics":[{"not_picked":["Astrolabe","Calling Bell"],"picked":"Ectoplasm"}],"potions_floor_spawned":[5,7,8,11,20,22],"seed_played":"-6778430960394559624","killed_by":"Gremlin Leader","ascension_level":0,"is_trial":false}