{"gold_per_floor":[216,391,391,691,703,703,719,719,744,744,759,759,173,273,273,373,373,387,486,486,497,497,497,497,513,540,540,61,79,79,79],"floor_reached":31,"playtime":1172,"items_purged":["Doubt","Strike_R"],"score":266,"play_id":"b6c618c1-9a00-43bf-9626-682369cc8fd4","local_time":"20180905140500","is_ascension_mode":false,"campfire_choices":[{"data":"Bash","floor":6.0,"key":"SMITH"},{"data":"Cleave","floor":8.0,"key":"SMITH"},{"data":"Twin Strike","floor":10.0,"key":"SMITH"},{"data":"Rage","floor":12.0,"key":"SMITH"},{"data":"Uppercut","floor":15.0,"key":"SMITH"},{"data":"Corruption","floor":23,"key":"SMITH"},{"floor":27,"key":"REST"}],"neow_cost":"NONE","seed_source_timestamp":0,"circlet_count":0,"master_deck":["Strike_R","Strike_R","Defend_R","Defend_R","Defend_R","Defend_R","Bash+1","Twin Strike+1","Rage+1","Cleave+1","Uppercut+1","Corruption+1","Flame Barrier","Thinking Ahead","Feed","Sentinel+1","Intimidate+1","Limit Break","Infernal Blade","Shrug It Off+1","Metamorphosis","Spot Weakness","Pummel","Flame Barrier","Good Instincts","Twin Strike"],"special_seed":0,"relics":["Burning Blood","Old Coin","Oddly Smooth Stone","Membership Card","Singing Bowl","Empty Cage","Lantern","Magic Flower","Unceasing Top"],"potions_floor_usage":[24,24,29],"damage_taken":[{"damage":10.0,"enemies":"Jaw Worm","floor":1.0,"turns":4.0},{"damage":0.0,"enemies":"Small Slimes","floor":5.0,"turns":4.0},{"damage":1.0,"enemies":"Cultist","floor":7.0,"turns":3.0},{"damage":14.0,"enemies":"Looter","floor":11.0,"turns":3.0},{"damage":14.0,"enemies":"Hexaghost","floor":16.0,"turns":10.0},{"damage":25.0,"enemies":"Spheric Guardian","floor":18.0,"turns":6.0},{"damage":10,"enemies":"Shell Parasite","floor":21,"turns":5},{"damage":20,"enemies":"Gremlin Leader","floor":24,"turns":4},{"damage":18,"enemies":"Centurion and Healer","floor":25,"turns":11},{"damage":22,"enemies":"Snecko","floor":29,"turns":8},{"damage":39,"enemies":"3 Cultists","floor":31,"turns":4}],"seed_played":"1362364199999487002","potions_obtained":[{"floor":3.0,"key":"SmokeBomb"},{"floor":3.0,"key":"SpeedPotion"},{"floor":3.0,"key":"Swift Potion"},{"floor":5.0,"key":"GamblersBrew"},{"floor":21,"key":"SkillPotion"}],"is_trial":false,"path_per_floor":["M","?","?","?","M","R","M","R","T","R","M","R","$","?","R","B",null,"M","?","?","M","?","R","E","M","T","R","$","M","T"],"character_chosen":"IRONCLAD","items_purchased":["Membership Card","Singing Bowl","Uppercut","Corruption","Flame Barrier","Thinking Ahead","Metamorphosis","Magic Flower","Spot Weakness","Pummel","Flame Barrier","Good Instincts","Twin Strike"],"campfire_rested":1,"item_purchase_floors":[13,13,13,13,13,13,28,28,28,28,28,28,28],"current_hp_per_floor":[76,76,76,51,57,57,62,62,62,62,54,54,54,54,54,46,80,61,61,46,42,42,42,28,19,19,45,45,39,39,0],"gold":79,"neow_bonus":"HUNDRED_GOLD","is_prod":false,"is_daily":false,"chose_seed":false,"campfire_upgraded":6,"win_rate":0,"timestamp":1536145500,"path_taken":["M","?","?","?","M","R","M","R","T","R","?","R","$","?","R","BOSS","M","?","?","?","?","R","E","M","T","R","?","M","?","M"],"build_version":"2018-09-04-v2","purchased_purges":2,"victory":false,"max_hp_per_floor":[80,80,80,80,80,80,80,80,80,80,80,80,80,80,80,80,80,80,80,85,85,85,85,85,88,88,88,88,93,93,93],"card_choices":[{"not_picked":["Havoc","Searing Blow"],"picked":"Twin Strike","floor":1.0},{"not_picked":["Warcry","Reckless Charge"],"picked":"Rage","floor":5.0},{"not_picked":["Second Wind","Sword Boomerang"],"picked":"Cleave","floor":7.0},{"not_picked":["Warcry","Perfected Strike","Heavy Blade"],"picked":"SKIP","floor":11.0},{"not_picked":["Barricade","Impervious"],"picked":"Feed","floor":16.0},{"not_picked":["Shrug It Off","Sword Boomerang+1"],"picked":"Sentinel+1","floor":18.0},{"not_picked":["Flame Barrier","Wild Strike"],"picked":"Intimidate+1","floor":21},{"not_picked":["Metallicize","Headbutt"],"picked":"Shrug It Off+1","floor":25},{"not_picked":["Perfected Strike+1","Evolve","Feel No Pain"],"picked":"Singing Bowl","floor":29}],"player_experience":673340,"relics_obtained":[{"floor":9.0,"key":"Oddly Smooth Stone"},{"floor":26,"key":"Lantern"},{"floor":30,"key":"Unceasing Top"}],"event_choices":[{"event_name":"Liars Game","player_choice":"agreed","floor":2.0,"damage_taken":0.0},{"event_name":"The Lab","player_choice":"Got Potions","floor":3.0,"damage_taken":0.0},{"event_name":"Scrap Ooze","player_choice":"success","floor":4.0,"damage_taken":25.0},{"event_name":"Wheel of Change","player_choice":"Gold","floor":14.0,"damage_taken":0.0},{"event_name":"Nest","player_choice":"Stole From Cult","floor":19.0,"damage_taken":0.0},{"event_name":"Forgotten Altar","player_choice":"Shed Blood","floor":20.0,"damage_taken":0.0},{"event_name":"Match and Keep!","player_choice":"2 cards matched","floor":22,"damage_taken":0}],"is_beta":true,"boss_relics":[{"not_picked":["Runic Pyramid","Pandora\u0027s Box"],"picked":"Empty Cage"}],"items_purged_floors":[13,28],"is_endless":false,"potions_floor_spawned":[5,7,11,21,24],"killed_by":"3 Cultists","ascension_level":0}