{"gold_per_floor":[118,138,138,157,169,202,202,222,222,253,272,288,288,248,248,353,353,365,26,125,125,143,174,174,174,198,224,224,257,257,268,268,369,369,389,389,399,412,427,427,454,532,532,532],"floor_reached":44,"playtime":1806,"items_purged":[],"score":586,"play_id":"7f2edfc0-58be-44da-bdf1-96ff803c2940","local_time":"20181130231525","is_ascension_mode":true,"campfire_choices":[{"data":"Zap","floor":7,"key":"SMITH"},{"data":"Hologram","floor":13,"key":"SMITH"},{"floor":15,"key":"REST"},{"data":"Streamline","floor":24,"key":"SMITH"},{"data":"Defragment","floor":28,"key":"SMITH"},{"data":"Zap","floor":32,"key":"SMITH"},{"data":"Rainbow","floor":40,"key":"SMITH"}],"neow_cost":"NONE","seed_source_timestamp":917950490876987,"circlet_count":0,"master_deck":["Strike_B","Strike_B","Strike_B","Strike_B","Defend_B","Defend_B","Defend_B+1","Defend_B+1","Zap+1","Dualcast","Finesse","Sweeping Beam","Rebound","Zap+1","Redo","Undo","Ball Lightning","Streamline+1","Hologram+1","Leap","Creative AI","Cold Snap","Defragment+1","Melter","FTL","Go for the Eyes","Leap+1","Decay","Rainbow+1","Sunder","Auto Shields+1","Electrodynamics","Ball Lightning+1","Hologram+1","Recycle+1","Parasite","Ball Lightning","Echo Form"],"relics":["Cracked Core","War Paint","Cables","Incense Burner","Cursed Key","Vajra","Bottled Flame","DataDisk","Happy Flower","Lizard Tail","Omamori","Sundial","Calipers"],"potions_floor_usage":[6,10,14,16,18,22,23,23,23,23,29,30,33,39,41],"damage_taken":[{"damage":0,"enemies":"Small Slimes","floor":1,"turns":2},{"damage":0,"enemies":"Cultist","floor":2,"turns":3},{"damage":7,"enemies":"Jaw Worm","floor":4,"turns":4},{"damage":11,"enemies":"3 Louse","floor":5,"turns":3},{"damage":11,"enemies":"Gremlin Nob","floor":6,"turns":4},{"damage":0,"enemies":"Looter","floor":8,"turns":3},{"damage":21,"enemies":"Lagavulin","floor":10,"turns":6},{"damage":10,"enemies":"Exordium Thugs","floor":11,"turns":3},{"damage":1,"enemies":"Large Slime","floor":12,"turns":4},{"damage":17,"enemies":"Hexaghost","floor":16,"turns":9},{"damage":10,"enemies":"2 Thieves","floor":18,"turns":4},{"damage":5,"enemies":"Shell Parasite","floor":22,"turns":4},{"damage":12,"enemies":"Slavers","floor":23,"turns":4},{"damage":1,"enemies":"Book of Stabbing","floor":27,"turns":4},{"damage":13,"enemies":"Gremlin Leader","floor":29,"turns":4},{"damage":0,"enemies":"Shelled Parasite and Fungi","floor":30,"turns":1},{"damage":11,"enemies":"Sentry and Sphere","floor":31,"turns":5},{"damage":30,"enemies":"Champ","floor":33,"turns":11},{"damage":12,"enemies":"Orb Walker","floor":35,"turns":3},{"damage":7,"enemies":"3 Shapes","floor":37,"turns":3},{"damage":7,"enemies":"Sphere and 2 Shapes","floor":38,"turns":3},{"damage":13,"enemies":"Writhing Mass","floor":39,"turns":6},{"damage":89,"enemies":"Giant Head","floor":41,"turns":10},{"damage":12,"enemies":"Maw","floor":44,"turns":2}],"seed_played":"2211181202772796121","potions_obtained":[{"floor":2,"key":"SkillPotion"},{"floor":4,"key":"PowerPotion"},{"floor":11,"key":"SpeedPotion"},{"floor":12,"key":"Energy Potion"},{"floor":14,"key":"Fruit Juice"},{"floor":14,"key":"Ancient Potion"},{"floor":14,"key":"Fire Potion"},{"floor":16,"key":"EntropicBrew"},{"floor":18,"key":"Dexterity Potion"},{"floor":22,"key":"Strength Potion"},{"floor":27,"key":"SpeedPotion"},{"floor":36,"key":"Weak Potion"},{"floor":36,"key":"SpeedPotion"},{"floor":36,"key":"Fire Potion"},{"floor":38,"key":"EssenceOfSteel"},{"floor":39,"key":"Strength Potion"}],"is_trial":false,"path_per_floor":["M","M","?","M","M","E","R","M","T","E","M","M","R","?","R","B",null,"M","$","?","?","M","E","R","?","T","E","R","E","M","M","R","B",null,"M","?","M","M","M","R","E","T","T","M"],"character_chosen":"DEFECT","items_purchased":["Defragment","Melter","FTL","Vajra"],"campfire_rested":1,"item_purchase_floors":[19,19,19,19],"current_hp_per_floor":[75,75,75,68,57,46,46,46,46,25,15,14,14,19,43,26,80,70,70,70,70,65,53,53,90,90,89,89,76,76,65,65,35,90,78,78,71,64,51,51,11,11,11,0],"gold":532,"neow_bonus":"RANDOM_COLORLESS","is_prod":false,"is_daily":false,"chose_seed":false,"campfire_upgraded":6,"win_rate":0,"timestamp":1543608925,"path_taken":["M","M","?","?","M","E","R","M","T","E","M","?","R","?","R","BOSS","M","?","?","?","M","E","R","?","T","E","R","E","?","M","R","BOSS","M","?","M","?","M","R","E","?","T","M"],"build_version":"2018-11-15","purchased_purges":0,"victory":false,"max_hp_per_floor":[75,75,75,75,75,75,75,75,75,75,75,75,75,80,80,80,80,80,80,80,80,80,80,80,90,90,90,90,90,90,90,90,90,90,90,90,90,90,90,90,90,90,90,90],"card_choices":[{"not_picked":["Go for the Eyes","Turbo"],"picked":"Sweeping Beam","floor":1},{"not_picked":["Turbo","Hello World"],"picked":"Rebound","floor":2},{"not_picked":["Lockon","Aggregate"],"picked":"Redo","floor":4},{"not_picked":["Self Repair","Lockon"],"picked":"Undo","floor":5},{"not_picked":["Hologram","Self Repair"],"picked":"Ball Lightning","floor":6},{"not_picked":["BootSequence","Beam Cell"],"picked":"Streamline","floor":8},{"not_picked":["Barrage","Reboot"],"picked":"Seek","floor":10},{"not_picked":["Beam Cell","Ball Lightning"],"picked":"Hologram","floor":11},{"not_picked":["Scrape","Force Field"],"picked":"Leap","floor":12},{"not_picked":["Reboot","Thunder Strike"],"picked":"Creative AI","floor":16},{"not_picked":["Heatsinks+1","Compile Driver"],"picked":"Cold Snap","floor":18},{"not_picked":["Streamline","Steam"],"picked":"Go for the Eyes","floor":22},{"not_picked":["FTL","Coolheaded"],"picked":"Leap+1","floor":23},{"not_picked":["Cold Snap","Heatsinks"],"picked":"Rainbow","floor":27},{"not_picked":["Recycle","Leap"],"picked":"Sunder","floor":29},{"not_picked":["Undo","Steam"],"picked":"Auto Shields+1","floor":31},{"not_picked":["Thunder Strike","Creative AI"],"picked":"Electrodynamics","floor":33},{"not_picked":["Turbo","Leap+1"],"picked":"Ball Lightning+1","floor":35},{"not_picked":["Barrage+1","Rebound+1"],"picked":"Hologram+1","floor":37},{"not_picked":["Coolheaded+1","Streamline"],"picked":"Recycle+1","floor":38},{"not_picked":["Lockon","Go for the Eyes"],"picked":"Ball Lightning","floor":39},{"not_picked":["Coolheaded","Melter"],"picked":"Echo Form","floor":41}],"player_experience":945850,"relics_obtained":[{"floor":6,"key":"War Paint"},{"floor":9,"key":"Cables"},{"floor":10,"key":"Incense Burner"},{"floor":23,"key":"Bottled Flame"},{"floor":27,"key":"DataDisk"},{"floor":29,"key":"Happy Flower"},{"floor":41,"key":"Omamori"},{"floor":42,"key":"Sundial"},{"floor":43,"key":"Calipers"}],"event_choices":[{"damage_healed":0,"gold_gain":0,"player_choice":"1 cards matched","damage_taken":0,"max_hp_gain":0,"max_hp_loss":0,"event_name":"Match and Keep!","floor":3,"gold_loss":0,"cards_obtained":["Zap"]},{"damage_healed":0,"gold_gain":0,"player_choice":"Bought 3 Potions","damage_taken":0,"max_hp_gain":0,"max_hp_loss":0,"event_name":"The Woman in Blue","floor":14,"gold_loss":0},{"damage_healed":0,"gold_gain":99,"player_choice":"Stole From Cult","damage_taken":0,"max_hp_gain":0,"max_hp_loss":0,"event_name":"Nest","floor":20,"gold_loss":0},{"damage_healed":0,"gold_gain":0,"player_choice":"Ignored","damage_taken":0,"max_hp_gain":0,"max_hp_loss":0,"event_name":"Ghosts","floor":21,"gold_loss":0},{"cards_removed":["Seek"],"damage_healed":27,"gold_gain":0,"player_choice":"Offered Rare","damage_taken":0,"max_hp_gain":10,"max_hp_loss":0,"event_name":"Bonfire Elementals","floor":25,"gold_loss":0},{"damage_healed":0,"gold_gain":0,"player_choice":"Got Potions","damage_taken":0,"max_hp_gain":0,"max_hp_loss":0,"event_name":"Lab","floor":36,"gold_loss":0}],"is_beta":true,"boss_relics":[{"not_picked":["Runic Dome","Pandora\u0027s Box"],"picked":"Cursed Key"},{"not_picked":["Runic Pyramid","Velvet Choker"],"picked":"Lizard Tail"}],"items_purged_floors":[],"is_endless":false,"potions_floor_spawned":[2,4,11,12,16,18,22,27,38,39],"killed_by":"Maw","ascension_level":1}