{"path_per_floor":["M","?","?","?","M","R","M","R","T","M","T","R","M","E","R","B",null,"M","?","M","T","M","R","M","R","T","?","M","?"],"character_chosen":"DEFECT","items_purchased":[],"gold_per_floor":[112,112,112,212,224,224,235,235,235,248,271,271,281,309,309,414,414,426,341,351,351,371,371,389,389,389,389,404,0,0],"floor_reached":30,"campfire_rested":3,"playtime":1972,"item_purchase_floors":[],"current_hp_per_floor":[38,23,23,23,23,45,45,45,45,45,45,45,37,31,31,6,75,61,61,47,47,10,32,3,25,25,25,9,9,0],"items_purged":[],"gold":0,"score":230,"play_id":"f17f5f88-8bd1-4bb1-86b7-79d95d351a13","local_time":"20180528010541","is_prod":false,"is_daily":false,"chose_seed":false,"is_ascension_mode":false,"campfire_upgraded":3,"win_rate":0,"timestamp":1527458741,"campfire_choices":[{"floor":6.0,"key":"REST"},{"data":"Creative AI","floor":8.0,"key":"SMITH"},{"data":"Zap","floor":12.0,"key":"SMITH"},{"data":"Hologram","floor":15.0,"key":"SMITH"},{"floor":23,"key":"REST"},{"floor":25,"key":"REST"}],"path_taken":["M","?","?","?","M","R","M","R","T","M","?","R","M","E","R","BOSS","M","?","?","?","M","R","M","R","T","?","M","?","E"],"build_version":"2018-05-25","seed_source_timestamp":0,"purchased_purges":0,"victory":false,"master_deck":["Strike_B","Strike_B","Strike_B","Strike_B","Defend_B","Defend_B+1","Defend_B","Defend_B+1","Zap+1","Dualcast","Hyperbeam","Go for the Eyes","Creative AI+1","Reinforced Body","Heatsinks","Coolheaded","Hologram+1","Buffer","Streamline","Doom and Gloom","Leap","Leap"],"max_hp_per_floor":[75,75,75,75,75,75,75,75,75,75,75,75,75,75,75,75,75,75,75,75,75,75,75,75,75,75,75,77,77,77],"relics":["Cracked Core","Gremlin Horn","Orichalcum","Bottled Flame","Sozu","Singing Bowl","Bronze Scales","Blood Vial"],"card_choices":[{"not_picked":["Buffer","Fission"],"picked":"Hyperbeam","floor":0.0},{"not_picked":["Aggregate","Sweeping Beam"],"picked":"Go for the Eyes","floor":1.0},{"not_picked":["Compile Driver","Beam Cell"],"picked":"Creative AI","floor":5.0},{"not_picked":["Rebound","Stack"],"picked":"Reinforced Body","floor":7.0},{"not_picked":["Undo","Rebound"],"picked":"Heatsinks","floor":10.0},{"not_picked":["Rebound","Redo"],"picked":"Coolheaded","floor":13.0},{"not_picked":["Stack","Chaos"],"picked":"Hologram","floor":14.0},{"not_picked":["Multi-Cast","Biased Cognition"],"picked":"Buffer","floor":16},{"not_picked":["Turbo+1","Steam"],"picked":"Streamline","floor":18},{"not_picked":["Stack","Conserve Battery"],"picked":"Doom and Gloom","floor":20},{"not_picked":["Cold Snap","Hologram"],"picked":"Leap","floor":22},{"not_picked":["Hologram","Turbo"],"picked":"Leap","floor":24},{"not_picked":["Tempest","Hyperbeam","Skim+1"],"picked":"Singing Bowl","floor":28}],"player_experience":465000,"potions_floor_usage":[16,16,16],"damage_taken":[{"damage":0.0,"enemies":"Small Slimes","floor":1.0,"turns":2.0},{"damage":0.0,"enemies":"2 Louse","floor":5.0,"turns":2.0},{"damage":0.0,"enemies":"Cultist","floor":7.0,"turns":2.0},{"damage":0.0,"enemies":"Looter","floor":10.0,"turns":3.0},{"damage":8.0,"enemies":"Red Slaver","floor":13.0,"turns":2.0},{"damage":6.0,"enemies":"Lagavulin","floor":14.0,"turns":7.0},{"damage":25,"enemies":"Hexaghost","floor":16,"turns":10},{"damage":14,"enemies":"Chosen","floor":18,"turns":6},{"damage":14,"enemies":"Spheric Guardian","floor":20,"turns":6},{"damage":37,"enemies":"Snake Plant","floor":22,"turns":6},{"damage":29,"enemies":"Sentry and Sphere","floor":24,"turns":6},{"damage":20,"enemies":"Centurion and Healer","floor":28,"turns":12},{"damage":25,"enemies":"Gremlin Leader","floor":30,"turns":9}],"relics_obtained":[{"floor":9.0,"key":"Gremlin Horn"},{"floor":11.0,"key":"Orichalcum"},{"floor":14.0,"key":"Bottled Flame"},{"floor":21,"key":"Bronze Scales"},{"floor":26,"key":"Blood Vial"}],"event_choices":[{"event_name":"Shining Light","player_choice":"Entered Light","floor":2.0,"damage_taken":0.0},{"event_name":"The Lab","player_choice":"Got Potions","floor":3.0,"damage_taken":0.0},{"event_name":"Golden Shrine","player_choice":"Pray","floor":4.0,"damage_taken":0.0},{"event_name":"Addict","player_choice":"Obtained Relic","floor":19,"damage_taken":0},{"event_name":"The Woman in Blue","player_choice":"Bought 0 Potions","floor":27,"damage_taken":0},{"event_name":"Masked Bandits","player_choice":"Paid Bandits 404 gold","floor":29,"damage_taken":0}],"boss_relics":[{"not_picked":["Black Star","Eternal Feather"],"picked":"Sozu"}],"items_purged_floors":[],"potions_floor_spawned":[1,7,22,24],"seed_played":"5466329204679621296","killed_by":"Gremlin Leader","ascension_level":0,"potions_obtained":[{"floor":1.0,"key":"SpeedPotion"},{"floor":3.0,"key":"Strength Potion"},{"floor":3.0,"key":"AttackPotion"}],"is_trial":false}