{"gold_per_floor":[116,14,14,32,47,47,74,74,74,99,119,138,150,250,250,347,347,358,371,384,384,384,415,426,443,443,474,17,37,13,13,13,112,112,131,31,47,47,47,76,76,176,176,207,226,226,226,241,241,241],"floor_reached":51,"playtime":12605,"items_purged":["Strike_B","Strike_B"],"score":884,"play_id":"7b373a6b-c5bc-4dd7-b8ba-d4ac880f7556","local_time":"20190922200039","is_ascension_mode":true,"campfire_choices":[{"data":"Loop","floor":6.0,"key":"SMITH"},{"floor":15.0,"key":"REST"},{"floor":32.0,"key":"REST"},{"floor":41,"key":"REST"},{"floor":47,"key":"REST"},{"floor":49,"key":"REST"}],"neow_cost":"NONE","seed_source_timestamp":0,"circlet_count":0,"master_deck":["Defend_B","Defend_B","Defend_B","Defend_B+1","Zap","Dualcast","Glacier","BootSequence","Ball Lightning+1","Cold Snap","Loop+1","Cold Snap","Creative AI","FTL+1","Doom and Gloom+1","Biased Cognition","Go for the Eyes+1","Defragment","Static Discharge","Streamline+1","Rebound+1","Melter+1","Heatsinks+1","Coolheaded+1","Leap","Echo Form+1","Glacier","Steam Power+1","Cold Snap+1","Undo+1","Coolheaded+1","Dramatic Entrance+1","Double Energy","Conserve Battery+1"],"special_seed":0,"relics":["Cracked Core","Letter Opener","Darkstone Periapt","Molten Egg 2","Fusion Hammer","Dream Catcher","Vajra","Meat on the Bone","Blue Candle","Frozen Egg 2","Enchiridion","Nuclear Battery","Bag of Marbles","Girya","Bronze Scales","Cables"],"potions_floor_usage":[50,50],"damage_taken":[{"damage":2.0,"enemies":"Jaw Worm","floor":1.0,"turns":4.0},{"damage":1.0,"enemies":"Small Slimes","floor":4.0,"turns":3.0},{"damage":0.0,"enemies":"Cultist","floor":5.0,"turns":3.0},{"damage":13.0,"enemies":"3 Sentries","floor":7.0,"turns":7.0},{"damage":15.0,"enemies":"Gremlin Nob","floor":10.0,"turns":6.0},{"damage":0.0,"enemies":"Lots of Slimes","floor":11.0,"turns":3.0},{"damage":0.0,"enemies":"Large Slime","floor":12.0,"turns":4.0},{"damage":0.0,"enemies":"Exordium Thugs","floor":13.0,"turns":4.0},{"damage":9.0,"enemies":"Hexaghost","floor":16.0,"turns":9.0},{"damage":0.0,"enemies":"Shell Parasite","floor":18.0,"turns":3.0},{"damage":2.0,"enemies":"2 Thieves","floor":19.0,"turns":4.0},{"damage":13.0,"enemies":"3 Cultists","floor":20.0,"turns":4.0},{"damage":19.0,"enemies":"Gremlin Leader","floor":23.0,"turns":8.0},{"damage":3.0,"enemies":"Shelled Parasite and Fungi","floor":24.0,"turns":6.0},{"damage":0.0,"enemies":"Centurion and Healer","floor":25.0,"turns":5.0},{"damage":13.0,"enemies":"Slavers","floor":27.0,"turns":3.0},{"damage":2.0,"enemies":"Cultist and Chosen","floor":29.0,"turns":4.0},{"damage":27.0,"enemies":"Automaton","floor":33.0,"turns":10.0},{"damage":3.0,"enemies":"Orb Walker","floor":35.0,"turns":3.0},{"damage":0.0,"enemies":"3 Darklings","floor":37.0,"turns":3.0},{"damage":18,"enemies":"Nemesis","floor":40,"turns":7},{"damage":0,"enemies":"Mind Bloom Boss Battle","floor":42,"turns":7},{"damage":19,"enemies":"Reptomancer","floor":44,"turns":4},{"damage":0,"enemies":"Transient","floor":45,"turns":5},{"damage":25,"enemies":"Spire Growth","floor":48,"turns":3},{"damage":31,"enemies":"Awakened One","floor":50,"turns":16}],"seed_played":"-5748353671361183033","potions_obtained":[{"floor":1.0,"key":"Weak Potion"},{"floor":5.0,"key":"Weak Potion"},{"floor":10.0,"key":"AttackPotion"},{"floor":13.0,"key":"Explosive Potion"},{"floor":19.0,"key":"Energy Potion"},{"floor":20.0,"key":"Block Potion"},{"floor":25.0,"key":"Fire Potion"},{"floor":27.0,"key":"Fire Potion"},{"floor":42,"key":"Fire Potion"},{"floor":48,"key":"FocusPotion"}],"is_trial":false,"path_per_floor":["M","$","?","M","M","R","E","?","T","E","M","M","M","?","R","B",null,"M","M","M","?","?","E","M","M","T","E","$","M","$","?","R","B",null,"M","$","M","$","?","E","R","?","T","E","M","?","R","M","R","B",null],"character_chosen":"DEFECT","items_purchased":["Ball Lightning","Cold Snap","Frozen Egg 2","Heatsinks+1","Explosive Potion","Leap"],"campfire_rested":5,"item_purchase_floors":[2,2,28,28,28,30],"current_hp_per_floor":[73,73,58,57,57,57,44,44,44,29,29,29,29,29,51,42,67,67,65,52,52,52,33,30,30,30,29,29,39,39,23,45,30,64,61,61,61,61,61,43,65,65,65,46,46,46,68,43,65,46],"gold":241,"neow_bonus":"THREE_CARDS","is_prod":false,"is_daily":false,"chose_seed":false,"campfire_upgraded":1,"win_rate":0,"timestamp":1569171639,"path_taken":["M","$","?","M","M","R","E","?","T","E","?","M","?","?","R","BOSS","M","M","M","?","?","E","M","M","T","E","$","?","?","?","R","BOSS","M","$","M","$","?","E","R","?","T","E","?","?","R","M","R","BOSS"],"build_version":"2019-07-17","purchased_purges":2,"victory":true,"max_hp_per_floor":[75,75,75,75,75,75,75,75,75,75,75,75,75,75,75,75,75,75,75,75,75,75,75,75,75,75,75,75,75,75,75,75,75,75,75,75,75,75,75,75,75,75,75,75,75,75,75,75,75,75],"card_choices":[{"not_picked":["Scrape","Sweeping Beam"],"picked":"Glacier","floor":0.0},{"not_picked":["Tempest","Beam Cell"],"picked":"BootSequence","floor":1.0},{"not_picked":["Steam","Beam Cell"],"picked":"Loop","floor":4.0},{"not_picked":["Leap","Storm"],"picked":"Cold Snap","floor":5.0},{"not_picked":["Rebound","Blizzard"],"picked":"Creative AI","floor":7.0},{"not_picked":["Heatsinks","Leap"],"picked":"FTL","floor":10.0},{"not_picked":["Conserve Battery","Sweeping Beam+1"],"picked":"Doom and Gloom+1","floor":11.0},{"not_picked":["Steam","Redo","Tempest"],"picked":"SKIP","floor":12.0},{"not_picked":["Steam","BootSequence","Redo"],"picked":"SKIP","floor":13.0},{"not_picked":["All For One+1","Buffer"],"picked":"Biased Cognition","floor":16.0},{"not_picked":["Compile Driver+1","Sweeping Beam+1"],"picked":"Go for the Eyes+1","floor":18.0},{"not_picked":["Steam","Turbo","Genetic Algorithm"],"picked":"SKIP","floor":19.0},{"not_picked":["Steam Power","Genetic Algorithm"],"picked":"Defragment","floor":20.0},{"not_picked":["Gash+1","Stack"],"picked":"Streamline+1","floor":23.0},{"not_picked":["Compile Driver+1","Turbo"],"picked":"Rebound+1","floor":24.0},{"not_picked":["Storm+1","Sweeping Beam+1"],"picked":"Melter+1","floor":25.0},{"not_picked":["Sweeping Beam+1","Compile Driver+1"],"picked":"Beam Cell+1","floor":27.0},{"not_picked":["Cold Snap+1","Thunder Strike+1"],"picked":"Coolheaded+1","floor":29.0},{"not_picked":["Thunder Strike+1","Seek"],"picked":"Echo Form+1","floor":33.0},{"not_picked":["Steam","Coolheaded+1"],"picked":"Glacier","floor":35.0},{"not_picked":["Static Discharge+1","Glacier"],"picked":"Steam Power+1","floor":37.0},{"not_picked":["Thunder Strike+1","Recycle","Rebound+1"],"picked":"SKIP","floor":40},{"not_picked":["Force Field","Rebound+1"],"picked":"Cold Snap+1","floor":42},{"not_picked":["Ball Lightning+1","Sweeping Beam+1"],"picked":"Undo+1","floor":44},{"not_picked":["Leap+1","Gash+1"],"picked":"Coolheaded+1","floor":45},{"not_picked":["Storm+1","Steam"],"picked":"Double Energy","floor":48},{"not_picked":["Auto Shields","Cold Snap+1"],"picked":"Conserve Battery+1","floor":49}],"player_experience":302371,"relics_obtained":[{"floor":7.0,"key":"Letter Opener"},{"floor":9.0,"key":"Darkstone Periapt"},{"floor":10.0,"key":"Molten Egg 2"},{"floor":23.0,"key":"Vajra"},{"floor":26.0,"key":"Meat on the Bone"},{"floor":27.0,"key":"Blue Candle"},{"floor":31.0,"key":"Enchiridion"},{"floor":40,"key":"Bag of Marbles"},{"floor":42,"key":"Girya"},{"floor":43,"key":"Bronze Scales"},{"floor":44,"key":"Cables"}],"event_choices":[{"damage_healed":0.0,"max_hp_gain":0.0,"max_hp_loss":0.0,"gold_gain":0.0,"event_name":"Shining Light","player_choice":"Entered Light","floor":3.0,"gold_loss":0.0,"damage_taken":15.0,"cards_upgraded":["Ball Lightning","Defend_B"]},{"cards_removed":["Strike_B"],"damage_healed":0.0,"max_hp_gain":0.0,"max_hp_loss":0.0,"gold_gain":0.0,"event_name":"Purifier","player_choice":"Purged","floor":8.0,"gold_loss":0.0,"damage_taken":0.0},{"damage_healed":0.0,"max_hp_gain":0.0,"max_hp_loss":0.0,"gold_gain":100.0,"event_name":"Wheel of Change","player_choice":"Gold","floor":14.0,"gold_loss":0.0,"damage_taken":0.0},{"damage_healed":0.0,"max_hp_gain":0.0,"max_hp_loss":0.0,"gold_gain":0.0,"event_name":"The Mausoleum","player_choice":"Opened","floor":21.0,"gold_loss":0.0,"damage_taken":0.0,"relics_obtained":["Dream Catcher"]},{"damage_healed":0.0,"max_hp_gain":0.0,"max_hp_loss":0.0,"gold_gain":0.0,"cards_transformed":["Strike_B"],"event_name":"Transmorgrifier","player_choice":"Transformed","floor":22.0,"gold_loss":0.0,"damage_taken":0.0,"cards_obtained":["Static Discharge"]},{"damage_healed":0.0,"max_hp_gain":0.0,"max_hp_loss":0.0,"gold_gain":0.0,"event_name":"Cursed Tome","player_choice":"Obtained Book","floor":31.0,"gold_loss":0.0,"damage_taken":16.0},{"cards_removed":["Beam Cell"],"damage_healed":0.0,"max_hp_gain":0.0,"max_hp_loss":0.0,"gold_gain":0.0,"event_name":"Falling","player_choice":"Removed Attack","floor":39.0,"gold_loss":0.0,"damage_taken":0.0},{"damage_healed":0,"gold_gain":0,"player_choice":"Fight","damage_taken":0,"max_hp_gain":0,"max_hp_loss":0,"event_name":"MindBloom","floor":42,"gold_loss":0},{"damage_healed":0,"gold_gain":0,"player_choice":"1 cards matched","damage_taken":0,"max_hp_gain":0,"max_hp_loss":0,"event_name":"Match and Keep!","floor":46,"gold_loss":0,"cards_obtained":["Dramatic Entrance"]}],"is_beta":false,"boss_relics":[{"not_picked":["Cursed Key","Runic Dome"],"picked":"Fusion Hammer"},{"not_picked":["Busted Crown","Pandora\u0027s Box"],"picked":"Nuclear Battery"}],"items_purged_floors":[28,36],"is_endless":false,"potions_floor_spawned":[1,5,10,13,19,20,25,27,42,48],"ascension_level":5}