{"gold_per_floor":[110,162,162,179,193,193,44,74,74,74,90,90,90,90,90,214,214,214],"floor_reached":18,"playtime":409,"items_purged":[],"score":158,"play_id":"d08af010-c4c2-4530-bbb0-823c7d4198a8","local_time":"20190829233715","is_ascension_mode":false,"campfire_choices":[{"data":"Uppercut","floor":6.0,"key":"SMITH"},{"data":"Barricade","floor":10.0,"key":"SMITH"},{"data":"Iron Wave","floor":12,"key":"SMITH"},{"data":"Iron Wave","floor":15,"key":"SMITH"}],"neow_cost":"NONE","seed_source_timestamp":3741598900430,"circlet_count":0,"master_deck":["Strike_R","Strike_R","Strike_R","Strike_R","Defend_R+1","Defend_R+1","Defend_R","Defend_R","Bash+1","Uppercut+1","Barricade+1","Iron Wave+1","Iron Wave+1","Metallicize","Disarm","Double Tap"],"special_seed":0,"relics":["Black Blood","War Paint","Kunai","Smiling Mask","Golden Idol"],"potions_floor_usage":[],"damage_taken":[{"damage":0.0,"enemies":"Small Slimes","floor":1.0,"turns":4.0},{"damage":8.0,"enemies":"2 Louse","floor":4.0,"turns":2.0},{"damage":0.0,"enemies":"Cultist","floor":5.0,"turns":4.0},{"damage":20.0,"enemies":"Lagavulin","floor":8.0,"turns":8.0},{"damage":7.0,"enemies":"Blue Slaver","floor":11.0,"turns":3.0},{"damage":10,"enemies":"Hexaghost","floor":16,"turns":15},{"damage":7,"enemies":"3 Byrds","floor":18,"turns":4}],"seed_played":"-2633222976526867127","potions_obtained":[{"floor":5.0,"key":"SteroidPotion"},{"floor":11.0,"key":"AttackPotion"}],"is_trial":false,"path_per_floor":["M","?","?","M","M","R","$","E","T","R","M","R","?","?","R","B",null,"M"],"character_chosen":"IRONCLAD","items_purchased":["War Paint"],"campfire_rested":0,"item_purchase_floors":[7],"current_hp_per_floor":[80,80,80,78,80,80,80,66,66,66,65,65,70,70,70,66,79,72],"gold":214,"neow_bonus":"UPGRADE_CARD","is_prod":false,"is_daily":false,"chose_seed":false,"campfire_upgraded":4,"win_rate":0,"timestamp":1567143435,"path_taken":["M","?","?","M","?","R","$","E","T","R","M","R","?","?","R","BOSS","M"],"build_version":"2019-07-17","purchased_purges":0,"victory":false,"max_hp_per_floor":[80,80,80,80,80,80,80,80,80,80,80,80,85,79,79,79,79,79],"card_choices":[{"not_picked":["Shrug It Off","Power Through"],"picked":"Uppercut","floor":1.0},{"not_picked":["Dual Wield","Rage"],"picked":"Iron Wave","floor":4.0},{"not_picked":["Rupture","Sword Boomerang"],"picked":"Iron Wave","floor":5.0},{"not_picked":["Dropkick","Thunderclap"],"picked":"Metallicize","floor":8.0},{"not_picked":["Battle Trance","Spot Weakness"],"picked":"Disarm","floor":11.0},{"not_picked":["Fiend Fire","Feed"],"picked":"Double Tap","floor":16}],"player_experience":1699111,"relics_obtained":[{"floor":8.0,"key":"Kunai"},{"floor":9.0,"key":"Smiling Mask"}],"event_choices":[{"damage_healed":0.0,"max_hp_gain":0.0,"max_hp_loss":0.0,"gold_gain":52.0,"event_name":"Golden Wing","player_choice":"Gained Gold","floor":2.0,"gold_loss":0.0,"damage_taken":0.0},{"damage_healed":0.0,"max_hp_gain":0.0,"max_hp_loss":0.0,"gold_gain":0.0,"cards_transformed":["Strike_R"],"event_name":"Transmorgrifier","player_choice":"Transformed","floor":3.0,"gold_loss":0.0,"damage_taken":0.0,"cards_obtained":["Barricade"]},{"damage_healed":0,"gold_gain":0,"player_choice":"Donut","damage_taken":0,"max_hp_gain":5,"max_hp_loss":0,"event_name":"Big Fish","floor":13,"gold_loss":0},{"damage_healed":0,"gold_gain":0,"player_choice":"Lose Max HP","damage_taken":0,"relics_obtained":["Golden Idol"],"max_hp_gain":0,"max_hp_loss":6,"event_name":"Golden Idol","floor":14,"gold_loss":0}],"is_beta":false,"boss_relics":[{"not_picked":["Eternal Feather","Runic Cube"],"picked":"Black Blood"}],"items_purged_floors":[],"is_endless":false,"potions_floor_spawned":[5,11],"killed_by":"3 Byrds","ascension_level":0}