{"gold_per_floor":[118,118,128,146,146,146,156,190,190,223,234,234],"floor_reached":12,"playtime":511,"items_purged":[],"score":140,"play_id":"5c94a4d4-f01e-4ace-aa39-df2f72881dc3","local_time":"20190912132525","is_ascension_mode":true,"campfire_choices":[{"data":"Dash","floor":6.0,"key":"SMITH"}],"neow_cost":"NONE","seed_source_timestamp":688671779837140,"circlet_count":0,"master_deck":["AscendersBane","Strike_G","Strike_G","Strike_G","Strike_G","Defend_G","Defend_G","Defend_G","Defend_G","Defend_G","Survivor","Neutralize+1","Dash+1","Accuracy","Flying Knee","Cloak And Dagger","Noxious Fumes","Blade Dance","Skewer"],"special_seed":0,"relics":["Ring of the Snake","Bottled Flame","Ninja Scroll","Dodecahedron"],"potions_floor_usage":[12],"damage_taken":[{"damage":1.0,"enemies":"Small Slimes","floor":1.0,"turns":5.0},{"damage":2.0,"enemies":"Cultist","floor":3.0,"turns":5.0},{"damage":0.0,"enemies":"2 Louse","floor":4.0,"turns":4.0},{"damage":15.0,"enemies":"Exordium Thugs","floor":7.0,"turns":5.0},{"damage":15.0,"enemies":"Lagavulin","floor":8.0,"turns":10.0},{"damage":17.0,"enemies":"Gremlin Nob","floor":10.0,"turns":5.0},{"damage":0,"enemies":"Blue Slaver","floor":11,"turns":3},{"damage":13,"enemies":"3 Sentries","floor":12,"turns":2}],"seed_played":"-2082728168972502975","potions_obtained":[{"floor":1.0,"key":"SpeedPotion"},{"floor":7.0,"key":"Dexterity Potion"},{"floor":8.0,"key":"Weak Potion"},{"floor":10.0,"key":"Dexterity Potion"}],"is_trial":false,"path_per_floor":["M","?","M","M","?","R","M","E","T","E","M","E"],"character_chosen":"THE_SILENT","items_purchased":[],"campfire_rested":0,"item_purchase_floors":[],"current_hp_per_floor":[62,62,60,60,60,60,45,30,30,13,13,0],"gold":234,"neow_bonus":"REMOVE_CARD","is_prod":false,"is_daily":false,"chose_seed":false,"campfire_upgraded":1,"win_rate":0,"timestamp":1568319925,"path_taken":["M","?","M","M","?","R","M","E","T","E","?","E"],"build_version":"2019-07-17","purchased_purges":0,"victory":false,"max_hp_per_floor":[70,70,70,70,70,70,70,70,70,70,70,70],"card_choices":[{"not_picked":["All Out Attack","Poisoned Stab"],"picked":"Dash","floor":1.0},{"not_picked":["Slice","Bane"],"picked":"Accuracy","floor":3.0},{"not_picked":["Quick Slash","Deflect"],"picked":"Flying Knee","floor":4.0},{"not_picked":["Flying Knee","Masterful Stab"],"picked":"Cloak And Dagger","floor":7.0},{"not_picked":["Outmaneuver","Dagger Spray"],"picked":"Noxious Fumes","floor":8.0},{"not_picked":["Quick Slash","Dagger Spray"],"picked":"Blade Dance","floor":10.0},{"not_picked":["Tactician","Slice"],"picked":"Skewer","floor":11}],"player_experience":602666,"relics_obtained":[{"floor":8.0,"key":"Bottled Flame"},{"floor":9.0,"key":"Ninja Scroll"},{"floor":10.0,"key":"Dodecahedron"}],"event_choices":[{"damage_healed":0.0,"max_hp_gain":0.0,"max_hp_loss":0.0,"gold_gain":0.0,"event_name":"Liars Game","player_choice":"Ignored","floor":2.0,"gold_loss":0.0,"damage_taken":0.0},{"damage_healed":0.0,"max_hp_gain":0.0,"max_hp_loss":0.0,"gold_gain":0.0,"event_name":"Upgrade Shrine","player_choice":"Upgraded","floor":5.0,"gold_loss":0.0,"damage_taken":0.0,"cards_upgraded":["Neutralize"]}],"is_beta":false,"boss_relics":[],"items_purged_floors":[],"is_endless":false,"potions_floor_spawned":[1,7,8,10],"killed_by":"3 Sentries","ascension_level":11}