{"gold_per_floor":[110,121,71,71,84,116,134,134,134,164,19,54,54,70,70,168,168,184,31,31,31,41,71,71,71,71,102,115,10,45,56,56,153,153,164,264,264,282,9,42,14,43,95,125,145,24,42,74,74,74],"floor_reached":51,"playtime":2388,"items_purged":["Defend_R"],"score":1032,"play_id":"eea0c652-a644-4da5-b9ff-4e525847f1bb","local_time":"20190815130412","is_ascension_mode":true,"campfire_choices":[{"data":"Feed","floor":13,"key":"SMITH"},{"data":"Berserk","floor":15,"key":"SMITH"},{"data":"Immolate","floor":25,"key":"SMITH"},{"data":"Flame Barrier","floor":32,"key":"SMITH"},{"floor":49,"key":"REST"}],"neow_cost":"NONE","seed_source_timestamp":505211967500317,"circlet_count":0,"master_deck":["Strike_R","Strike_R","Strike_R","Strike_R","Bash","Cleave","Shockwave","Flex","Swift Strike","Feed+1","Whirlwind","Perfected Strike","Berserk+1","Flame Barrier+1","Headbutt","Intimidate","Immolate+1","Anger+1","Warcry+1","Immolate+1","Iron Wave","Necronomicurse","Shrug It Off+1","Impervious+1","Inflame+1","Shrug It Off","Shrug It Off","Reaper","Battle Trance","Inflame+1","Juggernaut+1","Battle Trance","Juggernaut+1","Headbutt+1","Inflame+1","Juggernaut+1"],"relics":["Burning Blood","Red Skull","Anchor","Mummified Hand","Self Forming Clay","Peace Pipe","Unceasing Top","Orichalcum","Necronomicon","Nloth\u0027s Gift","Frozen Egg 2","CultistMask","Ancient Tea Set","Blue Candle","The Courier","Runic Dome","FossilizedHelix","DollysMirror","War Paint","Bag of Preparation","Blood Vial","PreservedInsect","Regal Pillow","Girya","Art of War"],"potions_floor_usage":[12,30,30,50,50,50],"damage_taken":[{"damage":15,"enemies":"Jaw Worm","floor":1,"turns":4},{"damage":1,"enemies":"Cultist","floor":2,"turns":3},{"damage":1,"enemies":"2 Louse","floor":5,"turns":2},{"damage":41,"enemies":"Lagavulin","floor":6,"turns":8},{"damage":22,"enemies":"Large Slime","floor":7,"turns":6},{"damage":13,"enemies":"3 Sentries","floor":10,"turns":5},{"damage":0,"enemies":"Gremlin Nob","floor":12,"turns":2},{"damage":0,"enemies":"Lots of Slimes","floor":14,"turns":2},{"damage":19,"enemies":"The Guardian","floor":16,"turns":7},{"damage":12,"enemies":"2 Thieves","floor":18,"turns":3},{"damage":0,"enemies":"Spheric Guardian","floor":22,"turns":2},{"damage":27,"enemies":"Book of Stabbing","floor":23,"turns":4},{"damage":29,"enemies":"Slavers","floor":27,"turns":4},{"damage":0,"enemies":"Cultist and Chosen","floor":28,"turns":2},{"damage":16,"enemies":"Book of Stabbing","floor":30,"turns":5},{"damage":11,"enemies":"Snake Plant","floor":31,"turns":2},{"damage":7,"enemies":"Collector","floor":33,"turns":6},{"damage":0,"enemies":"3 Darklings","floor":35,"turns":2},{"damage":47,"enemies":"Mind Bloom Boss Battle","floor":36,"turns":8},{"damage":14,"enemies":"3 Shapes","floor":38,"turns":3},{"damage":20,"enemies":"Giant Head","floor":40,"turns":6},{"damage":34,"enemies":"Nemesis","floor":42,"turns":5},{"damage":28,"enemies":"Reptomancer","floor":44,"turns":8},{"damage":22,"enemies":"Spire Growth","floor":45,"turns":3},{"damage":7,"enemies":"Maw","floor":47,"turns":5},{"damage":17,"enemies":"Nemesis","floor":48,"turns":5},{"damage":32,"enemies":"Donu and Deca","floor":50,"turns":6}],"seed_played":"7019781273584615546","potions_obtained":[{"floor":5,"key":"Explosive Potion"},{"floor":10,"key":"AttackPotion"},{"floor":14,"key":"SneckoOil"},{"floor":16,"key":"Dexterity Potion"},{"floor":18,"key":"Poison Potion"},{"floor":27,"key":"AttackPotion"},{"floor":30,"key":"Fruit Juice"},{"floor":36,"key":"Swift Potion"}],"is_trial":false,"path_per_floor":["M","M","?","?","M","E","M","T","T","E","$","E","R","M","R","B",null,"M","$","?","?","M","E","?","R","T","E","M","$","E","M","R","B",null,"M","?","?","M","$","E","$","E","T","E","M","?","M","E","R","B",null],"character_chosen":"IRONCLAD","items_purchased":["Flame Barrier","Orichalcum","Inflame+1","Shrug It Off","DollysMirror","War Paint","Battle Trance"],"campfire_rested":1,"item_purchase_floors":[11,19,29,29,39,39,41],"current_hp_per_floor":[71,76,76,76,83,51,38,38,38,34,34,40,40,50,50,37,96,94,94,78,78,84,63,63,63,63,44,54,54,49,44,44,47,117,117,80,80,76,76,79,79,57,57,56,46,46,47,38,94,82],"gold":74,"neow_bonus":"RANDOM_COMMON_RELIC","is_prod":false,"is_daily":false,"chose_seed":false,"campfire_upgraded":4,"win_rate":0,"timestamp":1565863452,"path_taken":["M","M","?","?","M","E","?","?","T","E","$","E","R","M","R","BOSS","M","?","?","?","?","E","?","R","T","E","?","$","E","M","R","BOSS","M","?","?","M","$","E","$","E","T","E","M","?","?","E","R","BOSS"],"build_version":"2019-07-17","purchased_purges":1,"victory":true,"max_hp_per_floor":[80,80,80,80,83,86,89,89,89,92,92,92,92,96,96,96,96,100,100,100,100,100,100,100,100,100,104,108,108,113,113,113,117,117,117,121,121,125,125,129,129,129,129,133,137,137,137,137,137,141],"card_choices":[{"not_picked":["Evolve","Rampage"],"picked":"Cleave","floor":1},{"not_picked":["Cleave","Battle Trance"],"picked":"Shockwave","floor":2},{"not_picked":["Sentinel","Uppercut"],"picked":"Whirlwind","floor":5},{"not_picked":["Twin Strike","Flex"],"picked":"Perfected Strike","floor":6},{"not_picked":["Thunderclap","Clash","Wild Strike"],"picked":"SKIP","floor":7},{"not_picked":["Seeing Red","Brutality"],"picked":"Berserk","floor":10},{"not_picked":["Reckless Charge","Heavy Blade"],"picked":"Headbutt","floor":12},{"not_picked":["Searing Blow","Pommel Strike"],"picked":"Intimidate","floor":14},{"not_picked":["Dark Embrace","Brutality"],"picked":"Immolate","floor":16},{"not_picked":["Power Through","Havoc"],"picked":"Iron Wave","floor":18},{"not_picked":["Anger+1","Pommel Strike","Perfected Strike"],"picked":"SKIP","floor":22},{"not_picked":["Combust","Twin Strike"],"picked":"Shrug It Off","floor":23},{"not_picked":["Clash","Reckless Charge"],"picked":"Impervious","floor":27},{"not_picked":["Anger","Perfected Strike","Cleave+1"],"picked":"SKIP","floor":28},{"not_picked":["Clothesline","Infernal Blade+1"],"picked":"Dark Embrace+1","floor":30},{"not_picked":["Hemokinesis","Wild Strike"],"picked":"Shrug It Off","floor":31},{"not_picked":["Berserk+1","Immolate"],"picked":"Reaper","floor":33},{"not_picked":["Rampage","Pommel Strike+1"],"picked":"Battle Trance","floor":35},{"not_picked":["Clash+1","Anger+1","Seeing Red+1"],"picked":"SKIP","floor":38},{"not_picked":["Impervious","Spot Weakness"],"picked":"Juggernaut+1","floor":40},{"not_picked":["Bloodletting","Blood for Blood","Armaments"],"picked":"SKIP","floor":42},{"not_picked":["Clothesline","Flex+1"],"picked":"Juggernaut+1","floor":44},{"not_picked":["Carnage","Searing Blow+1"],"picked":"Headbutt+1","floor":45},{"not_picked":["Feel No Pain+1","Havoc+1"],"picked":"Inflame+1","floor":47},{"not_picked":["Reaper","Pommel Strike"],"picked":"Juggernaut+1","floor":48}],"player_experience":221123,"relics_obtained":[{"floor":6,"key":"Anchor"},{"floor":8,"key":"Mummified Hand"},{"floor":9,"key":"Self Forming Clay"},{"floor":10,"key":"Peace Pipe"},{"floor":12,"key":"Unceasing Top"},{"floor":20,"key":"Necronomicon"},{"floor":23,"key":"Frozen Egg 2"},{"floor":26,"key":"Ancient Tea Set"},{"floor":27,"key":"Blue Candle"},{"floor":30,"key":"The Courier"},{"floor":36,"key":"FossilizedHelix"},{"floor":40,"key":"Bag of Preparation"},{"floor":42,"key":"Blood Vial"},{"floor":43,"key":"PreservedInsect"},{"floor":44,"key":"Regal Pillow"},{"floor":48,"key":"Art of War"}],"event_choices":[{"cards_removed":["Defend_R"],"damage_healed":0,"gold_gain":0,"player_choice":"Card Removal","damage_taken":0,"max_hp_gain":0,"max_hp_loss":0,"event_name":"The Cleric","floor":3,"gold_loss":50},{"damage_healed":0,"gold_gain":0,"player_choice":"3 cards matched","damage_taken":0,"max_hp_gain":0,"max_hp_loss":0,"event_name":"Match and Keep!","floor":4,"gold_loss":0,"cards_obtained":["Flex","Swift Strike","Feed"]},{"damage_healed":0,"gold_gain":0,"player_choice":"Obtained Book","damage_taken":16,"max_hp_gain":0,"max_hp_loss":0,"event_name":"Cursed Tome","floor":20,"gold_loss":0},{"damage_healed":0,"gold_gain":0,"player_choice":"Traded Relic","damage_taken":0,"relics_obtained":["Nloth\u0027s Gift"],"max_hp_gain":0,"max_hp_loss":0,"event_name":"N\u0027loth","floor":21,"relics_lost":["Astrolabe"],"gold_loss":0},{"damage_healed":0,"gold_gain":0,"player_choice":"Trade","damage_taken":0,"relics_obtained":["CultistMask"],"max_hp_gain":0,"max_hp_loss":0,"event_name":"FaceTrader","floor":24,"gold_loss":0},{"damage_healed":0,"gold_gain":0,"player_choice":"Fight","damage_taken":0,"max_hp_gain":0,"max_hp_loss":0,"event_name":"MindBloom","floor":36,"gold_loss":0},{"cards_removed":["Dark Embrace"],"damage_healed":0,"gold_gain":0,"player_choice":"Removed Power","damage_taken":0,"max_hp_gain":0,"max_hp_loss":0,"event_name":"Falling","floor":37,"gold_loss":0},{"damage_healed":0,"gold_gain":0,"player_choice":"Paid Gold","damage_taken":0,"relics_obtained":["Girya"],"max_hp_gain":0,"max_hp_loss":0,"event_name":"WeMeetAgain","floor":46,"gold_loss":121}],"is_beta":false,"boss_relics":[{"not_picked":["White Beast Statue","Runic Pyramid"],"picked":"Astrolabe"},{"not_picked":["Velvet Choker","Busted Crown"],"picked":"Runic Dome"}],"items_purged_floors":[11],"is_endless":false,"potions_floor_spawned":[5,10,14,16,18,27,28,30,36,40,44],"ascension_level":1}