{"gold_per_floor":[118,135,145,145,220,220,239,269,351,385,385,415,415,450,450,552,552,564,580,580,580,596,596,621,640,663,675,709,709,709,709,709,813,813,823,833,833,54,0,0,0,28,99,134,165,36,36,54,54,54,54,54,3,32,32],"floor_reached":56,"playtime":3598,"items_purged":["Strike_B"],"score":1441,"play_id":"4dde42f4-44de-408c-a336-294e728ed2b2","local_time":"20190218054323","is_ascension_mode":true,"campfire_choices":[{"data":"Zap","floor":6,"key":"SMITH"},{"floor":13,"key":"REST"},{"floor":15,"key":"REST"},{"data":"Hologram","floor":23,"key":"SMITH"},{"floor":29,"key":"REST"},{"floor":32,"key":"REST"},{"floor":40,"key":"RECALL"},{"floor":47,"key":"REST"},{"floor":49,"key":"REST"},{"floor":52,"key":"REST"}],"neow_cost":"NONE","seed_source_timestamp":410187997854913,"circlet_count":0,"master_deck":["Strike_B","Strike_B","Defend_B+1","Defend_B","Defend_B+1","Defend_B","Zap+1","Dualcast","Conserve Battery","Ball Lightning","Ball Lightning","Go for the Eyes","Echo Form","Beam Cell","Rebound","Loop","Fission","Ball Lightning+1","Hologram+1","Echo Form","Genetic Algorithm","All For One","Loop","Regret","Self Repair+1","Ghostly","Ghostly","Ghostly","Ghostly","Ghostly","Creative AI","Steam","Glacier+1","Madness","Madness","Leap","Bandage Up","Secret Technique","Dark Shackles","Buffer","Parasite","Panacea","Reinforced Body","Hologram","Undo+1"],"relics":["Cracked Core","NeowsBlessing","Odd Mushroom","Strawberry","War Paint","Pen Nib","Cursed Key","Bag of Preparation","Orichalcum","WingedGreaves","Fusion Hammer","Ice Cream","Anchor","TheAbacus","Red Mask","Mango","Blue Candle","Singing Bowl","Ancient Tea Set","Bottled Flame"],"potions_floor_usage":[8,10,12,18,24,28,28,55,55,55],"damage_taken":[{"damage":0,"enemies":"2 Louse","floor":1,"turns":1},{"damage":0,"enemies":"Small Slimes","floor":2,"turns":1},{"damage":0,"enemies":"Cultist","floor":3,"turns":1},{"damage":2,"enemies":"2 Fungi Beasts","floor":7,"turns":3},{"damage":18,"enemies":"The Mushroom Lair","floor":8,"turns":3},{"damage":4,"enemies":"Gremlin Nob","floor":10,"turns":3},{"damage":29,"enemies":"3 Sentries","floor":12,"turns":7},{"damage":22,"enemies":"Gremlin Nob","floor":14,"turns":4},{"damage":35,"enemies":"Slime Boss","floor":16,"turns":5},{"damage":17,"enemies":"2 Thieves","floor":18,"turns":5},{"damage":11,"enemies":"3 Byrds","floor":19,"turns":4},{"damage":17,"enemies":"Centurion and Healer","floor":22,"turns":5},{"damage":10,"enemies":"Gremlin Leader","floor":24,"turns":5},{"damage":0,"enemies":"Snecko","floor":25,"turns":4},{"damage":6,"enemies":"Cultist and Chosen","floor":27,"turns":6},{"damage":23,"enemies":"Book of Stabbing","floor":28,"turns":5},{"damage":30,"enemies":"Automaton","floor":33,"turns":11},{"damage":4,"enemies":"Orb Walker","floor":35,"turns":4},{"damage":2,"enemies":"3 Darklings","floor":36,"turns":9},{"damage":15,"enemies":"Nemesis","floor":42,"turns":9},{"damage":1,"enemies":"Giant Head","floor":44,"turns":9},{"damage":1,"enemies":"Nemesis","floor":45,"turns":9},{"damage":43,"enemies":"Maw","floor":48,"turns":10},{"damage":14,"enemies":"Donu and Deca","floor":50,"turns":11},{"damage":40,"enemies":"Shield and Spear","floor":54,"turns":11},{"damage":19,"enemies":"The Heart","floor":55,"turns":14}],"seed_played":"2578410167063043000","potions_obtained":[{"floor":2,"key":"Poison Potion"},{"floor":7,"key":"AttackPotion"},{"floor":8,"key":"GamblersBrew"},{"floor":16,"key":"Weak Potion"},{"floor":18,"key":"SpeedPotion"},{"floor":24,"key":"Strength Potion"},{"floor":27,"key":"SkillPotion"},{"floor":28,"key":"FocusPotion"},{"floor":33,"key":"GamblersBrew"},{"floor":36,"key":"Explosive Potion"},{"floor":45,"key":"EssenceOfSteel"}],"is_trial":false,"path_per_floor":["M","M","M","?","?","R","M","?","T","E","?","E","R","E","R","B",null,"M","M","?","?","M","R","E","M","T","M","E","R","?","?","R","B",null,"M","M","?","$","?","R","?","E","T","E","E","$","R","M","R","B",null,"R","$","E","B",null],"character_chosen":"DEFECT","items_purchased":["Ice Cream","Anchor","TheAbacus","Leap","Panacea","Reinforced Body","Hologram"],"campfire_rested":7,"item_purchase_floors":[38,38,38,38,46,46,53],"current_hp_per_floor":[75,75,75,80,72,72,70,52,52,55,48,19,45,23,49,14,87,70,59,59,59,42,42,32,32,32,26,3,29,29,23,37,17,48,48,48,42,42,42,42,32,45,45,60,66,66,66,46,66,66,68,68,68,48,43],"gold":32,"neow_bonus":"THREE_ENEMY_KILL","is_prod":false,"is_daily":false,"chose_seed":false,"campfire_upgraded":2,"win_rate":0,"timestamp":1550457803,"path_taken":["M","M","M","?","?","R","?","?","T","E","?","E","R","E","R","BOSS","M","M","?","?","M","R","E","M","T","?","E","R","?","?","R","BOSS","M","M","?","$","?","R","?","E","T","E","E","$","R","?","R","BOSS","R","$","E","BOSS"],"build_version":"2019-02-06","purchased_purges":1,"victory":true,"max_hp_per_floor":[75,75,75,80,80,80,80,80,80,87,87,87,87,87,87,87,87,87,87,87,87,87,87,87,87,87,87,87,87,43,48,48,48,48,48,48,48,48,48,48,48,62,62,64,66,66,66,68,68,68,68,68,68,68,68],"card_choices":[{"not_picked":["Steam","Recycle"],"picked":"Conserve Battery","floor":1},{"not_picked":["Sweeping Beam","Hologram"],"picked":"Ball Lightning","floor":2},{"not_picked":["Steam","Barrage"],"picked":"Ball Lightning","floor":3},{"not_picked":["Recycle","Turbo"],"picked":"Go for the Eyes","floor":7},{"not_picked":["Sweeping Beam","Rip and Tear"],"picked":"Echo Form","floor":8},{"not_picked":["Static Discharge","Storm"],"picked":"Beam Cell","floor":10},{"not_picked":["Sweeping Beam","Beam Cell"],"picked":"Rebound","floor":12},{"not_picked":["Turbo","Aggregate"],"picked":"Loop","floor":14},{"not_picked":["Buffer","Core Surge"],"picked":"Fission","floor":16},{"not_picked":["Gash","Scrape"],"picked":"Ball Lightning+1","floor":18},{"not_picked":["Tempest","FTL"],"picked":"Hologram","floor":19},{"not_picked":["Turbo","Streamline"],"picked":"Genetic Algorithm","floor":22},{"not_picked":["Melter","Conserve Battery"],"picked":"All For One","floor":24},{"not_picked":["Double Energy","Steam"],"picked":"Loop","floor":25},{"not_picked":["Redo","Ball Lightning","Compile Driver"],"picked":"SKIP","floor":27},{"not_picked":["Beam Cell","Ball Lightning+1"],"picked":"Self Repair+1","floor":28},{"not_picked":["Buffer","Meteor Strike"],"picked":"Creative AI","floor":33},{"not_picked":["FTL+1","Stack"],"picked":"Steam","floor":35},{"not_picked":["Compile Driver","Stack"],"picked":"Glacier+1","floor":36},{"not_picked":["Discovery","Finesse"],"picked":"Bandage Up","floor":41},{"not_picked":["Forethought","Chrysalis"],"picked":"Secret Technique","floor":41},{"not_picked":["Purity","Finesse"],"picked":"Dark Shackles","floor":41},{"not_picked":["Steam Power","Heatsinks+1"],"picked":"Buffer","floor":42},{"not_picked":["Redo+1","Stack","White Noise+1"],"picked":"Singing Bowl","floor":44},{"not_picked":["Hello World+1","Leap","Go for the Eyes"],"picked":"Singing Bowl","floor":45},{"not_picked":["Hologram","Cold Snap","Turbo"],"picked":"Singing Bowl","floor":48},{"not_picked":["Melter+1","Sweeping Beam"],"picked":"Undo+1","floor":54}],"player_experience":1152668,"relics_obtained":[{"floor":8,"key":"Odd Mushroom"},{"floor":10,"key":"Strawberry"},{"floor":12,"key":"War Paint"},{"floor":14,"key":"Pen Nib"},{"floor":24,"key":"Bag of Preparation"},{"floor":26,"key":"Orichalcum"},{"floor":28,"key":"WingedGreaves"},{"floor":42,"key":"Mango"},{"floor":43,"key":"Blue Candle"},{"floor":44,"key":"Singing Bowl"},{"floor":45,"key":"Ancient Tea Set"},{"floor":54,"key":"Bottled Flame"}],"event_choices":[{"damage_healed":0,"gold_gain":0,"player_choice":"Donut","damage_taken":0,"max_hp_gain":5,"max_hp_loss":0,"event_name":"Big Fish","floor":4,"gold_loss":0},{"damage_healed":0,"gold_gain":75,"player_choice":"Touch","damage_taken":8,"max_hp_gain":0,"max_hp_loss":0,"event_name":"FaceTrader","floor":5,"gold_loss":0},{"damage_healed":0,"gold_gain":0,"player_choice":"Fought Mushrooms","damage_taken":0,"max_hp_gain":0,"max_hp_loss":0,"event_name":"Mushrooms","floor":8,"gold_loss":0},{"cards_removed":["Strike_B"],"damage_healed":0,"gold_gain":0,"player_choice":"Card Removal","damage_taken":7,"max_hp_gain":0,"max_hp_loss":0,"event_name":"Golden Wing","floor":11,"gold_loss":0},{"damage_healed":0,"gold_gain":0,"player_choice":"Ignored","damage_taken":0,"max_hp_gain":0,"max_hp_loss":0,"event_name":"Vampires","floor":20,"gold_loss":0},{"damage_healed":0,"gold_gain":0,"player_choice":"Copied","damage_taken":0,"max_hp_gain":0,"max_hp_loss":0,"event_name":"Duplicator","floor":21,"gold_loss":0,"cards_obtained":["Echo Form"]},{"damage_healed":0,"gold_gain":0,"player_choice":"Became a Ghost","damage_taken":0,"max_hp_gain":0,"max_hp_loss":44,"event_name":"Ghosts","floor":30,"gold_loss":0,"cards_obtained":["Ghostly","Ghostly","Ghostly","Ghostly","Ghostly"]},{"damage_healed":0,"gold_gain":0,"player_choice":"Shed Blood","damage_taken":11,"max_hp_gain":5,"max_hp_loss":0,"event_name":"Forgotten Altar","floor":31,"gold_loss":0},{"damage_healed":0,"gold_gain":0,"player_choice":"Embrace Madness","damage_taken":6,"max_hp_gain":0,"max_hp_loss":0,"event_name":"Winding Halls","floor":37,"gold_loss":0,"cards_obtained":["Madness","Madness"]},{"damage_healed":0,"gold_gain":0,"player_choice":"Paid","damage_taken":0,"relics_obtained":["Red Mask"],"max_hp_gain":0,"max_hp_loss":0,"event_name":"Tomb of Lord Red Mask","floor":39,"gold_loss":54},{"damage_healed":0,"gold_gain":0,"player_choice":"Memory 3","damage_taken":10,"max_hp_gain":0,"max_hp_loss":0,"event_name":"SensoryStone","floor":41,"gold_loss":0}],"is_beta":true,"boss_relics":[{"not_picked":["Snecko Eye","Runic Pyramid"],"picked":"Cursed Key"},{"not_picked":["Busted Crown","Tiny House"],"picked":"Fusion Hammer"}],"items_purged_floors":[38],"is_endless":false,"potions_floor_spawned":[2,7,8,16,18,24,27,28,33,36,45,48,54],"ascension_level":1}