{"gold_per_floor":[10,22,22,22,40,73,83,83],"floor_reached":8,"playtime":874,"items_purged":[],"score":58,"play_id":"2b1a2de9-fec4-49bc-9f7f-91a29b0f3ead","local_time":"20181102193258","is_ascension_mode":false,"campfire_choices":[],"neow_cost":"NO_GOLD","seed_source_timestamp":0,"circlet_count":0,"master_deck":["Defend_G","Defend_G","Defend_G","Defend_G","Defend_G","Strike_G","Strike_G","Strike_G","Strike_G","Survivor","Neutralize","Die Die Die","Deflect","Bouncing Flask","Deflect","Leg Sweep","Cloak And Dagger"],"special_seed":0,"relics":["Ring of the Snake","Regal Pillow","Bottled Flame"],"potions_floor_usage":[2,8,8],"damage_taken":[{"damage":0.0,"enemies":"2 Louse","floor":1.0,"turns":2.0},{"damage":0,"enemies":"Jaw Worm","floor":2,"turns":7},{"damage":0,"enemies":"Cultist","floor":5,"turns":3},{"damage":53,"enemies":"Gremlin Nob","floor":6,"turns":5},{"damage":4,"enemies":"Large Slime","floor":7,"turns":9},{"damage":24,"enemies":"3 Sentries","floor":8,"turns":9}],"seed_played":"-4767039880298940355","potions_obtained":[{"floor":1.0,"key":"Swift Potion"},{"floor":2,"key":"Weak Potion"},{"floor":7,"key":"Regen Potion"}],"is_trial":false,"path_per_floor":["M","M","?","T","M","E","M","E"],"character_chosen":"THE_SILENT","items_purchased":[],"campfire_rested":0,"item_purchase_floors":[],"current_hp_per_floor":[70,70,63,63,63,10,6,0],"gold":83,"neow_bonus":"THREE_RARE_CARDS","is_prod":false,"is_daily":false,"chose_seed":false,"campfire_upgraded":0,"win_rate":0,"timestamp":1541176378,"path_taken":["M","M","?","?","M","E","?","E"],"build_version":"2018-11-01v2","purchased_purges":0,"victory":false,"max_hp_per_floor":[70,70,70,70,70,70,70,70],"card_choices":[{"not_picked":["Night Terror","Venomology"],"picked":"Die Die Die","floor":0.0},{"not_picked":["Catalyst","Setup"],"picked":"Deflect","floor":1.0},{"not_picked":["Blur","Blade Dance"],"picked":"Bouncing Flask","floor":2},{"not_picked":["All Out Attack","Underhanded Strike"],"picked":"Deflect","floor":5},{"not_picked":["Dagger Spray","Prepared"],"picked":"Leg Sweep","floor":6},{"not_picked":["Poisoned Stab","Slice"],"picked":"Cloak And Dagger","floor":7}],"player_experience":865642,"relics_obtained":[{"floor":4,"key":"Regal Pillow"},{"floor":6,"key":"Bottled Flame"}],"event_choices":[{"cards_removed":["Strike_G"],"damage_healed":0,"gold_gain":0,"player_choice":"Card Removal","damage_taken":7,"max_hp_gain":0,"max_hp_loss":0,"event_name":"Golden Wing","floor":3,"gold_loss":0}],"is_beta":true,"boss_relics":[],"items_purged_floors":[],"is_endless":false,"potions_floor_spawned":[1,2,7],"killed_by":"3 Sentries","ascension_level":0}