{"gold_per_floor":[13,30,43,59,70,105,123,123,123,198,198,46,46,86,86,210,210,225,150,165,30,45,66,66,97,97,97,97,122,122,141,141,261,261,279,17,31,47,47,66,66,82,82,11,11,45,45,65,65,65],"floor_reached":51,"playtime":4921,"items_purged":["Strike_G"],"score":811,"play_id":"eda5e9be-45d5-4b93-acec-5b99d7ea2d6a","local_time":"20180830055754","is_ascension_mode":false,"campfire_choices":[{"floor":11,"key":"REST"},{"data":"Dash","floor":13,"key":"SMITH"},{"data":"Calculated Gamble","floor":15,"key":"SMITH"},{"data":"Adrenaline","floor":24,"key":"SMITH"},{"data":"Blade Dance","floor":28,"key":"SMITH"},{"data":"Cloak And Dagger","floor":32,"key":"SMITH"},{"data":"Burst","floor":41,"key":"SMITH"},{"data":"Concentrate","floor":47,"key":"SMITH"},{"data":"Reflex","floor":49,"key":"SMITH"}],"neow_cost":"NO_GOLD","seed_source_timestamp":639291968137704,"circlet_count":0,"master_deck":["Defend_G","Defend_G","Defend_G","Defend_G","Defend_G","Strike_G","Strike_G","Strike_G","Survivor","Neutralize","Adrenaline","Flying Knee","Crippling Poison","Concentrate+1","Dagger Spray","Skewer","Bane","Dash+1","Calculated Gamble+1","Adrenaline+1","Tactician","Riddle With Holes+1","Die Die Die","Blade Dance+1","Backstab","Cloak And Dagger+1","Adrenaline","Malaise","Blade Dance","Finisher","Reflex+1","Cloak And Dagger+1","Burst+1","Skewer","Cloak And Dagger","After Image","Madness","Madness","Well Laid Plans"],"relics":["Ring of the Snake","Anchor","Golden Idol","Shuriken","Bag of Marbles","Coffee Dripper","Bag of Preparation","Omamori","Nilry\u0027s Codex","MutagenicStrength","Lizard Tail","Orichalcum","Letter Opener","Calipers"],"potions_floor_usage":[6,16,33,33,33,38,50,50],"damage_taken":[{"damage":0,"enemies":"2 Louse","floor":1,"turns":3},{"damage":0,"enemies":"Jaw Worm","floor":2,"turns":5},{"damage":2,"enemies":"Small Slimes","floor":3,"turns":3},{"damage":9,"enemies":"Gremlin Gang","floor":4,"turns":4},{"damage":0,"enemies":"Exordium Wildlife","floor":5,"turns":2},{"damage":13,"enemies":"Lagavulin","floor":6,"turns":5},{"damage":2,"enemies":"2 Fungi Beasts","floor":7,"turns":3},{"damage":8,"enemies":"3 Sentries","floor":14,"turns":8},{"damage":0,"enemies":"Slime Boss","floor":16,"turns":6},{"damage":9,"enemies":"3 Byrds","floor":18,"turns":4},{"damage":0,"enemies":"Spheric Guardian","floor":20,"turns":3},{"damage":4,"enemies":"Snecko","floor":22,"turns":4},{"damage":8,"enemies":"Centurion and Healer","floor":23,"turns":4},{"damage":3,"enemies":"Gremlin Leader","floor":25,"turns":4},{"damage":0,"enemies":"Shelled Parasite and Fungi","floor":29,"turns":1},{"damage":0,"enemies":"Snake Plant","floor":31,"turns":1},{"damage":11,"enemies":"Champ","floor":33,"turns":5},{"damage":0,"enemies":"Orb Walker","floor":35,"turns":1},{"damage":0,"enemies":"Flame Bruiser 1 Orb","floor":37,"turns":1},{"damage":0,"enemies":"Transient","floor":38,"turns":5},{"damage":0,"enemies":"Flame Bruiser 2 Orb","floor":40,"turns":2},{"damage":0,"enemies":"Sphere and 2 Shapes","floor":42,"turns":1},{"damage":0,"enemies":"2 Orb Walkers","floor":46,"turns":3},{"damage":2,"enemies":"Maw","floor":48,"turns":8},{"damage":56,"enemies":"Donu and Deca","floor":50,"turns":5}],"seed_played":"5552435067867052407","potions_obtained":[{"floor":2,"key":"AttackPotion"},{"floor":3,"key":"Dexterity Potion"},{"floor":6,"key":"Fire Potion"},{"floor":7,"key":"Weak Potion"},{"floor":18,"key":"Poison Potion"},{"floor":22,"key":"Energy Potion"},{"floor":31,"key":"GamblersBrew"},{"floor":33,"key":"Weak Potion"},{"floor":35,"key":"Regen Potion"},{"floor":42,"key":"SmokeBomb"},{"floor":46,"key":"Fire Potion"}],"is_trial":false,"path_per_floor":["M","M","M","M","M","E","M","?","T","?","R","$","R","E","R","B",null,"M","?","M","$","M","M","R","E","T","?","R","M","?","M","R","B",null,"M","$","M","M","?","M","R","M","T","$","?","E","R","M","R","B"],"character_chosen":"THE_SILENT","items_purchased":["Dash","Die Die Die","Finisher","Orichalcum","Reflex","After Image"],"campfire_rested":1,"item_purchase_floors":[12,21,36,36,36,44],"current_hp_per_floor":[70,70,68,59,59,46,44,27,27,16,37,37,37,29,29,29,70,61,61,61,61,57,49,49,46,46,30,30,30,30,30,30,19,70,70,70,70,70,70,70,70,70,70,70,61,61,61,59,59,17],"gold":65,"neow_bonus":"THREE_RARE_CARDS","is_prod":false,"is_daily":false,"chose_seed":false,"campfire_upgraded":8,"win_rate":0,"timestamp":1535597874,"path_taken":["M","M","M","M","M","E","M","?","T","?","R","$","R","E","R","BOSS","M","?","M","$","?","M","R","E","T","?","R","M","?","M","R","BOSS","M","$","?","M","?","M","R","M","T","$","?","E","R","M","R","BOSS"],"build_version":"2018-08-28","purchased_purges":1,"victory":true,"max_hp_per_floor":[70,70,70,70,70,70,70,70,70,70,70,70,70,70,70,70,70,70,70,70,70,70,70,70,70,70,70,70,70,70,70,70,70,70,70,70,70,70,70,70,70,70,70,70,70,70,70,70,70,70],"card_choices":[{"not_picked":["Glass Knife","Night Terror"],"picked":"Adrenaline","floor":0},{"not_picked":["Heel Hook","Quick Slash"],"picked":"Flying Knee","floor":1},{"not_picked":["Dagger Throw","Bouncing Flask"],"picked":"Crippling Poison","floor":2},{"not_picked":["Acrobatics","Tactician"],"picked":"Concentrate","floor":3},{"not_picked":["Underhanded Strike","Outmaneuver"],"picked":"Dagger Spray","floor":4},{"not_picked":["Deadly Poison","Quick Slash"],"picked":"Predator","floor":5},{"not_picked":["Sucker Punch","PiercingWail"],"picked":"Skewer","floor":6},{"not_picked":["Storm of Steel","Reflex"],"picked":"Bane","floor":7},{"not_picked":["Deadly Poison","Backflip"],"picked":"Calculated Gamble","floor":14},{"not_picked":["Envenom","Die Die Die"],"picked":"Adrenaline","floor":16},{"not_picked":["Sucker Punch","Bane+1"],"picked":"Tactician","floor":18},{"not_picked":["Dodge and Roll+1","Prepared+1"],"picked":"Riddle With Holes+1","floor":20},{"not_picked":["Poisoned Stab","Choke"],"picked":"Blade Dance","floor":22},{"not_picked":["Slice","Underhanded Strike+1"],"picked":"Backstab","floor":23},{"not_picked":["All Out Attack","Flechettes","Flying Knee"],"picked":"SKIP","floor":25},{"not_picked":["Bane","Prepared+1"],"picked":"Cloak And Dagger","floor":29},{"not_picked":["Outmaneuver+1","Quick Slash"],"picked":"Adrenaline","floor":31},{"not_picked":["Grand Finale","Unload"],"picked":"Malaise","floor":33},{"not_picked":["Outmaneuver+1","Acrobatics+1"],"picked":"Blade Dance","floor":35},{"not_picked":["Dagger Throw+1","Infinite Blades+1"],"picked":"Cloak And Dagger+1","floor":37},{"not_picked":["Bane+1","Deflect"],"picked":"Burst","floor":38},{"not_picked":["Flying Knee","Dagger Throw+1"],"picked":"Skewer","floor":40},{"not_picked":["Deadly Poison","Unload"],"picked":"Cloak And Dagger","floor":42},{"not_picked":["Poisoned Stab","Noxious Fumes+1"],"picked":"Well Laid Plans","floor":46},{"not_picked":["Poisoned Stab","Flying Knee","Setup"],"picked":"SKIP","floor":48}],"player_experience":665840,"relics_obtained":[{"floor":6,"key":"Anchor"},{"floor":9,"key":"Shuriken"},{"floor":14,"key":"Bag of Marbles"},{"floor":25,"key":"Bag of Preparation"},{"floor":26,"key":"Omamori"},{"floor":27,"key":"Nilry\u0027s Codex"},{"floor":43,"key":"Letter Opener"},{"floor":46,"key":"Calipers"}],"event_choices":[{"event_name":"Golden Idol","player_choice":"Take Damage","floor":8,"damage_taken":0},{"event_name":"World of Goop","player_choice":"Gather Gold","floor":10,"damage_taken":0},{"event_name":"Beggar","player_choice":"Gave Gold","floor":19,"damage_taken":0},{"event_name":"Cursed Tome","player_choice":"Obtained Book","floor":27,"damage_taken":0},{"event_name":"Drug Dealer","player_choice":"Inject Mutagens","floor":30,"damage_taken":0},{"event_name":"Falling","player_choice":"Removed Attack","floor":39,"damage_taken":0},{"event_name":"Winding Halls","player_choice":"Embrace Madness","floor":45,"damage_taken":0}],"is_beta":true,"boss_relics":[{"not_picked":["Tiny House","Ectoplasm"],"picked":"Coffee Dripper"},{"not_picked":["Philosopher\u0027s Stone","HoveringKite"],"picked":"Lizard Tail"}],"items_purged_floors":[12],"is_endless":false,"potions_floor_spawned":[2,3,6,7,18,22,29,31,33,35,42,46],"ascension_level":0}