{"gold_per_floor":[116,130,142,158,171,171,200,375,398,398,368,401,431,458,470,587,599,601,613,643,570,628,640],"floor_reached":23,"playtime":1375,"items_purged":[],"score":291,"play_id":"4aac60b4-5a3d-4f15-84ec-6c28dcf9b2f1","local_time":"20181228205534","is_ascension_mode":true,"campfire_choices":[{"data":"Demon Form","floor":6,"key":"SMITH"},{"floor":10,"key":"REST"},{"data":"Armaments","floor":15,"key":"SMITH"}],"neow_cost":"PERCENT_DAMAGE","seed_source_timestamp":8766256661552,"circlet_count":0,"master_deck":["Strike_R","Strike_R","Strike_R","Strike_R","Strike_R","Defend_R","Defend_R","Defend_R","Defend_R","Bash","Demon Form+1","Shrug It Off","Iron Wave","Cleave","Pommel Strike","Impervious","Shrug It Off","Doubt","Armaments+1","Battle Trance","Juggernaut","Feed","Headbutt","Clothesline","Shrug It Off","Shrug It Off","Body Slam+1","Body Slam"],"relics":["Burning Blood","Regal Pillow","MawBank","Orrery","Blood Vial","Red Skull"],"potions_floor_usage":[7,16],"damage_taken":[{"damage":1,"enemies":"Cultist","floor":1,"turns":3},{"damage":5,"enemies":"Small Slimes","floor":2,"turns":4},{"damage":7,"enemies":"Jaw Worm","floor":3,"turns":4},{"damage":35,"enemies":"Gremlin Gang","floor":4,"turns":5},{"damage":2,"enemies":"Blue Slaver","floor":5,"turns":5},{"damage":34,"enemies":"Gremlin Nob","floor":7,"turns":5},{"damage":14,"enemies":"Lagavulin","floor":12,"turns":9},{"damage":15,"enemies":"Exordium Wildlife","floor":13,"turns":6},{"damage":13,"enemies":"Red Slaver","floor":14,"turns":4},{"damage":0,"enemies":"Hexaghost","floor":16,"turns":8},{"damage":27,"enemies":"2 Thieves","floor":18,"turns":4},{"damage":31,"enemies":"Shell Parasite","floor":20,"turns":9},{"damage":36,"enemies":"Book of Stabbing","floor":23,"turns":5}],"seed_played":"95186912359297584","potions_obtained":[{"floor":1,"key":"BloodPotion"},{"floor":5,"key":"SmokeBomb"},{"floor":11,"key":"Dexterity Potion"},{"floor":11,"key":"Ancient Potion"},{"floor":12,"key":"Ancient Potion"},{"floor":13,"key":"GamblersBrew"}],"is_trial":false,"path_per_floor":["M","M","M","M","M","R","E","?","T","R","?","E","M","M","R","B",null,"M","?","M","?","T","E"],"character_chosen":"IRONCLAD","items_purchased":[],"campfire_rested":1,"item_purchase_floors":[],"current_hp_per_floor":[61,62,61,32,36,36,16,16,16,55,55,47,38,31,31,37,80,59,59,34,34,34,0],"gold":640,"neow_bonus":"THREE_RARE_CARDS","is_prod":false,"is_daily":false,"chose_seed":false,"campfire_upgraded":2,"win_rate":0,"timestamp":1546019734,"path_taken":["M","M","M","?","M","R","E","?","T","R","?","E","?","M","R","BOSS","M","?","?","?","?","E"],"build_version":"2018-12-25","purchased_purges":0,"victory":false,"max_hp_per_floor":[80,80,80,80,80,80,80,80,80,80,80,80,80,80,80,80,80,80,80,80,80,80,80],"card_choices":[{"not_picked":["Double Tap","Dark Embrace"],"picked":"Demon Form","floor":0},{"not_picked":["Combust","Second Wind"],"picked":"Shrug It Off","floor":1},{"not_picked":["Wild Strike","Warcry"],"picked":"Iron Wave","floor":2},{"not_picked":["Inflame","Rampage"],"picked":"Cleave","floor":3},{"not_picked":["Dual Wield","Wild Strike"],"picked":"Pommel Strike","floor":4},{"not_picked":["Rampage","Seeing Red"],"picked":"Impervious","floor":5},{"not_picked":["Wild Strike","Whirlwind"],"picked":"Shrug It Off","floor":7},{"not_picked":["Perfected Strike","Evolve"],"picked":"Armaments","floor":12},{"not_picked":["Pommel Strike","Flex"],"picked":"Battle Trance","floor":13},{"not_picked":["Ghostly Armor","Burning Pact"],"picked":"Juggernaut","floor":14},{"not_picked":["Dark Embrace","Double Tap"],"picked":"Feed","floor":16},{"not_picked":["Sever Soul","Twin Strike"],"picked":"Headbutt","floor":17},{"not_picked":["True Grit","Carnage"],"picked":"Clothesline","floor":17},{"not_picked":["Armaments","Clothesline"],"picked":"Shrug It Off","floor":17},{"not_picked":["Bloodletting","Infernal Blade"],"picked":"Shrug It Off","floor":17},{"not_picked":["Power Through","Cleave"],"picked":"Body Slam","floor":18},{"not_picked":["Armaments","Entrench"],"picked":"Body Slam","floor":20}],"player_experience":1022975,"relics_obtained":[{"floor":7,"key":"Regal Pillow"},{"floor":12,"key":"MawBank"},{"floor":22,"key":"Red Skull"}],"event_choices":[{"damage_healed":0,"gold_gain":175,"player_choice":"AGREE","damage_taken":0,"max_hp_gain":0,"max_hp_loss":0,"event_name":"Liars Game","floor":8,"gold_loss":0,"cards_obtained":["Doubt"]},{"damage_healed":0,"gold_gain":0,"player_choice":"Bought 2 Potions","damage_taken":0,"max_hp_gain":0,"max_hp_loss":0,"event_name":"The Woman in Blue","floor":11,"gold_loss":0},{"damage_healed":0,"gold_gain":0,"player_choice":"Upgraded","damage_taken":0,"max_hp_gain":0,"max_hp_loss":0,"event_name":"Upgrade Shrine","floor":19,"gold_loss":0,"cards_upgraded":["Body Slam"]},{"damage_healed":0,"gold_gain":0,"player_choice":"Obtained Relic","damage_taken":0,"relics_obtained":["Blood Vial"],"max_hp_gain":0,"max_hp_loss":0,"event_name":"Addict","floor":21,"gold_loss":85}],"is_beta":true,"boss_relics":[{"not_picked":["Runic Dome","Runic Pyramid"],"picked":"Orrery"}],"items_purged_floors":[],"is_endless":false,"potions_floor_spawned":[1,5,12,13],"killed_by":"Book of Stabbing","ascension_level":1}