{"gold_per_floor":[112,112,129,54,70,70,99,114,114,132,147,7,7,27,27,131,131,145,7,7,32,32,32,32,52,52,52,52,70,70,70,70,172,172,190,208,218,264,264,264,264,264,264,284,284,302,84,103,103,103],"floor_reached":50,"playtime":1592,"items_purged":["Writhe","Strike_R","Strike_R+1"],"score":442,"play_id":"0c39b808-315e-47db-b857-14eab2b2080f","local_time":"20190908212311","is_ascension_mode":false,"campfire_choices":[{"data":"Bash","floor":6,"key":"SMITH"},{"data":"Flex","floor":15,"key":"SMITH"},{"data":"Whirlwind","floor":23,"key":"SMITH"},{"floor":27,"key":"DIG"},{"floor":30,"key":"DIG"},{"floor":32,"key":"DIG"},{"floor":40,"key":"DIG"},{"floor":41,"key":"DIG"},{"floor":42,"key":"DIG"},{"floor":49,"key":"DIG"}],"neow_cost":"CURSE","seed_source_timestamp":6574589801561,"circlet_count":0,"master_deck":["Strike_R+1","Strike_R+1","Strike_R+1","Defend_R+1","Defend_R+1","Defend_R+1","Defend_R+1","Bash+1","Good Instincts+1","Bash","Heavy Blade","Twin Strike","Uppercut","Whirlwind+1","Immolate","Flex+1","Immolate","Headbutt+1","Metallicize","Spot Weakness+1","Reaper","Corruption+1","Finesse","Heavy Blade+1"],"special_seed":0,"relics":["Burning Blood","Magic Flower","Regal Pillow","Mercury Hourglass","Sozu","Red Mask","Shovel","War Paint","Blood Vial","Nunchaku","WingedGreaves","Busted Crown","Charon\u0027s Ashes","Boot","Darkstone Periapt","Pear","Anchor","Pantograph","Bottled Flame"],"potions_floor_usage":[7,14,16,33],"damage_taken":[{"damage":0.0,"enemies":"2 Louse","floor":1.0,"turns":4.0},{"damage":6,"enemies":"Cultist","floor":3,"turns":4},{"damage":0,"enemies":"Small Slimes","floor":5,"turns":3},{"damage":45,"enemies":"3 Sentries","floor":7,"turns":11},{"damage":9,"enemies":"Blue Slaver","floor":8,"turns":3},{"damage":2,"enemies":"2 Fungi Beasts","floor":10,"turns":3},{"damage":6,"enemies":"Lots of Slimes","floor":11,"turns":3},{"damage":0,"enemies":"3 Louse","floor":14,"turns":2},{"damage":64,"enemies":"Hexaghost","floor":16,"turns":9},{"damage":10,"enemies":"Chosen","floor":18,"turns":3},{"damage":12,"enemies":"Masked Bandits","floor":21,"turns":3},{"damage":5,"enemies":"Spheric Guardian","floor":25,"turns":3},{"damage":0,"enemies":"Chosen and Byrds","floor":29,"turns":4},{"damage":62,"enemies":"Champ","floor":33,"turns":10},{"damage":0,"enemies":"3 Shapes","floor":35,"turns":3},{"damage":0,"enemies":"3 Darklings","floor":36,"turns":3},{"damage":15,"enemies":"Jaw Worm Horde","floor":37,"turns":3},{"damage":20,"enemies":"2 Orb Walkers","floor":38,"turns":4},{"damage":1,"enemies":"Sphere and 2 Shapes","floor":44,"turns":3},{"damage":51,"enemies":"Maw","floor":46,"turns":8},{"damage":0,"enemies":"3 Darklings","floor":48,"turns":1},{"damage":125,"enemies":"Awakened One","floor":50,"turns":11}],"seed_played":"7805533336375656889","potions_obtained":[{"floor":1.0,"key":"BloodPotion"},{"floor":5,"key":"GamblersBrew"},{"floor":7,"key":"FearPotion"},{"floor":11,"key":"AttackPotion"}],"is_trial":false,"path_per_floor":["M","?","M","$","M","R","E","M","T","M","M","$","$","M","R","B",null,"M","$","?","?","$","R","?","M","T","R","?","M","R","$","R","B",null,"M","M","M","?","T","R","R","R","T","M","?","M","$","M","R","B"],"character_chosen":"IRONCLAD","items_purchased":["Immolate","Metallicize","Finesse"],"campfire_rested":0,"item_purchase_floors":[12,19,47],"current_hp_per_floor":[80,80,80,80,80,80,74,74,74,80,80,80,80,80,80,25,80,79,79,79,76,76,76,76,80,80,80,80,80,80,80,80,27,80,80,80,74,66,66,66,76,76,76,90,90,66,66,78,78,0],"gold":103,"neow_bonus":"ONE_RARE_RELIC","is_prod":false,"is_daily":false,"chose_seed":false,"campfire_upgraded":3,"win_rate":0,"timestamp":1567999391,"path_taken":["M","?","M","$","M","R","E","M","T","?","M","?","$","M","R","BOSS","M","?","?","?","?","R","?","M","T","R","?","M","R","$","R","BOSS","M","M","?","?","?","R","R","R","T","M","?","M","$","?","R","BOSS"],"build_version":"2019-07-17","purchased_purges":3,"victory":false,"max_hp_per_floor":[80,80,80,80,80,80,80,80,80,80,80,80,80,80,80,80,80,80,80,80,80,80,80,80,80,80,80,80,80,80,80,80,80,80,80,80,80,80,80,80,90,90,90,90,90,90,90,90,90,90],"card_choices":[{"not_picked":["True Grit","Combust"],"picked":"Sword Boomerang","floor":1.0},{"not_picked":["Evolve","Havoc","Dropkick"],"picked":"SKIP","floor":3},{"not_picked":["Cleave","Dual Wield"],"picked":"Heavy Blade","floor":5},{"not_picked":["Clothesline","Dark Embrace","Anger"],"picked":"SKIP","floor":7},{"not_picked":["Rage","Havoc"],"picked":"Twin Strike","floor":8},{"not_picked":["Anger","Havoc"],"picked":"Uppercut","floor":10},{"not_picked":["Seeing Red","Rupture"],"picked":"Whirlwind","floor":11},{"not_picked":["Pommel Strike","Twin Strike"],"picked":"Flex","floor":14},{"not_picked":["Berserk","Feed"],"picked":"Immolate","floor":16},{"not_picked":["Anger","Searing Blow"],"picked":"Headbutt+1","floor":18},{"not_picked":["Twin Strike","Uppercut"],"picked":"Spot Weakness","floor":25},{"not_picked":["Warcry+1","Blood for Blood","Wild Strike"],"picked":"SKIP","floor":29},{"not_picked":["Exhume","Barricade"],"picked":"Reaper","floor":33},{"not_picked":["Perfected Strike+1"],"picked":"SKIP","floor":35},{"not_picked":["Wild Strike"],"picked":"SKIP","floor":36},{"not_picked":["Clash"],"picked":"SKIP","floor":37},{"not_picked":["Sword Boomerang"],"picked":"SKIP","floor":44},{"not_picked":["Corruption+1"],"picked":"SKIP","floor":46},{"not_picked":[],"picked":"Corruption+1","floor":46},{"not_picked":[],"picked":"Heavy Blade+1","floor":48}],"player_experience":1729055,"relics_obtained":[{"floor":7,"key":"Regal Pillow"},{"floor":9,"key":"Mercury Hourglass"},{"floor":21,"key":"Red Mask"},{"floor":26,"key":"War Paint"},{"floor":27,"key":"Blood Vial"},{"floor":30,"key":"Nunchaku"},{"floor":32,"key":"WingedGreaves"},{"floor":38,"key":"Charon\u0027s Ashes"},{"floor":39,"key":"Boot"},{"floor":40,"key":"Darkstone Periapt"},{"floor":41,"key":"Pear"},{"floor":42,"key":"Anchor"},{"floor":43,"key":"Pantograph"},{"floor":49,"key":"Bottled Flame"}],"event_choices":[{"damage_healed":0,"gold_gain":0,"player_choice":"2 cards matched","damage_taken":0,"max_hp_gain":0,"max_hp_loss":0,"event_name":"Match and Keep!","floor":2,"gold_loss":0,"cards_obtained":["Good Instincts","Bash"]},{"damage_healed":0,"gold_gain":0,"player_choice":"Simplicity","damage_taken":0,"max_hp_gain":0,"max_hp_loss":0,"event_name":"Back to Basics","floor":20,"gold_loss":0,"cards_upgraded":["Strike_R","Strike_R","Strike_R","Strike_R","Defend_R","Defend_R","Defend_R","Defend_R"]},{"damage_healed":0,"gold_gain":0,"player_choice":"Fought Bandits","damage_taken":0,"max_hp_gain":0,"max_hp_loss":0,"event_name":"Masked Bandits","floor":21,"gold_loss":0},{"damage_healed":0,"gold_gain":0,"player_choice":"Opened","damage_taken":0,"relics_obtained":["Shovel"],"max_hp_gain":0,"max_hp_loss":0,"event_name":"The Mausoleum","floor":24,"gold_loss":0},{"damage_healed":0,"gold_gain":0,"player_choice":"Bought 0 Potions","damage_taken":0,"max_hp_gain":0,"max_hp_loss":0,"event_name":"The Woman in Blue","floor":28,"gold_loss":0},{"damage_healed":0,"gold_gain":0,"player_choice":"Fight","damage_taken":0,"max_hp_gain":0,"max_hp_loss":0,"event_name":"Mysterious Sphere","floor":38,"gold_loss":0},{"cards_removed":["Sword Boomerang"],"damage_healed":0,"gold_gain":0,"player_choice":"Removed Attack","damage_taken":0,"max_hp_gain":0,"max_hp_loss":0,"event_name":"Falling","floor":45,"gold_loss":0}],"is_beta":false,"boss_relics":[{"not_picked":["Coffee Dripper","White Beast Statue"],"picked":"Sozu"},{"not_picked":["Runic Pyramid","Pandora\u0027s Box"],"picked":"Busted Crown"}],"items_purged_floors":[4,19,47],"is_endless":false,"potions_floor_spawned":[1,5,7,11,29,35,46,48],"killed_by":"Awakened One","ascension_level":0}