{"gold_per_floor":[115,133,152,164,178,213,213,213,237,254,271,271,283,293,293,392,392,406,60,44,44,62,62,62,161,161,161,230,264,264,278,278,375,375,386,43,60,80,100,100,111,130,130,130,130,0,12,25,25,25],"floor_reached":50,"playtime":4183,"items_purged":[],"score":616,"play_id":"aabaec4f-f4f7-4467-9551-3d92f6c3c3a7","local_time":"20190915140724","is_ascension_mode":true,"campfire_choices":[{"floor":8.0,"key":"REST"},{"floor":15.0,"key":"REST"},{"floor":23,"key":"REST"},{"floor":27,"key":"RECALL"},{"floor":30,"key":"REST"},{"data":"Backflip","floor":32,"key":"SMITH"},{"floor":40,"key":"REST"},{"floor":44,"key":"REST"},{"floor":49,"key":"REST"}],"neow_cost":"NONE","seed_source_timestamp":0,"circlet_count":0,"master_deck":["Strike_G","Strike_G","Strike_G","Strike_G","Defend_G","Defend_G","Defend_G","Defend_G","Survivor","Neutralize","Outmaneuver","Backflip+1","Backstab","Poisoned Stab","Dash","Blur","Accuracy","Expertise","PiercingWail","Accuracy","Adrenaline","Escape Plan","Flechettes","Slice+1","Crippling Poison","Infinite Blades","PiercingWail","Cloak And Dagger","Envenom","Finisher","Prepared+1","Prepared+1","Bouncing Flask","Slice+1","Deflect+1","Reflex+1","All Out Attack"],"special_seed":0,"relics":["Runic Pyramid","Pantograph","Anchor","WristBlade","Snake Skull","Lee\u0027s Waffle","Pear","Dodecahedron","Art of War","Busted Crown","TwistedFunnel","Strawberry","Ice Cream","Red Mask"],"potions_floor_usage":[33,33,50,50],"damage_taken":[{"damage":2.0,"enemies":"2 Louse","floor":1.0,"turns":4.0},{"damage":3.0,"enemies":"Small Slimes","floor":2.0,"turns":5.0},{"damage":0.0,"enemies":"Cultist","floor":3.0,"turns":4.0},{"damage":14.0,"enemies":"Lots of Slimes","floor":4.0,"turns":5.0},{"damage":4.0,"enemies":"2 Fungi Beasts","floor":5.0,"turns":3.0},{"damage":17.0,"enemies":"3 Sentries","floor":6.0,"turns":10.0},{"damage":1.0,"enemies":"Looter","floor":10.0,"turns":3.0},{"damage":0.0,"enemies":"3 Louse","floor":11.0,"turns":3.0},{"damage":11.0,"enemies":"Exordium Thugs","floor":13.0,"turns":6.0},{"damage":1.0,"enemies":"Looter","floor":14.0,"turns":4.0},{"damage":32.0,"enemies":"The Guardian","floor":16.0,"turns":22.0},{"damage":7,"enemies":"Chosen","floor":18,"turns":8},{"damage":24,"enemies":"2 Thieves","floor":20,"turns":5},{"damage":26,"enemies":"Snake Plant","floor":22,"turns":8},{"damage":29,"enemies":"Slavers","floor":29,"turns":7},{"damage":3,"enemies":"Chosen and Byrds","floor":31,"turns":8},{"damage":72,"enemies":"Collector","floor":33,"turns":12},{"damage":21,"enemies":"3 Shapes","floor":35,"turns":5},{"damage":9,"enemies":"Orb Walker","floor":37,"turns":4},{"damage":34,"enemies":"Transient","floor":38,"turns":5},{"damage":9,"enemies":"4 Shapes","floor":39,"turns":7},{"damage":50,"enemies":"Spire Growth","floor":41,"turns":4},{"damage":0,"enemies":"3 Darklings","floor":42,"turns":8},{"damage":1,"enemies":"4 Shapes","floor":47,"turns":5},{"damage":15,"enemies":"Maw","floor":48,"turns":8},{"damage":72,"enemies":"Awakened One","floor":50,"turns":6}],"seed_played":"-7796914851185994668","potions_obtained":[{"floor":1.0,"key":"Block Potion"},{"floor":4.0,"key":"Energy Potion"},{"floor":6.0,"key":"GhostInAJar"},{"floor":13.0,"key":"Fruit Juice"},{"floor":22,"key":"Dexterity Potion"},{"floor":29,"key":"GhostInAJar"},{"floor":37,"key":"LiquidBronze"},{"floor":41,"key":"Poison Potion"},{"floor":42,"key":"SpeedPotion"}],"is_trial":false,"path_per_floor":["M","M","M","M","M","E","?","R","T","M","M","?","M","M","R","B",null,"M","$","M","?","M","R","?","?","T","R","T","E","R","M","R","B",null,"M","$","M","M","M","R","M","M","T","R","$","?","M","M","R","B"],"character_chosen":"THE_SILENT","items_purchased":["Snake Skull","Lee\u0027s Waffle","TwistedFunnel","Strawberry"],"campfire_rested":7,"item_purchase_floors":[19,19,36,36],"current_hp_per_floor":[68,65,65,51,47,30,18,39,39,38,38,38,27,31,53,43,75,68,82,58,58,32,56,56,56,66,66,66,37,64,61,61,14,92,71,78,69,35,26,55,5,5,5,34,34,34,33,18,47,0],"gold":25,"neow_bonus":"BOSS_RELIC","is_prod":false,"is_daily":false,"chose_seed":false,"campfire_upgraded":1,"win_rate":0,"timestamp":1568574444,"path_taken":["M","M","M","M","M","E","?","R","T","M","M","?","M","M","R","BOSS","M","?","?","?","M","R","?","?","T","R","?","E","R","M","R","BOSS","M","$","M","M","M","R","M","M","T","R","$","?","M","M","R","BOSS"],"build_version":"2019-07-17","purchased_purges":0,"victory":false,"max_hp_per_floor":[70,70,70,70,70,70,70,70,70,70,70,70,70,75,75,75,75,75,82,82,82,82,82,82,82,92,92,92,92,92,92,92,92,92,92,99,99,99,99,99,99,99,99,99,99,99,99,99,99,99],"card_choices":[{"not_picked":["Setup","Prepared"],"picked":"Outmaneuver","floor":1.0},{"not_picked":["Noxious Fumes","Bane"],"picked":"Backflip","floor":2.0},{"not_picked":["Outmaneuver","Dodge and Roll"],"picked":"Backstab","floor":3.0},{"not_picked":["All Out Attack","Tactician"],"picked":"Poisoned Stab","floor":4.0},{"not_picked":["Cloak And Dagger","Prepared"],"picked":"Dash","floor":5.0},{"not_picked":["Crippling Poison","Quick Slash"],"picked":"Blur","floor":6.0},{"not_picked":["Deflect","Endless Agony"],"picked":"Accuracy","floor":10.0},{"not_picked":["Sucker Punch","Masterful Stab"],"picked":"Expertise","floor":11.0},{"not_picked":["Dagger Spray","Riddle With Holes"],"picked":"PiercingWail","floor":13.0},{"not_picked":["Bane","Poisoned Stab"],"picked":"Accuracy","floor":14.0},{"not_picked":["Burst","Bullet Time"],"picked":"Adrenaline","floor":16.0},{"not_picked":["Tactician","Expertise+1"],"picked":"Escape Plan","floor":18},{"not_picked":["Blade Dance","PiercingWail"],"picked":"Flechettes","floor":20},{"not_picked":["Masterful Stab","Prepared"],"picked":"Slice+1","floor":22},{"not_picked":["Outmaneuver","Masterful Stab"],"picked":"PiercingWail","floor":29},{"not_picked":["Outmaneuver","Flying Knee"],"picked":"Cloak And Dagger","floor":31},{"not_picked":["Phantasmal Killer","Night Terror"],"picked":"Envenom","floor":33},{"not_picked":[],"picked":"Finisher","floor":35},{"not_picked":[],"picked":"Prepared+1","floor":37},{"not_picked":[],"picked":"Prepared+1","floor":38},{"not_picked":[],"picked":"Bouncing Flask","floor":39},{"not_picked":[],"picked":"Slice+1","floor":41},{"not_picked":[],"picked":"Deflect+1","floor":42},{"not_picked":[],"picked":"Reflex+1","floor":47},{"not_picked":[],"picked":"All Out Attack","floor":48}],"player_experience":399222,"relics_obtained":[{"floor":6.0,"key":"Pantograph"},{"floor":26,"key":"Pear"},{"floor":28,"key":"Dodecahedron"},{"floor":29,"key":"Art of War"},{"floor":43,"key":"Ice Cream"}],"event_choices":[{"damage_healed":0.0,"max_hp_gain":0.0,"max_hp_loss":0.0,"gold_gain":0.0,"event_name":"Scrap Ooze","player_choice":"Success","floor":7.0,"gold_loss":0.0,"damage_taken":12.0,"relics_obtained":["Anchor"]},{"damage_healed":0.0,"max_hp_gain":0.0,"max_hp_loss":0.0,"gold_gain":0.0,"event_name":"Purifier","player_choice":"Ignored","floor":12.0,"gold_loss":0.0,"damage_taken":0.0},{"damage_healed":0,"gold_gain":0,"player_choice":"Ignored","damage_taken":0,"max_hp_gain":0,"max_hp_loss":0,"event_name":"Ghosts","floor":21,"gold_loss":0},{"damage_healed":0,"gold_gain":0,"cards_transformed":["Defend_G","Strike_G"],"player_choice":"Became Test Subject","damage_taken":0,"max_hp_gain":0,"max_hp_loss":0,"event_name":"Drug Dealer","floor":24,"gold_loss":0,"cards_obtained":["Crippling Poison","Infinite Blades"]},{"damage_healed":0,"gold_gain":99,"player_choice":"Stole From Cult","damage_taken":0,"max_hp_gain":0,"max_hp_loss":0,"event_name":"Nest","floor":25,"gold_loss":0},{"damage_healed":0,"gold_gain":0,"player_choice":"Paid","damage_taken":0,"relics_obtained":["Red Mask"],"max_hp_gain":0,"max_hp_loss":0,"event_name":"Tomb of Lord Red Mask","floor":46,"gold_loss":130}],"is_beta":false,"boss_relics":[{"not_picked":["Calling Bell","Black Star"],"picked":"WristBlade"},{"not_picked":["Sozu","Snecko Eye"],"picked":"Busted Crown"}],"items_purged_floors":[],"is_endless":false,"potions_floor_spawned":[1,4,6,13,22,29,37,41,42],"killed_by":"Awakened One","ascension_level":4}