{"gold_per_floor":[111,130,149,224,224,224,251,251,275,291,306,335,348,361,361,456,456,470,5,5,5,5,39,39,66,66,94,104,104,123,179,179,274,274,284,0,0,12,12,12,44,44,98,98,98],"floor_reached":45,"playtime":2163,"items_purged":["Strike_G"],"score":657,"play_id":"cf388505-9fc8-4b85-a527-dea2630a05e0","local_time":"20190105035044","is_ascension_mode":true,"campfire_choices":[{"data":"strawberrySpire:DreamfoilDart","floor":6,"key":"SMITH"},{"data":"Footwork","floor":8,"key":"SMITH"},{"floor":15,"key":"REST"},{"data":"Cloak And Dagger","floor":24,"key":"SMITH"},{"data":"Infinite Blades","floor":32,"key":"SMITH"},{"data":"Envenom","floor":40,"key":"SMITH"},{"data":"Blade Dance","floor":42,"key":"SMITH"},{"data":"Calculated Gamble","floor":44,"key":"SMITH"}],"neow_cost":"TEN_PERCENT_HP_LOSS","seed_source_timestamp":191752597746077,"circlet_count":0,"master_deck":["Defend_G+1","Defend_G+1","Defend_G+1","Defend_G+1","Defend_G+1","Strike_G+1","Strike_G+1","Survivor","Neutralize","Blur","strawberrySpire:DreamfoilDart+1","Footwork+1","Riddle With Holes","Deadly Poison","strawberrySpire:DreamfoilDart","Noxious Fumes","Flying Knee","Storm of Steel","Infinite Blades+1","strawberrySpire:DreamfoilDart+1","strawberrySpire:DreamfoilDart+1","strawberrySpire:DreamfoilDart+1","strawberrySpire:DreamfoilDart+1","Deflect+1","Blade Dance+1","Cloak And Dagger+1","strawberrySpire:Insectonator+1","Calculated Gamble+1","Calculated Gamble","PiercingWail","strawberrySpire:Trickbox","Envenom+1","Accuracy","Echo Form+1","strawberrySpire:Slide+1","Swift Strike","Flash of Steel","Flash of Steel","Cloak And Dagger+1"],"relics":["Ring of the Snake","Bronze Scales","Snake Skull","Omamori","Cursed Key","strawberrySpire:BrokenPrinter","War Paint","Orichalcum","Pear","Bag of Marbles","Shuriken","Tiny Chest","Black Star","Red Mask","Ancient Tea Set","Bottled Tornado","Strawberry"],"potions_floor_usage":[12,16,23],"damage_taken":[{"damage":0,"enemies":"Jaw Worm","floor":1,"turns":7},{"damage":0,"enemies":"2 Louse","floor":2,"turns":5},{"damage":0,"enemies":"Small Slimes","floor":3,"turns":4},{"damage":42,"enemies":"Gremlin Nob","floor":7,"turns":9},{"damage":0,"enemies":"Blue Slaver","floor":10,"turns":5},{"damage":0,"enemies":"Exordium Wildlife","floor":11,"turns":5},{"damage":0,"enemies":"Lagavulin","floor":12,"turns":9},{"damage":1,"enemies":"Red Slaver","floor":13,"turns":4},{"damage":0,"enemies":"Looter","floor":14,"turns":4},{"damage":23,"enemies":"Slime Boss","floor":16,"turns":10},{"damage":2,"enemies":"Shell Parasite","floor":18,"turns":6},{"damage":28,"enemies":"Gremlin Leader","floor":23,"turns":9},{"damage":26,"enemies":"Slavers","floor":25,"turns":6},{"damage":13,"enemies":"Gremlin Leader","floor":27,"turns":7},{"damage":7,"enemies":"Chosen","floor":28,"turns":6},{"damage":14,"enemies":"3 Cultists","floor":30,"turns":5},{"damage":13,"enemies":"strawberrySpire:AncientClocktower","floor":31,"turns":8},{"damage":22,"enemies":"Champ","floor":33,"turns":10},{"damage":0,"enemies":"Orb Walker","floor":35,"turns":3},{"damage":8,"enemies":"3 Shapes","floor":38,"turns":3},{"damage":41,"enemies":"Nemesis","floor":41,"turns":9},{"damage":42,"enemies":"strawberrySpire:EssenceStones","floor":45,"turns":3}],"seed_played":"-9120879200936193062","potions_obtained":[{"floor":10,"key":"Block Potion"},{"floor":12,"key":"FearPotion"},{"floor":13,"key":"Swift Potion"},{"floor":14,"key":"SpeedPotion"},{"floor":16,"key":"Weak Potion"},{"floor":27,"key":"FearPotion"},{"floor":33,"key":"GhostInAJar"}],"is_trial":false,"path_per_floor":["M","M","M","?","?","R","E","R","T","M","M","E","M","M","R","B",null,"M","$","?","?","$","E","R","E","T","E","M","?","M","E","R","B",null,"M","?","?","M","?","R","E","R","T","R","E"],"character_chosen":"THE_SILENT","items_purchased":["strawberrySpire:BrokenPrinter","Deflect","War Paint"],"campfire_rested":1,"item_purchase_floors":[19,19,19],"current_hp_per_floor":[63,63,63,52,57,57,15,15,15,15,15,15,14,14,34,11,68,66,66,66,66,66,38,38,22,22,9,2,88,74,61,61,39,88,88,88,88,80,70,70,29,29,36,36,0],"gold":98,"neow_bonus":"REMOVE_TWO","is_prod":false,"is_daily":false,"chose_seed":false,"campfire_upgraded":7,"win_rate":0,"timestamp":1546649444,"path_taken":["M","M","M","?","?","R","E","R","T","M","M","E","M","M","R","BOSS","M","$","?","?","?","E","R","E","T","E","?","?","?","E","R","BOSS","M","?","?","?","?","R","E","R","T","R","E"],"build_version":"2019-01-03v4","purchased_purges":1,"victory":false,"max_hp_per_floor":[63,63,63,63,68,68,68,68,68,68,68,68,68,68,68,68,68,68,68,68,68,68,68,68,78,78,78,78,88,88,88,88,88,88,88,88,88,88,88,88,88,88,95,95,95],"card_choices":[{"not_picked":["Flying Knee","strawberrySpire:SideSwipe"],"picked":"Blur","floor":1},{"not_picked":["Quick Slash","Deadly Poison"],"picked":"strawberrySpire:DreamfoilDart","floor":2},{"not_picked":["strawberrySpire:Momentum","Bane"],"picked":"Footwork","floor":3},{"not_picked":["Quick Slash","strawberrySpire:SideSwipe"],"picked":"Riddle With Holes","floor":7},{"not_picked":["strawberrySpire:DeltaFlow","Outmaneuver"],"picked":"Deadly Poison","floor":10},{"not_picked":["Blade Dance","Dash"],"picked":"strawberrySpire:DreamfoilDart","floor":11},{"not_picked":["Deadly Poison","Skewer"],"picked":"strawberrySpire:HotShot","floor":12},{"not_picked":["strawberrySpire:Grapple","Footwork"],"picked":"Noxious Fumes","floor":13},{"not_picked":["strawberrySpire:SideSwipe","strawberrySpire:Grapple"],"picked":"Flying Knee","floor":14},{"not_picked":["Venomology","Tools of the Trade"],"picked":"Storm of Steel","floor":16},{"not_picked":["Acrobatics+1","Sucker Punch"],"picked":"Infinite Blades","floor":18},{"not_picked":["strawberrySpire:SpinKick","After Image"],"picked":"Cloak And Dagger","floor":23},{"not_picked":["strawberrySpire:DeltaFlow","Finisher+1"],"picked":"strawberrySpire:Insectonator+1","floor":25},{"not_picked":["strawberrySpire:Grapple","Bane"],"picked":"Calculated Gamble","floor":27},{"not_picked":["Deadly Poison","Flechettes+1"],"picked":"Calculated Gamble","floor":28},{"not_picked":["Flechettes","Bane"],"picked":"PiercingWail","floor":30},{"not_picked":["Bane","strawberrySpire:HopSkipAndJump"],"picked":"strawberrySpire:Trickbox","floor":31},{"not_picked":["Die Die Die","Wraith Form v2"],"picked":"Envenom","floor":33},{"not_picked":["Bane","strawberrySpire:Grapple+1"],"picked":"Accuracy","floor":35},{"not_picked":["Outmaneuver","strawberrySpire:Grapple+1"],"picked":"strawberrySpire:Slide+1","floor":38},{"not_picked":["PanicButton","Enlightenment"],"picked":"Swift Strike","floor":39},{"not_picked":["Secret Technique","Blind"],"picked":"Flash of Steel","floor":39},{"not_picked":["Impatience","Madness"],"picked":"Flash of Steel","floor":39},{"not_picked":["Deflect","strawberrySpire:Insectonator"],"picked":"Cloak And Dagger+1","floor":41}],"player_experience":1035556,"relics_obtained":[{"floor":7,"key":"Bronze Scales"},{"floor":9,"key":"Snake Skull"},{"floor":12,"key":"Omamori"},{"floor":23,"key":"Orichalcum"},{"floor":25,"key":"Pear"},{"floor":26,"key":"Bag of Marbles"},{"floor":27,"key":"Shuriken"},{"floor":31,"key":"Tiny Chest"},{"floor":41,"key":"Ancient Tea Set"},{"floor":41,"key":"Bottled Tornado"},{"floor":43,"key":"Strawberry"}],"event_choices":[{"damage_healed":0,"gold_gain":75,"player_choice":"Gather Gold","damage_taken":11,"max_hp_gain":0,"max_hp_loss":0,"event_name":"World of Goop","floor":4,"gold_loss":0},{"damage_healed":0,"gold_gain":0,"player_choice":"Donut","damage_taken":0,"max_hp_gain":5,"max_hp_loss":0,"event_name":"Big Fish","floor":5,"gold_loss":0},{"damage_healed":0,"gold_gain":0,"player_choice":"Simplicity","damage_taken":0,"max_hp_gain":0,"max_hp_loss":0,"event_name":"Back to Basics","floor":20,"gold_loss":0,"cards_upgraded":["Defend_G","Defend_G","Defend_G","Defend_G","Strike_G","Strike_G"]},{"damage_healed":0,"gold_gain":0,"player_choice":"Read","damage_taken":0,"max_hp_gain":0,"max_hp_loss":0,"event_name":"The Library","floor":21,"gold_loss":0,"cards_obtained":["Blade Dance"]},{"cards_removed":["strawberrySpire:HotShot"],"damage_healed":76,"gold_gain":0,"player_choice":"Offered Rare","damage_taken":0,"max_hp_gain":10,"max_hp_loss":0,"event_name":"Bonfire Elementals","floor":29,"gold_loss":0},{"damage_healed":0,"gold_gain":0,"player_choice":"Paid","damage_taken":0,"relics_obtained":["Red Mask"],"max_hp_gain":0,"max_hp_loss":0,"event_name":"Tomb of Lord Red Mask","floor":36,"gold_loss":284},{"cards_removed":["strawberrySpire:DreamfoilDart"],"damage_healed":0,"gold_gain":0,"player_choice":"Took Card","damage_taken":0,"max_hp_gain":0,"max_hp_loss":0,"event_name":"NoteForYourself","floor":37,"gold_loss":0,"cards_obtained":["Echo Form"]},{"damage_healed":0,"gold_gain":0,"player_choice":"Memory 3","damage_taken":10,"max_hp_gain":0,"max_hp_loss":0,"event_name":"SensoryStone","floor":39,"gold_loss":0}],"is_beta":true,"boss_relics":[{"not_picked":["Snecko Eye","Eternal Feather"],"picked":"Cursed Key"},{"not_picked":["Fusion Hammer","Tiny House"],"picked":"Black Star"}],"items_purged_floors":[19],"is_endless":false,"potions_floor_spawned":[10,12,13,14,16,27,31,33,38,41],"killed_by":"strawberrySpire:EssenceStones","ascension_level":1}