{"gold_per_floor":[115,115,115,115,135,170,188,220,247,247,247,258,277,305,305,407,407,423,423],"floor_reached":19,"playtime":845,"items_purged":[],"score":223,"play_id":"ffebe32f-5f27-48d4-9909-e322998a8376","local_time":"20181127225827","is_ascension_mode":true,"campfire_choices":[{"data":"Redo","floor":10,"key":"SMITH"},{"data":"Sunder","floor":15,"key":"SMITH"}],"neow_cost":"NONE","seed_source_timestamp":658689225004841,"circlet_count":0,"master_deck":["Strike_B","Strike_B","Strike_B","Strike_B","Defend_B","Defend_B","Defend_B","Defend_B","Zap+1","Dualcast","Heatsinks","Compile Driver","Go for the Eyes","Redo+1","All For One","Compile Driver","Sunder+1","Sweeping Beam","Biased Cognition","Conserve Battery+1"],"relics":["Cracked Core","NeowsBlessing","Vajra","DataDisk","Omamori","Shuriken","Black Star"],"potions_floor_usage":[7,18,19],"damage_taken":[{"damage":0,"enemies":"Small Slimes","floor":1,"turns":1},{"damage":0,"enemies":"Jaw Worm","floor":5,"turns":1},{"damage":0,"enemies":"Gremlin Nob","floor":6,"turns":1},{"damage":0,"enemies":"Cultist","floor":7,"turns":2},{"damage":21,"enemies":"Lagavulin","floor":8,"turns":6},{"damage":0,"enemies":"Large Slime","floor":12,"turns":3},{"damage":13,"enemies":"Lots of Slimes","floor":13,"turns":2},{"damage":7,"enemies":"Gremlin Nob","floor":14,"turns":3},{"damage":44,"enemies":"Hexaghost","floor":16,"turns":8},{"damage":0,"enemies":"3 Byrds","floor":18,"turns":2},{"damage":28,"enemies":"Colosseum Slavers","floor":19,"turns":3},{"damage":60,"enemies":"Colosseum Nobs","floor":19,"turns":3}],"seed_played":"-3934267614796361965","potions_obtained":[{"floor":1,"key":"SteroidPotion"},{"floor":6,"key":"Fruit Juice"},{"floor":7,"key":"Explosive Potion"},{"floor":13,"key":"Ancient Potion"}],"is_trial":false,"path_per_floor":["M","$","?","?","M","E","M","E","T","R","?","M","M","E","R","B",null,"M","?"],"character_chosen":"DEFECT","items_purchased":[],"campfire_rested":0,"item_purchase_floors":[],"current_hp_per_floor":[75,75,57,57,57,57,62,41,41,41,80,80,67,60,60,16,80,80,0],"gold":423,"neow_bonus":"THREE_ENEMY_KILL","is_prod":false,"is_daily":false,"chose_seed":false,"campfire_upgraded":2,"win_rate":0,"timestamp":1543348707,"path_taken":["M","$","?","?","?","E","M","E","T","R","?","M","?","E","R","BOSS","M","?"],"build_version":"2018-11-15","purchased_purges":0,"victory":false,"max_hp_per_floor":[75,75,75,75,75,75,80,80,80,80,80,80,80,80,80,80,80,80,80],"card_choices":[{"not_picked":["Lockon","Tempest"],"picked":"Heatsinks","floor":1},{"not_picked":["Double Energy","Barrage"],"picked":"Compile Driver","floor":5},{"not_picked":["Capacitor","Sweeping Beam"],"picked":"Go for the Eyes","floor":6},{"not_picked":["Stack","Double Energy"],"picked":"Redo","floor":7},{"not_picked":["Undo","Cold Snap"],"picked":"All For One","floor":8},{"not_picked":["Go for the Eyes","Reprogram"],"picked":"Compile Driver","floor":12},{"not_picked":["Cold Snap","White Noise"],"picked":"Sunder","floor":13},{"not_picked":["Reprogram","Sunder"],"picked":"Sweeping Beam","floor":14},{"not_picked":["Multi-Cast","Buffer"],"picked":"Biased Cognition","floor":16},{"not_picked":["Heatsinks","Sweeping Beam+1"],"picked":"Conserve Battery+1","floor":18}],"player_experience":938096,"relics_obtained":[{"floor":6,"key":"DataDisk"},{"floor":8,"key":"Omamori"},{"floor":14,"key":"Shuriken"}],"event_choices":[{"damage_healed":0,"gold_gain":0,"player_choice":"Success","damage_taken":18,"relics_obtained":["Vajra"],"max_hp_gain":0,"max_hp_loss":0,"event_name":"Scrap Ooze","floor":3,"gold_loss":0},{"damage_healed":0,"gold_gain":0,"player_choice":"Upgraded","damage_taken":0,"max_hp_gain":0,"max_hp_loss":0,"event_name":"Upgrade Shrine","floor":4,"gold_loss":0,"cards_upgraded":["Zap"]},{"damage_healed":39,"gold_gain":0,"player_choice":"Full Heal","damage_taken":0,"max_hp_gain":0,"max_hp_loss":0,"event_name":"Wheel of Change","floor":11,"gold_loss":0},{"damage_healed":0,"gold_gain":0,"player_choice":"Fight","damage_taken":0,"max_hp_gain":0,"max_hp_loss":0,"event_name":"Colosseum","floor":19,"gold_loss":0},{"damage_healed":0,"gold_gain":0,"player_choice":"Fought Nobs","damage_taken":0,"max_hp_gain":0,"max_hp_loss":0,"event_name":"Colosseum","floor":19,"gold_loss":0}],"is_beta":true,"boss_relics":[{"not_picked":["Astrolabe","Ectoplasm"],"picked":"Black Star"}],"items_purged_floors":[],"is_endless":false,"potions_floor_spawned":[1,6,7,13],"killed_by":"Colosseum Nobs","ascension_level":1}