{"gold_per_floor":[114,114,2,21,33,33,47,47,74,103,118,128,128,155,155,250,250,266,366,366,184,199,228,228,273,325,354,354,382,10,38,38,38],"floor_reached":33,"playtime":1678,"items_purged":["Strike_G","Strike_G","Strike_G"],"score":474,"play_id":"7a8091e5-5cfe-4562-95e1-04597d2453ba","local_time":"20181211210210","is_ascension_mode":true,"campfire_choices":[{"data":"Riddle With Holes","floor":6,"key":"SMITH"},{"data":"Dash","floor":13,"key":"SMITH"},{"data":"Riddle With Holes","floor":15,"key":"SMITH"},{"data":"Jack Of All Trades","floor":24,"key":"SMITH"},{"data":"Tactician","floor":28,"key":"SMITH"},{"data":"After Image","floor":32,"key":"SMITH"}],"neow_cost":"PERCENT_DAMAGE","seed_source_timestamp":554344064184389,"circlet_count":0,"master_deck":["Defend_G","Defend_G","Defend_G","Defend_G","Survivor","Neutralize","Riddle With Holes+1","Masterful Stab","Backflip","Dodge and Roll","Riddle With Holes+1","Leg Sweep","Flying Knee","Dash+1","After Image+1","Unload","Slice","PiercingWail","Tactician+1","Prepared","Jack Of All Trades+1","Underhanded Strike","Choke","Setup","PiercingWail+1","Backstab","Calculated Gamble","Noxious Fumes","Distraction"],"relics":["Ring of the Snake","Unceasing Top","PreservedInsect","Oddly Smooth Stone","Nunchaku","Sozu","StoneCalendar","Mummified Hand","Ornamental Fan","Ancient Tea Set","Juzu Bracelet","FossilizedHelix","Ninja Scroll"],"potions_floor_usage":[10,14],"damage_taken":[{"damage":0,"enemies":"Jaw Worm","floor":1,"turns":7},{"damage":1,"enemies":"Cultist","floor":4,"turns":3},{"damage":0,"enemies":"Small Slimes","floor":5,"turns":3},{"damage":4,"enemies":"Exordium Thugs","floor":7,"turns":5},{"damage":10,"enemies":"3 Sentries","floor":10,"turns":5},{"damage":0,"enemies":"Large Slime","floor":11,"turns":6},{"damage":0,"enemies":"Blue Slaver","floor":12,"turns":3},{"damage":1,"enemies":"Gremlin Nob","floor":14,"turns":3},{"damage":10,"enemies":"The Guardian","floor":16,"turns":14},{"damage":0,"enemies":"Chosen","floor":18,"turns":3},{"damage":7,"enemies":"Colosseum Slavers","floor":19,"turns":4},{"damage":0,"enemies":"Colosseum Nobs","floor":19,"turns":6},{"damage":0,"enemies":"Shell Parasite","floor":22,"turns":4},{"damage":0,"enemies":"Gremlin Leader","floor":23,"turns":6},{"damage":0,"enemies":"Book of Stabbing","floor":25,"turns":3},{"damage":40,"enemies":"Gremlin Leader","floor":27,"turns":7},{"damage":0,"enemies":"Book of Stabbing","floor":29,"turns":3},{"damage":0,"enemies":"Slavers","floor":31,"turns":4},{"damage":24,"enemies":"Champ","floor":33,"turns":10}],"seed_played":"379958716740312021","potions_obtained":[{"floor":1,"key":"LiquidBronze"},{"floor":7,"key":"Strength Potion"},{"floor":10,"key":"Swift Potion"}],"is_trial":false,"path_per_floor":["M","?","$","M","M","R","M","?","T","E","M","M","R","E","R","B",null,"M","?","?","$","M","E","R","E","T","E","R","E","$","E","R","B"],"character_chosen":"THE_SILENT","items_purchased":["Masterful Stab","Jack Of All Trades","Backstab","Calculated Gamble","Noxious Fumes","Distraction"],"campfire_rested":0,"item_purchase_floors":[3,21,30,30,30,30],"current_hp_per_floor":[49,49,49,48,48,48,44,37,37,27,27,27,27,26,26,16,70,70,63,63,63,63,63,63,63,63,23,23,23,23,23,23,0],"gold":38,"neow_bonus":"ONE_RARE_RELIC","is_prod":false,"is_daily":false,"chose_seed":false,"campfire_upgraded":6,"win_rate":0,"timestamp":1544551330,"path_taken":["M","?","$","M","M","R","?","?","T","E","M","M","R","E","R","BOSS","M","?","?","$","M","E","R","E","T","E","R","E","$","E","R","BOSS"],"build_version":"2018-12-10","purchased_purges":3,"victory":false,"max_hp_per_floor":[70,70,70,70,70,70,70,70,70,70,70,70,70,70,70,70,70,70,70,70,70,70,70,70,70,70,70,70,70,70,70,70,70],"card_choices":[{"not_picked":["Reflex","Flechettes"],"picked":"Riddle With Holes","floor":1},{"not_picked":["Blade Dance","Acrobatics"],"picked":"Backflip","floor":4},{"not_picked":["Sucker Punch","Backflip"],"picked":"Dodge and Roll","floor":5},{"not_picked":["Deflect","Flechettes"],"picked":"Riddle With Holes","floor":7},{"not_picked":["Catalyst","Caltrops"],"picked":"Leg Sweep","floor":10},{"not_picked":["Catalyst","Underhanded Strike"],"picked":"Flying Knee","floor":11},{"not_picked":["Deflect","Eviscerate"],"picked":"Dash","floor":12},{"not_picked":["Blade Dance","Slice"],"picked":"After Image","floor":14},{"not_picked":["Storm of Steel","Glass Knife"],"picked":"Unload","floor":16},{"not_picked":["Backflip","Dodge and Roll"],"picked":"Slice","floor":18},{"not_picked":["Acrobatics+1","Bane"],"picked":"PiercingWail","floor":19},{"not_picked":["Flying Knee","Blade Dance","Acrobatics"],"picked":"SKIP","floor":22},{"not_picked":["PiercingWail","Quick Slash"],"picked":"Underhanded Strike","floor":23},{"not_picked":["After Image","Deflect+1"],"picked":"Choke","floor":25},{"not_picked":["Acrobatics","Reflex"],"picked":"Setup","floor":27},{"not_picked":["Flechettes","Crippling Poison"],"picked":"PiercingWail+1","floor":29},{"not_picked":["Doppelganger","Dodge and Roll","PiercingWail"],"picked":"SKIP","floor":31}],"player_experience":970964,"relics_obtained":[{"floor":9,"key":"PreservedInsect"},{"floor":10,"key":"Oddly Smooth Stone"},{"floor":14,"key":"Nunchaku"},{"floor":19,"key":"StoneCalendar"},{"floor":19,"key":"Mummified Hand"},{"floor":23,"key":"Ornamental Fan"},{"floor":25,"key":"Ancient Tea Set"},{"floor":27,"key":"Juzu Bracelet"},{"floor":29,"key":"FossilizedHelix"},{"floor":31,"key":"Ninja Scroll"}],"event_choices":[{"cards_removed":["Defend_G"],"damage_healed":0,"gold_gain":0,"player_choice":"Purged","damage_taken":0,"max_hp_gain":0,"max_hp_loss":0,"event_name":"Purifier","floor":2,"gold_loss":0},{"damage_healed":0,"gold_gain":0,"player_choice":"Damaged","damage_taken":7,"max_hp_gain":0,"max_hp_loss":0,"event_name":"Wheel of Change","floor":8,"gold_loss":0},{"damage_healed":0,"gold_gain":0,"player_choice":"Fight","damage_taken":0,"max_hp_gain":0,"max_hp_loss":0,"event_name":"Colosseum","floor":19,"gold_loss":0},{"damage_healed":0,"gold_gain":0,"player_choice":"Fought Nobs","damage_taken":0,"max_hp_gain":0,"max_hp_loss":0,"event_name":"Colosseum","floor":19,"gold_loss":0},{"damage_healed":0,"gold_gain":0,"cards_transformed":["Strike_G","Strike_G"],"player_choice":"Became Test Subject","damage_taken":0,"max_hp_gain":0,"max_hp_loss":0,"event_name":"Drug Dealer","floor":20,"gold_loss":0,"cards_obtained":["Tactician","Prepared"]}],"is_beta":true,"boss_relics":[{"not_picked":["Philosopher\u0027s Stone","WristBlade"],"picked":"Sozu"}],"items_purged_floors":[3,21,30],"is_endless":false,"potions_floor_spawned":[1,7,10,18,19,22,23,29],"killed_by":"Champ","ascension_level":1}