{"gold_per_floor":[111,124,124,143,159,184,184,246,270,270,302,26,26,69,81,193,205,234,246,258,282,311,323,365,377,389,418,430,477,515,539,551,658,670,696,708,739,689,719,762,774,816,852,899,944,956,968,4,4,4],"floor_reached":51,"playtime":2064,"items_purged":["Strike_R"],"score":1068,"play_id":"02e8eb33-c991-455c-b104-5891f6906f45","local_time":"20190812041308","is_ascension_mode":true,"campfire_choices":[{"data":"Flex","floor":7,"key":"SMITH"},{"data":"Panacea","floor":10,"key":"SMITH"},{"floor":15,"key":"REST"},{"data":"Immolate","floor":23,"key":"SMITH"},{"data":"Exhume","floor":25,"key":"SMITH"},{"data":"Disarm","floor":32,"key":"SMITH"},{"data":"Limit Break","floor":41,"key":"SMITH"},{"data":"Exhume","floor":49,"key":"SMITH"}],"neow_cost":"NONE","seed_source_timestamp":214480277450142,"circlet_count":0,"master_deck":["Strike_R","Strike_R","Strike_R","Strike_R","Defend_R","Defend_R","Defend_R","Bash","Panacea+1","Cleave","Headbutt","Perfected Strike","Shrug It Off","Flex+1","Pommel Strike","Immolate+1","Perfected Strike","Flame Barrier","Exhume+1","Disarm+1","Anger","Exhume+1","Whirlwind","Flex+1","Limit Break+1","Sword Boomerang+1","Finesse","Panache","Thinking Ahead","Power Through+1","Infernal Blade+1","Iron Wave+1","Feed","Shrug It Off+1","Chrysalis"],"relics":["Burning Blood","Bottled Flame","Tiny Chest","Pen Nib","Omamori","Shuriken","MawBank","Ice Cream","Mark of Pain","MutagenicStrength","Incense Burner","Self Forming Clay","WingedGreaves","Turnip","Mummified Hand","Coffee Dripper","StoneCalendar","Bag of Marbles","Bird Faced Urn","Oddly Smooth Stone","Pocketwatch","Sundial","Meat on the Bone","TheAbacus","Letter Opener"],"potions_floor_usage":[8,11,33,42,45,50,50],"damage_taken":[{"damage":0,"enemies":"Small Slimes","floor":1,"turns":4},{"damage":6,"enemies":"Cultist","floor":2,"turns":3},{"damage":1,"enemies":"Jaw Worm","floor":4,"turns":3},{"damage":21,"enemies":"Exordium Wildlife","floor":5,"turns":6},{"damage":20,"enemies":"Gremlin Nob","floor":6,"turns":4},{"damage":31,"enemies":"Lagavulin","floor":8,"turns":5},{"damage":20,"enemies":"Gremlin Nob","floor":11,"turns":4},{"damage":1,"enemies":"3 Sentries","floor":14,"turns":3},{"damage":40,"enemies":"Hexaghost","floor":16,"turns":9},{"damage":7,"enemies":"3 Byrds","floor":18,"turns":2},{"damage":20,"enemies":"2 Thieves","floor":21,"turns":2},{"damage":0,"enemies":"Snecko","floor":22,"turns":3},{"damage":6,"enemies":"Slavers","floor":24,"turns":3},{"damage":12,"enemies":"3 Cultists","floor":27,"turns":3},{"damage":16,"enemies":"Gremlin Leader","floor":29,"turns":6},{"damage":1,"enemies":"Slavers","floor":30,"turns":2},{"damage":4,"enemies":"Centurion and Healer","floor":31,"turns":4},{"damage":51,"enemies":"Collector","floor":33,"turns":9},{"damage":0,"enemies":"3 Shapes","floor":35,"turns":4},{"damage":8,"enemies":"3 Darklings","floor":37,"turns":3},{"damage":18,"enemies":"4 Shapes","floor":39,"turns":2},{"damage":35,"enemies":"Giant Head","floor":40,"turns":7},{"damage":0,"enemies":"Nemesis","floor":42,"turns":3},{"damage":24,"enemies":"Giant Head","floor":44,"turns":7},{"damage":0,"enemies":"Reptomancer","floor":45,"turns":4},{"damage":42,"enemies":"Time Eater","floor":50,"turns":7}],"seed_played":"5486072460908768832","potions_obtained":[{"floor":4,"key":"FearPotion"},{"floor":5,"key":"Swift Potion"},{"floor":14,"key":"Dexterity Potion"},{"floor":22,"key":"AttackPotion"},{"floor":27,"key":"EssenceOfSteel"},{"floor":30,"key":"SpeedPotion"},{"floor":33,"key":"Swift Potion"},{"floor":40,"key":"SkillPotion"},{"floor":44,"key":"Explosive Potion"}],"is_trial":false,"path_per_floor":["M","M","?","M","M","E","R","E","T","R","E","$","?","E","R","B",null,"M","?","T","M","M","R","E","R","T","M","$","E","E","M","R","B",null,"M","?","M","?","M","E","R","E","T","E","E","?","?","$","R","B",null],"character_chosen":"IRONCLAD","items_purchased":["Shuriken","Perfected Strike","Meat on the Bone","TheAbacus","Letter Opener","Chrysalis"],"campfire_rested":1,"item_purchase_floors":[12,12,48,48,48,48],"current_hp_per_floor":[80,80,80,80,65,51,51,26,26,26,12,12,12,17,41,7,80,79,79,79,65,71,71,71,71,71,65,65,55,60,62,62,17,80,80,70,68,68,56,27,27,33,33,17,23,43,43,43,43,21],"gold":4,"neow_bonus":"RANDOM_COLORLESS","is_prod":false,"is_daily":false,"chose_seed":false,"campfire_upgraded":7,"win_rate":0,"timestamp":1565572388,"path_taken":["M","M","?","?","M","E","R","E","T","R","E","$","?","E","R","BOSS","M","?","?","M","M","R","E","R","T","M","?","E","E","M","R","BOSS","M","?","M","?","?","E","R","E","T","E","E","?","?","?","R","BOSS"],"build_version":"2019-07-17","purchased_purges":1,"victory":true,"max_hp_per_floor":[80,80,80,80,80,80,80,80,80,80,80,80,80,80,80,80,80,80,80,80,80,80,80,80,80,80,80,80,80,80,80,80,80,80,80,80,80,80,80,80,80,80,80,80,80,80,80,80,80,80],"card_choices":[{"not_picked":["Twin Strike","Body Slam"],"picked":"Cleave","floor":1},{"not_picked":["Sword Boomerang","Evolve"],"picked":"Headbutt","floor":2},{"not_picked":["Cleave","Clothesline"],"picked":"Shrug It Off","floor":4},{"not_picked":["Dropkick","Warcry"],"picked":"Flex","floor":5},{"not_picked":["Dropkick","Sever Soul","Armaments"],"picked":"SKIP","floor":6},{"not_picked":["Combust","Wild Strike"],"picked":"Pommel Strike","floor":8},{"not_picked":["Reckless Charge","Twin Strike"],"picked":"Immolate","floor":11},{"not_picked":["Iron Wave","Pommel Strike"],"picked":"Flame Barrier","floor":14},{"not_picked":["Fiend Fire","Berserk"],"picked":"Exhume","floor":16},{"not_picked":["Metallicize+1","Iron Wave"],"picked":"Disarm","floor":18},{"not_picked":["Warcry","Armaments"],"picked":"Anger","floor":21},{"not_picked":["Cleave","Havoc","Hemokinesis+1"],"picked":"SKIP","floor":22},{"not_picked":["Warcry+1","Thunderclap"],"picked":"Exhume","floor":24},{"not_picked":["Body Slam+1","True Grit"],"picked":"Whirlwind","floor":27},{"not_picked":["Armaments","True Grit","Clash"],"picked":"SKIP","floor":29},{"not_picked":["Body Slam+1","Havoc","Cleave"],"picked":"SKIP","floor":30},{"not_picked":["Perfected Strike","Power Through"],"picked":"Flex+1","floor":31},{"not_picked":["Double Tap","Impervious"],"picked":"Limit Break","floor":33},{"not_picked":["Pommel Strike+1","Combust+1"],"picked":"Sword Boomerang+1","floor":35},{"not_picked":["Dramatic Entrance","Apotheosis"],"picked":"Finesse","floor":36},{"not_picked":["The Bomb","Mayhem"],"picked":"Panache","floor":36},{"not_picked":["HandOfGreed","Swift Strike"],"picked":"Thinking Ahead","floor":36},{"not_picked":["Flex","Searing Blow"],"picked":"Power Through+1","floor":37},{"not_picked":["Second Wind","Sever Soul+1"],"picked":"Infernal Blade+1","floor":39},{"not_picked":["Heavy Blade","Havoc+1","Headbutt+1"],"picked":"SKIP","floor":40},{"not_picked":["Reckless Charge","Heavy Blade+1"],"picked":"Iron Wave+1","floor":42},{"not_picked":["Offering","Clash+1"],"picked":"Feed","floor":44},{"not_picked":["Warcry","Feel No Pain+1"],"picked":"Shrug It Off+1","floor":45}],"player_experience":208804,"relics_obtained":[{"floor":6,"key":"Bottled Flame"},{"floor":8,"key":"Tiny Chest"},{"floor":9,"key":"Pen Nib"},{"floor":11,"key":"Omamori"},{"floor":14,"key":"Ice Cream"},{"floor":20,"key":"Incense Burner"},{"floor":24,"key":"Self Forming Clay"},{"floor":26,"key":"WingedGreaves"},{"floor":29,"key":"Turnip"},{"floor":30,"key":"Mummified Hand"},{"floor":40,"key":"Bag of Marbles"},{"floor":42,"key":"Bird Faced Urn"},{"floor":43,"key":"Oddly Smooth Stone"},{"floor":44,"key":"Pocketwatch"},{"floor":45,"key":"Sundial"}],"event_choices":[{"damage_healed":0,"gold_gain":0,"cards_transformed":["Defend_R"],"player_choice":"Transformed","damage_taken":0,"max_hp_gain":0,"max_hp_loss":0,"event_name":"Transmorgrifier","floor":3,"gold_loss":0,"cards_obtained":["Perfected Strike"]},{"damage_healed":0,"gold_gain":0,"player_choice":"Searched \u00271\u0027 times","damage_taken":0,"relics_obtained":["MawBank"],"max_hp_gain":0,"max_hp_loss":0,"event_name":"Dead Adventurer","floor":13,"gold_loss":0},{"damage_healed":0,"gold_gain":0,"player_choice":"Inject Mutagens","damage_taken":0,"relics_obtained":["MutagenicStrength"],"max_hp_gain":0,"max_hp_loss":0,"event_name":"Drug Dealer","floor":19,"gold_loss":0},{"damage_healed":0,"gold_gain":0,"player_choice":"Memory 3","damage_taken":10,"max_hp_gain":0,"max_hp_loss":0,"event_name":"SensoryStone","floor":36,"gold_loss":0},{"damage_healed":0,"gold_gain":0,"player_choice":"Paid Gold","damage_taken":0,"relics_obtained":["StoneCalendar"],"max_hp_gain":0,"max_hp_loss":0,"event_name":"WeMeetAgain","floor":38,"gold_loss":62},{"damage_healed":20,"gold_gain":0,"player_choice":"Writhe","damage_taken":0,"max_hp_gain":0,"max_hp_loss":0,"event_name":"Winding Halls","floor":46,"gold_loss":0,"cards_obtained":["Writhe"]},{"damage_healed":0,"gold_gain":0,"player_choice":"Ignored","damage_taken":0,"max_hp_gain":0,"max_hp_loss":0,"event_name":"Tomb of Lord Red Mask","floor":47,"gold_loss":0}],"is_beta":false,"boss_relics":[{"not_picked":["Eternal Feather","Calling Bell"],"picked":"Mark of Pain"},{"not_picked":["Busted Crown","Velvet Choker"],"picked":"Coffee Dripper"}],"items_purged_floors":[48],"is_endless":false,"potions_floor_spawned":[4,5,14,22,27,29,30,33,40,44],"ascension_level":1}