{"gold_per_floor":[12,12,12,27,39,39,52,52,120,130,162,162,177,177,177,305,305,321,101,101,122,143,179,79,79,79,79,204,204,204,79,79,210,210,224,239,89,89,108,108,166,166,166,117,450,450,467,362,362,362],"floor_reached":51,"playtime":7912,"items_purged":["Strike_R","Strike_R","Offering","Strike_R+1"],"score":836,"play_id":"15c0509e-5670-470b-af25-dac07dc9e56a","local_time":"20190922003557","is_ascension_mode":false,"campfire_choices":[{"data":"Whirlwind","floor":6.0,"key":"SMITH"},{"data":"Inflame","floor":8.0,"key":"SMITH"},{"data":"Uppercut","floor":12.0,"key":"SMITH"},{"data":"Shockwave","floor":15.0,"key":"SMITH"},{"data":"Limit Break","floor":29,"key":"SMITH"},{"floor":30,"key":"REST"},{"floor":32,"key":"REST"},{"data":"Battle Trance","floor":40,"key":"SMITH"},{"data":"Bash","floor":42,"key":"SMITH"},{"data":"Offering","floor":49,"key":"SMITH"}],"neow_cost":"NO_GOLD","seed_source_timestamp":4055531073465,"circlet_count":0,"master_deck":["Defend_R+1","Defend_R+1","Defend_R+1","Bash+1","Uppercut+1","Whirlwind+1","Offering+1","Inflame+1","Shockwave+1","Battle Trance+1","Limit Break+1"],"special_seed":0,"relics":["Burning Blood","White Beast Statue","Juzu Bracelet","Brimstone","PreservedInsect","Bag of Marbles","WingedGreaves","Matryoshka","Busted Crown","StoneCalendar","Bottled Flame","Incense Burner","Ornamental Fan"],"potions_floor_usage":[23,33,33,33,33,33,33,41,50,50,50],"damage_taken":[{"damage":3.0,"enemies":"Small Slimes","floor":1.0,"turns":4.0},{"damage":0.0,"enemies":"2 Louse","floor":4.0,"turns":3.0},{"damage":6.0,"enemies":"Cultist","floor":5.0,"turns":4.0},{"damage":6.0,"enemies":"Large Slime","floor":7.0,"turns":3.0},{"damage":0.0,"enemies":"Lots of Slimes","floor":10.0,"turns":1.0},{"damage":6.0,"enemies":"3 Sentries","floor":11.0,"turns":2.0},{"damage":9.0,"enemies":"Gremlin Gang","floor":13.0,"turns":2.0},{"damage":42.0,"enemies":"Hexaghost","floor":16.0,"turns":9.0},{"damage":17.0,"enemies":"Chosen","floor":18.0,"turns":3.0},{"damage":12,"enemies":"Spheric Guardian","floor":21,"turns":2},{"damage":13,"enemies":"Centurion and Healer","floor":22,"turns":2},{"damage":44,"enemies":"Book of Stabbing","floor":23,"turns":4},{"damage":6,"enemies":"Colosseum Slavers","floor":28,"turns":1},{"damage":12,"enemies":"Colosseum Nobs","floor":28,"turns":2},{"damage":23,"enemies":"Champ","floor":33,"turns":5},{"damage":8,"enemies":"Orb Walker","floor":35,"turns":3},{"damage":6,"enemies":"3 Darklings","floor":36,"turns":1},{"damage":6,"enemies":"Transient","floor":39,"turns":5},{"damage":6,"enemies":"2 Orb Walkers","floor":41,"turns":3},{"damage":14,"enemies":"Maw","floor":47,"turns":4},{"damage":6,"enemies":"Donu and Deca","floor":50,"turns":3}],"seed_played":"-6234791333861063852","potions_obtained":[{"floor":1.0,"key":"GamblersBrew"},{"floor":10.0,"key":"SkillPotion"},{"floor":11.0,"key":"SteroidPotion"},{"floor":16.0,"key":"EntropicBrew"},{"floor":21,"key":"BloodPotion"},{"floor":23,"key":"Strength Potion"},{"floor":33,"key":"SkillPotion"},{"floor":35,"key":"SkillPotion"},{"floor":36,"key":"BloodPotion"},{"floor":41,"key":"EssenceOfSteel"}],"is_trial":false,"path_per_floor":["M","?","?","M","M","R","M","R","T","M","E","R","M","?","R","B",null,"M","$","?","M","M","E","$","?","T","?","?","R","R","$","R","B",null,"M","M","$","?","M","R","?","R","T","$","?","?","M","?","R","B",null],"character_chosen":"IRONCLAD","items_purchased":["Brimstone","Strength Potion"],"campfire_rested":2,"item_purchase_floors":[19,44],"current_hp_per_floor":[80,80,80,80,80,80,80,80,80,80,80,80,77,74,74,38,74,63,63,63,57,50,26,26,26,26,26,20,20,42,42,64,47,74,72,72,72,70,70,70,70,70,70,70,70,70,62,62,62,70],"gold":362,"neow_bonus":"REMOVE_TWO","is_prod":false,"is_daily":false,"chose_seed":false,"campfire_upgraded":8,"win_rate":0,"timestamp":1569134157,"path_taken":["M","?","?","M","M","R","M","R","T","M","E","R","M","?","R","BOSS","M","$","?","M","M","E","$","?","T","?","?","R","R","$","R","BOSS","M","M","$","?","M","R","?","R","T","$","?","?","M","?","R","BOSS"],"build_version":"2019-09-20","purchased_purges":4,"victory":true,"max_hp_per_floor":[80,80,80,80,80,80,80,80,80,80,80,80,80,74,74,74,74,74,74,74,74,74,74,74,74,74,74,74,74,74,74,74,74,74,74,74,74,70,70,70,70,70,70,70,70,70,70,70,70,70],"card_choices":[{"not_picked":["Anger","Armaments"],"picked":"Uppercut","floor":1.0},{"not_picked":["Twin Strike","True Grit","Entrench"],"picked":"SKIP","floor":4.0},{"not_picked":["Burning Pact","Sword Boomerang"],"picked":"Inflame","floor":5.0},{"not_picked":["Perfected Strike","Shrug It Off","Second Wind"],"picked":"SKIP","floor":7.0},{"not_picked":["Pommel Strike","Iron Wave","Warcry"],"picked":"SKIP","floor":10.0},{"not_picked":["Pommel Strike","Anger"],"picked":"Shockwave","floor":11.0},{"not_picked":["Dual Wield","Iron Wave","Cleave"],"picked":"SKIP","floor":13.0},{"not_picked":["Barricade","Reaper"],"picked":"Offering","floor":16.0},{"not_picked":["Warcry+1","Cleave","Shrug It Off"],"picked":"SKIP","floor":18.0},{"not_picked":["Flex","Rupture+1","Second Wind"],"picked":"SKIP","floor":21},{"not_picked":["Armaments+1","Flame Barrier","True Grit"],"picked":"SKIP","floor":22},{"not_picked":["Carnage","Whirlwind"],"picked":"Limit Break","floor":23},{"not_picked":["Headbutt+1"],"picked":"SKIP","floor":35},{"not_picked":["Cleave+1"],"picked":"SKIP","floor":36},{"not_picked":["Wild Strike+1"],"picked":"SKIP","floor":39},{"not_picked":["Iron Wave+1"],"picked":"SKIP","floor":47}],"player_experience":1564429,"relics_obtained":[{"floor":9.0,"key":"White Beast Statue"},{"floor":11.0,"key":"Juzu Bracelet"},{"floor":23,"key":"PreservedInsect"},{"floor":26,"key":"Bag of Marbles"},{"floor":28,"key":"WingedGreaves"},{"floor":28,"key":"Matryoshka"},{"floor":41,"key":"StoneCalendar"},{"floor":43,"key":"Bottled Flame"},{"floor":43,"key":"Incense Burner"}],"event_choices":[{"cards_removed":["Strike_R"],"damage_healed":0.0,"max_hp_gain":0.0,"max_hp_loss":0.0,"gold_gain":0.0,"event_name":"Living Wall","player_choice":"Forget","floor":2.0,"gold_loss":0.0,"damage_taken":0.0},{"damage_healed":0.0,"max_hp_gain":0.0,"max_hp_loss":0.0,"gold_gain":0.0,"event_name":"Match and Keep!","player_choice":"2 cards matched","floor":3.0,"gold_loss":0.0,"damage_taken":0.0,"cards_obtained":["Whirlwind","Offering"]},{"damage_healed":0.0,"max_hp_gain":0.0,"max_hp_loss":6.0,"gold_gain":0.0,"event_name":"Golden Idol","player_choice":"Lose Max HP","floor":14.0,"gold_loss":0.0,"damage_taken":0.0,"relics_obtained":["Golden Idol"]},{"damage_healed":0.0,"max_hp_gain":0.0,"max_hp_loss":0.0,"gold_gain":0.0,"event_name":"Match and Keep!","player_choice":"1 cards matched","floor":20.0,"gold_loss":0.0,"damage_taken":0.0,"cards_obtained":["Battle Trance"]},{"damage_healed":0,"gold_gain":0,"player_choice":"Simplicity","damage_taken":0,"max_hp_gain":0,"max_hp_loss":0,"event_name":"Back to Basics","floor":25,"gold_loss":0,"cards_upgraded":["Strike_R","Defend_R","Defend_R","Defend_R"]},{"damage_healed":0,"gold_gain":0,"player_choice":"Bought 0 Potions","damage_taken":0,"max_hp_gain":0,"max_hp_loss":0,"event_name":"The Woman in Blue","floor":27,"gold_loss":0},{"damage_healed":0,"gold_gain":0,"player_choice":"Fight","damage_taken":0,"max_hp_gain":0,"max_hp_loss":0,"event_name":"Colosseum","floor":28,"gold_loss":0},{"damage_healed":0,"gold_gain":0,"player_choice":"Fought Nobs","damage_taken":0,"max_hp_gain":0,"max_hp_loss":0,"event_name":"Colosseum","floor":28,"gold_loss":0},{"damage_healed":0,"gold_gain":0,"player_choice":"Max HP","damage_taken":0,"max_hp_gain":0,"max_hp_loss":4,"event_name":"Winding Halls","floor":38,"gold_loss":0},{"damage_healed":0,"gold_gain":0,"player_choice":"Fight","damage_taken":0,"max_hp_gain":0,"max_hp_loss":0,"event_name":"Mysterious Sphere","floor":41,"gold_loss":0},{"damage_healed":0,"gold_gain":333,"player_choice":"Gave Idol","damage_taken":0,"max_hp_gain":0,"max_hp_loss":0,"event_name":"The Moai Head","floor":45,"relics_lost":["Golden Idol"],"gold_loss":0},{"damage_healed":0,"gold_gain":0,"player_choice":"Ignored","damage_taken":0,"max_hp_gain":0,"max_hp_loss":0,"event_name":"SecretPortal","floor":46,"gold_loss":0},{"damage_healed":0,"gold_gain":0,"player_choice":"Paid Gold","damage_taken":0,"relics_obtained":["Ornamental Fan"],"max_hp_gain":0,"max_hp_loss":0,"event_name":"WeMeetAgain","floor":48,"gold_loss":105}],"is_beta":true,"boss_relics":[{"not_picked":[]},{"not_picked":["Runic Dome","Snecko Eye"],"picked":"Busted Crown"}],"items_purged_floors":[19,24,31,37],"is_endless":false,"potions_floor_spawned":[1,10,11,13,16,18,21,22,23,28,28,33,35,36,39,41,47],"ascension_level":0}