{"gold_per_floor":[118,68,243,261,536,571,584,584,639,639,655,686,36,50,50,148,148,168,183,183,283,315,346,346,357,357,383,5,17,30,65,65,169,169,182,182,404,404,416,447,447,480,480,480,513,613,613,664,664,664,664,664,44,73,73],"floor_reached":55,"playtime":4790,"items_purged":["Regret","Doubt"],"score":1125,"play_id":"1fa4c730-dfaa-4de8-825c-a3693a30aa87","local_time":"20181109212657","is_ascension_mode":true,"campfire_choices":[{"data":"Dagger Spray","floor":8,"key":"SMITH"},{"data":"Neutralize","floor":10,"key":"SMITH"},{"data":"Malaise","floor":15,"key":"SMITH"},{"floor":24,"key":"REST"},{"data":"Cloak And Dagger","floor":32,"key":"SMITH"},{"floor":41,"key":"RECALL"},{"data":"Mayhem","floor":44,"key":"SMITH"},{"data":"Tools of the Trade","floor":47,"key":"SMITH"},{"floor":49,"key":"REST"},{"data":"Malaise","floor":52,"key":"SMITH"}],"neow_cost":"NONE","seed_source_timestamp":372731979553221,"circlet_count":0,"master_deck":["Defend_G","Defend_G","Defend_G","Defend_G","Defend_G","Strike_G","Strike_G","Strike_G","Survivor","Neutralize+1","Blade Dance","Heel Hook","Escape Plan","Dagger Spray+1","Deflect","Finisher","Backstab","Malaise+1","Infinite Blades","Infinite Blades","Tools of the Trade+1","Underhanded Strike","Cloak And Dagger+1","Dash","PiercingWail+1","Die Die Die","Quick Slash","Skewer","Terror","Leg Sweep","Cloak And Dagger+1","Dodge and Roll+1","Malaise+1","Concentrate","Mayhem+1","Endless Agony","Escape Plan","PiercingWail+1","Blade Dance","Blade Dance+1","Infinite Blades","Secret Technique","Bullet Time","Dodge and Roll+1"],"relics":["Ring of the Serpent","NeowsBlessing","Ancient Tea Set","Bronze Scales","Sundial","Strawberry","Omamori","Cursed Key","Nunchaku","Gremlin Horn","Red Mask","Oddly Smooth Stone","Mummified Hand","Anchor","Dead Branch","Dodecahedron","Vajra","Art of War","Orichalcum","Ice Cream","Thread and Needle","Happy Flower","Centennial Puzzle"],"potions_floor_usage":[12,21,22,23,23,23,27,31,35,45,50,55,55,55],"damage_taken":[{"damage":0,"enemies":"2 Louse","floor":1,"turns":1},{"damage":0,"enemies":"Small Slimes","floor":4,"turns":1},{"damage":3,"enemies":"3 Sentries","floor":6,"turns":2},{"damage":6,"enemies":"Cultist","floor":7,"turns":5},{"damage":3,"enemies":"Blue Slaver","floor":11,"turns":3},{"damage":7,"enemies":"Gremlin Nob","floor":12,"turns":4},{"damage":0,"enemies":"2 Fungi Beasts","floor":14,"turns":2},{"damage":30,"enemies":"Hexaghost","floor":16,"turns":9},{"damage":4,"enemies":"Shell Parasite","floor":18,"turns":7},{"damage":14,"enemies":"3 Byrds","floor":19,"turns":5},{"damage":14,"enemies":"Colosseum Slavers","floor":21,"turns":3},{"damage":29,"enemies":"Colosseum Nobs","floor":21,"turns":5},{"damage":0,"enemies":"Masked Bandits","floor":22,"turns":4},{"damage":0,"enemies":"Gremlin Leader","floor":23,"turns":3},{"damage":0,"enemies":"Centurion and Healer","floor":25,"turns":5},{"damage":12,"enemies":"Slavers","floor":27,"turns":5},{"damage":0,"enemies":"Snake Plant","floor":29,"turns":4},{"damage":5,"enemies":"Shelled Parasite and Fungi","floor":30,"turns":3},{"damage":0,"enemies":"Book of Stabbing","floor":31,"turns":4},{"damage":13,"enemies":"Champ","floor":33,"turns":7},{"damage":0,"enemies":"Orb Walker","floor":35,"turns":2},{"damage":4,"enemies":"3 Shapes","floor":39,"turns":4},{"damage":5,"enemies":"Nemesis","floor":40,"turns":3},{"damage":0,"enemies":"Giant Head","floor":42,"turns":5},{"damage":14,"enemies":"Nemesis","floor":45,"turns":5},{"damage":0,"enemies":"Mind Bloom Boss Battle","floor":46,"turns":6},{"damage":0,"enemies":"2 Orb Walkers","floor":48,"turns":2},{"damage":0,"enemies":"Donu and Deca","floor":50,"turns":6},{"damage":0,"enemies":"Shield and Spear","floor":54,"turns":3},{"damage":81,"enemies":"The Heart","floor":55,"turns":6}],"seed_played":"-4378307028097600554","potions_obtained":[{"floor":1,"key":"Fire Potion"},{"floor":4,"key":"SkillPotion"},{"floor":14,"key":"Fire Potion"},{"floor":19,"key":"SteroidPotion"},{"floor":21,"key":"Fire Potion"},{"floor":22,"key":"Explosive Potion"},{"floor":25,"key":"Regen Potion"},{"floor":30,"key":"PowerPotion"},{"floor":33,"key":"GamblersBrew"},{"floor":39,"key":"Poison Potion"},{"floor":40,"key":"Block Potion"},{"floor":42,"key":"EssenceOfSteel"},{"floor":45,"key":"PowerPotion"}],"is_trial":false,"path_per_floor":["M","?","?","M","?","E","M","R","T","R","M","E","$","M","R","B",null,"M","M","?","?","?","E","R","M","T","E","$","M","M","E","R","B",null,"M","?","?","?","M","E","R","E","T","R","E","?","R","?","R","B",null,"R","$","E","B"],"character_chosen":"THE_SILENT","items_purchased":["Backstab","Malaise","Infinite Blades","Strawberry","Omamori","Dead Branch","Terror","PowerPotion","Happy Flower","Infinite Blades","Secret Technique","Bullet Time"],"campfire_rested":2,"item_purchase_floors":[13,13,13,13,13,28,28,53,53,53,53,53],"current_hp_per_floor":[70,70,70,70,70,67,61,61,61,61,58,51,58,58,58,28,77,73,59,59,16,16,16,39,39,39,41,41,41,36,36,36,23,77,77,77,77,77,73,68,68,68,68,68,54,54,54,54,77,77,77,77,77,77,0],"gold":73,"neow_bonus":"THREE_ENEMY_KILL","is_prod":false,"is_daily":false,"chose_seed":false,"campfire_upgraded":7,"win_rate":0,"timestamp":1541788017,"path_taken":["M","?","?","M","?","E","M","R","T","R","M","E","$","M","R","BOSS","M","?","?","?","?","E","R","M","T","E","?","?","M","E","R","BOSS","M","?","?","?","M","E","R","E","T","R","E","?","R","?","R","BOSS","R","$","E","BOSS"],"build_version":"2018-11-08","purchased_purges":2,"victory":false,"max_hp_per_floor":[70,70,70,70,70,70,70,70,70,70,70,70,77,77,77,77,77,77,77,77,77,77,77,77,77,77,77,77,77,77,77,77,77,77,77,77,77,77,77,77,77,77,77,77,77,77,77,77,77,77,77,77,77,77,77],"card_choices":[{"not_picked":["Finisher","Sucker Punch"],"picked":"Blade Dance","floor":1},{"not_picked":["PiercingWail","Caltrops"],"picked":"Heel Hook","floor":4},{"not_picked":["Backflip","Venomology"],"picked":"Escape Plan","floor":6},{"not_picked":["Flechettes","Poisoned Stab"],"picked":"Dagger Spray","floor":7},{"not_picked":["Reflex","Flying Knee"],"picked":"Deflect","floor":11},{"not_picked":["Acrobatics","Riddle With Holes"],"picked":"Finisher","floor":12},{"not_picked":["Predator","Finisher"],"picked":"Infinite Blades","floor":14},{"not_picked":["Grand Finale","Storm of Steel"],"picked":"Tools of the Trade","floor":16},{"not_picked":["Masterful Stab","Accuracy+1"],"picked":"Underhanded Strike","floor":18},{"not_picked":["Bane","Dagger Throw"],"picked":"Cloak And Dagger+1","floor":19},{"not_picked":["Deadly Poison","Slice"],"picked":"Dash","floor":21},{"not_picked":["Poisoned Stab","Masterful Stab"],"picked":"PiercingWail+1","floor":22},{"not_picked":["Unload","Outmaneuver"],"picked":"Die Die Die","floor":23},{"not_picked":["Underhanded Strike","Acrobatics"],"picked":"Quick Slash","floor":25},{"not_picked":["Flying Knee","Expertise+1"],"picked":"Skewer","floor":27},{"not_picked":["Dodge and Roll","Flying Knee"],"picked":"Leg Sweep","floor":29},{"not_picked":["Sucker Punch","Flying Knee"],"picked":"Cloak And Dagger","floor":30},{"not_picked":["Skewer","Backflip"],"picked":"Dodge and Roll+1","floor":31},{"not_picked":["Glass Knife","Tools of the Trade"],"picked":"Malaise","floor":33},{"not_picked":["PiercingWail","Riddle With Holes"],"picked":"Concentrate","floor":35},{"not_picked":["Trip","Discovery"],"picked":"Mayhem","floor":36},{"not_picked":["Blade Dance","Deflect"],"picked":"Endless Agony","floor":39},{"not_picked":["Dagger Throw","Flechettes","Acrobatics+1"],"picked":"SKIP","floor":40},{"not_picked":["Leg Sweep+1","Accuracy+1"],"picked":"Escape Plan","floor":42},{"not_picked":["Dagger Throw+1","Acrobatics+1"],"picked":"PiercingWail+1","floor":45},{"not_picked":["Reflex+1","Flying Knee"],"picked":"Blade Dance","floor":46},{"not_picked":["Expertise+1","Choke+1"],"picked":"Blade Dance+1","floor":48},{"not_picked":["Noxious Fumes","Poisoned Stab+1"],"picked":"Dodge and Roll+1","floor":54}],"player_experience":892896,"relics_obtained":[{"floor":6,"key":"Ancient Tea Set"},{"floor":9,"key":"Bronze Scales"},{"floor":12,"key":"Sundial"},{"floor":21,"key":"Nunchaku"},{"floor":21,"key":"Gremlin Horn"},{"floor":22,"key":"Red Mask"},{"floor":23,"key":"Oddly Smooth Stone"},{"floor":26,"key":"Mummified Hand"},{"floor":27,"key":"Anchor"},{"floor":31,"key":"Dodecahedron"},{"floor":40,"key":"Vajra"},{"floor":42,"key":"Art of War"},{"floor":45,"key":"Orichalcum"},{"floor":46,"key":"Ice Cream"},{"floor":48,"key":"Thread and Needle"},{"floor":54,"key":"Centennial Puzzle"}],"event_choices":[{"cards_removed":["Strike_G"],"damage_healed":0,"gold_gain":0,"player_choice":"Card Removal","damage_taken":0,"max_hp_gain":0,"max_hp_loss":0,"event_name":"The Cleric","floor":2,"gold_loss":50},{"damage_healed":0,"gold_gain":175,"player_choice":"AGREE","damage_taken":0,"max_hp_gain":0,"max_hp_loss":0,"event_name":"Liars Game","floor":3,"gold_loss":0,"cards_obtained":["Doubt"]},{"damage_healed":0,"gold_gain":275,"player_choice":"Desecrate","damage_taken":0,"max_hp_gain":0,"max_hp_loss":0,"event_name":"Golden Shrine","floor":5,"gold_loss":0,"cards_obtained":["Regret"]},{"damage_healed":0,"gold_gain":0,"player_choice":"Ignored","damage_taken":0,"max_hp_gain":0,"max_hp_loss":0,"event_name":"Ghosts","floor":20,"gold_loss":0},{"damage_healed":0,"gold_gain":0,"player_choice":"Fight","damage_taken":0,"max_hp_gain":0,"max_hp_loss":0,"event_name":"Colosseum","floor":21,"gold_loss":0},{"damage_healed":0,"gold_gain":0,"player_choice":"Fought Nobs","damage_taken":0,"max_hp_gain":0,"max_hp_loss":0,"event_name":"Colosseum","floor":21,"gold_loss":0},{"damage_healed":0,"gold_gain":0,"player_choice":"Fought Bandits","damage_taken":0,"max_hp_gain":0,"max_hp_loss":0,"event_name":"Masked Bandits","floor":22,"gold_loss":0},{"damage_healed":0,"gold_gain":0,"player_choice":"Memory 1","damage_taken":0,"max_hp_gain":0,"max_hp_loss":0,"event_name":"SensoryStone","floor":36,"gold_loss":0},{"damage_healed":0,"gold_gain":222,"player_choice":"Wore Mask","damage_taken":0,"max_hp_gain":0,"max_hp_loss":0,"event_name":"Tomb of Lord Red Mask","floor":37,"gold_loss":0},{"cards_removed":["Strike_G"],"damage_healed":0,"gold_gain":0,"player_choice":"Removed Attack","damage_taken":0,"max_hp_gain":0,"max_hp_loss":0,"event_name":"Falling","floor":38,"gold_loss":0},{"damage_healed":0,"gold_gain":0,"player_choice":"Fight","damage_taken":0,"max_hp_gain":0,"max_hp_loss":0,"event_name":"MindBloom","floor":46,"gold_loss":0},{"damage_healed":0,"gold_gain":0,"player_choice":"Fight","damage_taken":0,"max_hp_gain":0,"max_hp_loss":0,"event_name":"Mysterious Sphere","floor":48,"gold_loss":0}],"is_beta":true,"boss_relics":[{"not_picked":["Runic Dome","Ectoplasm"],"picked":"Cursed Key"},{"not_picked":["Velvet Choker","Calling Bell"],"picked":"Ring of the Serpent"}],"items_purged_floors":[13,53],"is_endless":false,"potions_floor_spawned":[1,4,14,19,21,22,25,30,33,39,40,42,45,54],"killed_by":"The Heart","ascension_level":1}