{"gold_per_floor":[113,113,63,15,15,46,46,80,106,121,121,138,138,11,11,109,159,175,100,115,115,134,134,152,152],"floor_reached":25,"playtime":1071,"items_purged":[],"score":219,"play_id":"2e14a560-3284-48d3-b844-4334f46d6df9","local_time":"20181124201550","is_ascension_mode":true,"campfire_choices":[{"data":"Blade Dance","floor":7,"key":"SMITH"},{"data":"A Thousand Cuts","floor":11,"key":"SMITH"},{"data":"Cloak And Dagger","floor":13,"key":"SMITH"},{"floor":15,"key":"REST"},{"data":"Blade Dance","floor":23,"key":"SMITH"}],"neow_cost":"NONE","seed_source_timestamp":389511056483066,"circlet_count":0,"master_deck":["Defend_G","Defend_G+1","Defend_G","Defend_G","Defend_G","Strike_G","Strike_G+1","Strike_G+1","Survivor","Neutralize+1","A Thousand Cuts+1","Predator","Blade Dance+1","Flying Knee","Heel Hook","Distraction","Cloak And Dagger+1","Flash of Steel","Noxious Fumes","Die Die Die","Quick Slash","Backstab","Blade Dance+1","Blade Dance+1","Backstab","Corpse Explosion"],"relics":["Ring of the Snake","Bottled Lightning","Kunai","Whetstone","Tiny House"],"potions_floor_usage":[8,18,22,25,25],"damage_taken":[{"damage":0,"enemies":"2 Louse","floor":1,"turns":3},{"damage":19,"enemies":"3 Sentries","floor":6,"turns":8},{"damage":21,"enemies":"Lagavulin","floor":8,"turns":8},{"damage":0,"enemies":"Small Slimes","floor":10,"turns":2},{"damage":10,"enemies":"Jaw Worm","floor":12,"turns":3},{"damage":13,"enemies":"Slime Boss","floor":16,"turns":7},{"damage":11,"enemies":"2 Thieves","floor":18,"turns":3},{"damage":6,"enemies":"Shell Parasite","floor":20,"turns":5},{"damage":22,"enemies":"Snake Plant","floor":22,"turns":5},{"damage":22,"enemies":"Cultist and Chosen","floor":24,"turns":5},{"damage":33,"enemies":"Slavers","floor":25,"turns":2}],"seed_played":"524484054540057736","potions_obtained":[{"floor":6,"key":"Ancient Potion"},{"floor":10,"key":"Strength Potion"},{"floor":12,"key":"Regen Potion"},{"floor":16,"key":"Dexterity Potion"},{"floor":20,"key":"Explosive Potion"},{"floor":22,"key":"Fruit Juice"}],"is_trial":false,"path_per_floor":["M","?","?","$","$","E","R","E","T","M","R","M","R","$","R","B",null,"M","?","M","?","M","R","M","E"],"character_chosen":"THE_SILENT","items_purchased":["Blade Dance","Flash of Steel","Noxious Fumes"],"campfire_rested":1,"item_purchase_floors":[4,14,14],"current_hp_per_floor":[70,70,70,70,70,51,51,30,30,30,30,20,20,20,41,28,75,64,64,58,58,41,41,19,0],"gold":152,"neow_bonus":"ONE_RANDOM_RARE_CARD","is_prod":false,"is_daily":false,"chose_seed":false,"campfire_upgraded":4,"win_rate":0,"timestamp":1543079750,"path_taken":["M","?","?","?","$","E","R","E","T","M","R","?","R","$","R","BOSS","M","?","M","?","M","R","M","E"],"build_version":"2018-11-15","purchased_purges":0,"victory":false,"max_hp_per_floor":[70,70,70,70,70,70,70,70,70,70,70,70,70,70,70,70,75,75,75,75,75,80,80,80,80],"card_choices":[{"not_picked":["Poisoned Stab","Quick Slash"],"picked":"Predator","floor":1},{"not_picked":["Reflex","Terror"],"picked":"Flying Knee","floor":6},{"not_picked":["Flying Knee","Catalyst"],"picked":"Heel Hook","floor":8},{"not_picked":["Accuracy","Deadly Poison"],"picked":"Distraction","floor":10},{"not_picked":["PiercingWail","Setup"],"picked":"Cloak And Dagger","floor":12},{"not_picked":["Grand Finale","Storm of Steel"],"picked":"Die Die Die","floor":16},{"not_picked":["Bane","Outmaneuver"],"picked":"Quick Slash","floor":17},{"not_picked":["Distraction","Flying Knee"],"picked":"Backstab","floor":18},{"not_picked":["Dodge and Roll","Setup"],"picked":"Blade Dance","floor":20},{"not_picked":["Deflect","Flying Knee"],"picked":"Backstab","floor":22},{"not_picked":["Dagger Throw+1","Crippling Poison+1"],"picked":"Corpse Explosion","floor":24}],"player_experience":933537,"relics_obtained":[{"floor":6,"key":"Bottled Lightning"},{"floor":8,"key":"Kunai"},{"floor":9,"key":"Whetstone"}],"event_choices":[{"damage_healed":0,"gold_gain":0,"player_choice":"Grow","damage_taken":0,"max_hp_gain":0,"max_hp_loss":0,"event_name":"Living Wall","floor":2,"gold_loss":0,"cards_upgraded":["Neutralize"]},{"cards_removed":["Strike_G"],"damage_healed":0,"gold_gain":0,"player_choice":"Card Removal","damage_taken":0,"max_hp_gain":0,"max_hp_loss":0,"event_name":"The Cleric","floor":3,"gold_loss":50},{"cards_removed":["Strike_G"],"damage_healed":0,"gold_gain":0,"player_choice":"Gave Gold","damage_taken":0,"max_hp_gain":0,"max_hp_loss":0,"event_name":"Beggar","floor":19,"gold_loss":75},{"damage_healed":0,"gold_gain":0,"player_choice":"Copied","damage_taken":0,"max_hp_gain":0,"max_hp_loss":0,"event_name":"Duplicator","floor":21,"gold_loss":0,"cards_obtained":["Blade Dance"]}],"is_beta":true,"boss_relics":[{"not_picked":["HoveringKite","Velvet Choker"],"picked":"Tiny House"}],"items_purged_floors":[],"is_endless":false,"potions_floor_spawned":[6,10,12,16,20,22],"killed_by":"Slavers","ascension_level":1}