{"gold_per_floor":[115,126,140,155,170,196,196,215,215,241,252,252,31,50,50,148,148,174,197,134,146,175,187,224,236,248,260,286,332,344],"floor_reached":30,"playtime":2189,"items_purged":["Strike_R"],"score":264,"play_id":"e21eaa5c-ee54-4984-b748-cdcac0b07907","local_time":"20180822144424","is_ascension_mode":false,"campfire_choices":[{"data":"Uppercut","floor":7.0,"key":"SMITH"},{"data":"Inflame","floor":12.0,"key":"SMITH"},{"data":"Carnage","floor":15.0,"key":"SMITH"},{"data":"Double Tap","floor":23,"key":"SMITH"},{"data":"Double Tap","floor":25,"key":"SMITH"},{"data":"Bloodletting","floor":27,"key":"SMITH"}],"neow_cost":"NONE","seed_source_timestamp":0,"circlet_count":0,"master_deck":["Strike_R","Strike_R","Strike_R","Strike_R","Defend_R","Defend_R","Defend_R","Defend_R","Bash","Reaper","Dropkick","Iron Wave","Uppercut+1","Bloodletting+1","Clothesline","Inflame+1","Carnage+1","Intimidate","Ghostly Armor","Cleave","Double Tap+1","Parasite","Clumsy","Headbutt","Iron Wave","Double Tap+1","Armaments+1","Iron Wave","True Grit"],"special_seed":0,"relics":["Burning Blood","Bird Faced Urn","Meat on the Bone","Nunchaku","Blood Vial","Calling Bell","MawBank","Dodecahedron","Torii","Blue Candle","Letter Opener","Red Mask"],"potions_floor_usage":[19,22,28,29,30],"damage_taken":[{"damage":8.0,"enemies":"Small Slimes","floor":1.0,"turns":3.0},{"damage":9.0,"enemies":"2 Louse","floor":2.0,"turns":3.0},{"damage":5.0,"enemies":"Cultist","floor":3.0,"turns":4.0},{"damage":10.0,"enemies":"Looter","floor":4.0,"turns":3.0},{"damage":9.0,"enemies":"Blue Slaver","floor":5.0,"turns":3.0},{"damage":41.0,"enemies":"3 Sentries","floor":6.0,"turns":11.0},{"damage":10.0,"enemies":"Red Slaver","floor":8.0,"turns":3.0},{"damage":14.0,"enemies":"Gremlin Nob","floor":10.0,"turns":4.0},{"damage":8.0,"enemies":"Gremlin Gang","floor":11.0,"turns":4.0},{"damage":12.0,"enemies":"Looter","floor":14.0,"turns":3.0},{"damage":42.0,"enemies":"The Guardian","floor":16.0,"turns":10.0},{"damage":0,"enemies":"Chosen","floor":18,"turns":3},{"damage":25,"enemies":"2 Thieves","floor":19,"turns":4},{"damage":0,"enemies":"Centurion and Healer","floor":22,"turns":5},{"damage":116,"enemies":"Gremlin Leader","floor":24,"turns":11},{"damage":6,"enemies":"Snecko","floor":28,"turns":4},{"damage":66,"floor":29,"turns":7},{"damage":36,"enemies":"Book of Stabbing","floor":30,"turns":7}],"seed_played":"-7498480531084996977","potions_obtained":[{"floor":1.0,"key":"Dexterity Potion"},{"floor":2.0,"key":"Fire Potion"},{"floor":6.0,"key":"Explosive Potion"},{"floor":8.0,"key":"Strength Potion"},{"floor":16.0,"key":"SpeedPotion"},{"floor":19,"key":"FearPotion"},{"floor":28,"key":"Ancient Potion"}],"is_trial":false,"path_per_floor":["M","M","M","M","M","E","R","M","T","E","M","R","$","M","R","B",null,"M","M","?","$","M","R","E","R","T","R","M","?"],"character_chosen":"IRONCLAD","items_purchased":["Blood Vial"],"campfire_rested":0,"item_purchase_floors":[13],"current_hp_per_floor":[80,77,78,74,71,44,44,42,42,48,72,72,72,78,78,53,80,80,78,78,78,80,80,28,28,28,28,56,24,0],"gold":344,"neow_bonus":"ONE_RANDOM_RARE_CARD","is_prod":false,"is_daily":false,"chose_seed":false,"campfire_upgraded":6,"win_rate":0,"timestamp":1534938264,"path_taken":["M","M","M","M","M","E","R","M","T","E","M","R","$","M","R","BOSS","M","M","?","$","M","R","E","R","T","R","M","?","E"],"build_version":"2018-08-21","purchased_purges":1,"victory":false,"max_hp_per_floor":[80,80,80,80,80,80,80,80,80,80,80,80,80,80,80,80,80,80,80,80,80,80,80,80,80,80,80,80,80,80],"card_choices":[{"not_picked":["Clash","Body Slam"],"picked":"Dropkick","floor":1.0},{"not_picked":["Flex","Combust"],"picked":"Iron Wave","floor":2.0},{"not_picked":["Shrug It Off","Havoc"],"picked":"Uppercut","floor":3.0},{"not_picked":["Searing Blow","Fire Breathing"],"picked":"Bloodletting","floor":4.0},{"not_picked":["Flex","Bloodletting"],"picked":"Clothesline","floor":5.0},{"not_picked":["Feel No Pain","Headbutt"],"picked":"Inflame","floor":6.0},{"not_picked":["Heavy Blade","Perfected Strike"],"picked":"Carnage","floor":8.0},{"not_picked":["Pommel Strike","Blood for Blood"],"picked":"Intimidate","floor":10.0},{"not_picked":["Barricade","True Grit"],"picked":"Ghostly Armor","floor":11.0},{"not_picked":["Dropkick","Armaments"],"picked":"Cleave","floor":14.0},{"not_picked":["Bludgeon","Reaper"],"picked":"Double Tap","floor":16.0},{"not_picked":["Combust","True Grit"],"picked":"Headbutt","floor":18},{"not_picked":["Thunderclap","Clash"],"picked":"Iron Wave","floor":19},{"not_picked":["Anger","Armaments+1"],"picked":"Double Tap","floor":22},{"not_picked":["Pommel Strike","Combust+1"],"picked":"Armaments+1","floor":24},{"not_picked":["Uppercut+1","Second Wind"],"picked":"Iron Wave","floor":28},{"not_picked":["Iron Wave","Clothesline"],"picked":"True Grit","floor":29}],"player_experience":643501,"relics_obtained":[{"floor":6.0,"key":"Bird Faced Urn"},{"floor":9.0,"key":"Meat on the Bone"},{"floor":10.0,"key":"Nunchaku"},{"floor":17,"key":"MawBank"},{"floor":17,"key":"Dodecahedron"},{"floor":17,"key":"Torii"},{"floor":24,"key":"Blue Candle"},{"floor":26,"key":"Letter Opener"},{"floor":29,"key":"Red Mask"}],"event_choices":[{"event_name":"Beggar","player_choice":"Gave Gold","floor":20,"damage_taken":0},{"event_name":"Masked Bandits","player_choice":"Fought Bandits","floor":29,"damage_taken":0}],"is_beta":true,"boss_relics":[{"not_picked":["Orrery","Runic Pyramid"],"picked":"Calling Bell"}],"items_purged_floors":[13],"is_endless":false,"potions_floor_spawned":[1,2,6,8,16,18,19,28],"killed_by":"Book of Stabbing","ascension_level":0}