{"gold_per_floor":[210,228,503,20,39,69,69,98,122,166,198,243,272,297,309,419,431,453,465,495,507,535,547,587,599,611,522,564,576],"floor_reached":29,"playtime":1313,"items_purged":["Regret"],"score":333,"play_id":"e14252d5-fdaf-4182-84fd-77f00fec2cf6","local_time":"20181202085149","is_ascension_mode":true,"campfire_choices":[{"data":"White Noise","floor":15.0,"key":"SMITH"},{"data":"Fission","floor":23,"key":"SMITH"},{"data":"Hologram","floor":25,"key":"SMITH"}],"neow_cost":"NONE","seed_source_timestamp":0,"circlet_count":0,"master_deck":["Strike_B","Strike_B","Defend_B","Defend_B","Defend_B","Defend_B","Zap","Dualcast","Hologram+1","Doom and Gloom","Streamline","Conserve Battery","Beam Cell","Leap","Static Discharge","Compile Driver","Sunder","White Noise+1","Conserve Battery","Go for the Eyes","Glacier","BootSequence","Recycle","Fission+1","Steam","Streamline","Rebound","Cold Snap+1","Defragment+1","White Noise"],"special_seed":0,"relics":["Cracked Core","Membership Card","Blood Vial","Ancient Tea Set","Regal Pillow","MawBank","Sundial","WingedGreaves","Sozu","Pen Nib","Kunai","Dream Catcher","Omamori"],"potions_floor_usage":[],"damage_taken":[{"damage":3.0,"enemies":"2 Louse","floor":1.0,"turns":2.0},{"damage":1.0,"enemies":"Cultist","floor":2.0,"turns":3.0},{"damage":0.0,"enemies":"Small Slimes","floor":5.0,"turns":3.0},{"damage":19.0,"enemies":"Lagavulin","floor":6.0,"turns":6.0},{"damage":16.0,"enemies":"3 Sentries","floor":8.0,"turns":5.0},{"damage":13.0,"enemies":"Gremlin Nob","floor":10.0,"turns":4.0},{"damage":0.0,"enemies":"Looter","floor":11.0,"turns":2.0},{"damage":14.0,"enemies":"3 Sentries","floor":12.0,"turns":3.0},{"damage":4.0,"enemies":"Exordium Thugs","floor":13.0,"turns":2.0},{"damage":0.0,"enemies":"Large Slime","floor":14.0,"turns":5.0},{"damage":7.0,"enemies":"Hexaghost","floor":16.0,"turns":12.0},{"damage":23,"enemies":"Chosen","floor":18,"turns":4},{"damage":6,"enemies":"Spheric Guardian","floor":20,"turns":6},{"damage":0,"enemies":"Centurion and Healer","floor":22,"turns":7},{"damage":26,"enemies":"Slavers","floor":24,"turns":4},{"damage":24,"enemies":"Book of Stabbing","floor":28,"turns":4},{"damage":13,"enemies":"Sentry and Sphere","floor":29,"turns":3}],"seed_played":"4841930796197136843","potions_obtained":[{"floor":1.0,"key":"SpeedPotion"},{"floor":5.0,"key":"SteroidPotion"},{"floor":11.0,"key":"Regen Potion"},{"floor":12.0,"key":"AttackPotion"},{"floor":13.0,"key":"SpeedPotion"}],"is_trial":false,"path_per_floor":["M","M","?","$","M","E","?","E","T","E","M","E","M","M","R","B",null,"M","?","M","?","M","R","E","R","T","?","E","M"],"character_chosen":"DEFECT","items_purchased":["Membership Card","Streamline","Fruit Juice","Blood Vial","Conserve Battery","Beam Cell","Leap","Static Discharge"],"campfire_rested":0,"item_purchase_floors":[4,4,4,4,4,4,4,4],"current_hp_per_floor":[72,71,71,71,78,61,54,40,40,29,31,28,26,28,28,23,80,57,57,53,53,55,55,31,31,31,31,9,0],"gold":576,"neow_bonus":"HUNDRED_GOLD","is_prod":false,"is_daily":false,"chose_seed":false,"campfire_upgraded":3,"win_rate":0,"timestamp":1543729909,"path_taken":["M","M","?","?","M","E","?","E","T","E","M","E","M","M","R","BOSS","M","?","?","?","M","R","E","R","T","?","E","M"],"build_version":"2018-11-15","purchased_purges":1,"victory":false,"max_hp_per_floor":[75,75,75,75,80,80,80,80,80,80,80,80,80,80,80,80,80,80,80,80,80,80,80,80,80,80,80,80,80],"card_choices":[{"not_picked":["Skim","Barrage"],"picked":"Hologram","floor":1.0},{"not_picked":["Cold Snap","Heatsinks"],"picked":"Doom and Gloom","floor":2.0},{"not_picked":["Static Discharge","Coolheaded"],"picked":"Compile Driver","floor":5.0},{"not_picked":["Cold Snap","Hologram"],"picked":"Sunder","floor":6.0},{"not_picked":["Compile Driver","Thunder Strike"],"picked":"White Noise","floor":8.0},{"not_picked":["Lockon","Force Field"],"picked":"Conserve Battery","floor":10.0},{"not_picked":["White Noise","Reprogram"],"picked":"Go for the Eyes","floor":11.0},{"not_picked":["Barrage","Force Field"],"picked":"Glacier","floor":12.0},{"not_picked":["Leap","Sweeping Beam"],"picked":"BootSequence","floor":13.0},{"not_picked":["Fusion","Doom and Gloom"],"picked":"Recycle","floor":14.0},{"not_picked":["Multi-Cast","Buffer"],"picked":"Fission","floor":16.0},{"not_picked":["Sweeping Beam+1","Scrape"],"picked":"Steam","floor":18},{"not_picked":["Redo","Conserve Battery"],"picked":"Streamline","floor":20},{"not_picked":["Coolheaded+1","Sunder"],"picked":"Cold Snap+1","floor":22},{"not_picked":["White Noise","Coolheaded"],"picked":"Defragment+1","floor":24},{"not_picked":["Recycle+1","Meteor Strike"],"picked":"White Noise","floor":28}],"player_experience":947656,"relics_obtained":[{"floor":6.0,"key":"Ancient Tea Set"},{"floor":8.0,"key":"Regal Pillow"},{"floor":9.0,"key":"MawBank"},{"floor":10.0,"key":"Sundial"},{"floor":12.0,"key":"WingedGreaves"},{"floor":24,"key":"Pen Nib"},{"floor":26,"key":"Kunai"},{"floor":28,"key":"Omamori"}],"event_choices":[{"damage_healed":0.0,"max_hp_gain":0.0,"max_hp_loss":0.0,"gold_gain":275.0,"event_name":"Golden Shrine","player_choice":"Desecrate","floor":3.0,"gold_loss":0.0,"damage_taken":0.0,"cards_obtained":["Regret"]},{"cards_removed":["Strike_B"],"damage_healed":0.0,"max_hp_gain":0.0,"max_hp_loss":0.0,"gold_gain":0.0,"event_name":"Golden Wing","player_choice":"Card Removal","floor":7.0,"gold_loss":0.0,"damage_taken":7.0},{"cards_removed":["Strike_B"],"damage_healed":0,"gold_gain":0,"player_choice":"Card Removal","damage_taken":0,"max_hp_gain":0,"max_hp_loss":0,"event_name":"Wheel of Change","floor":19,"gold_loss":0},{"damage_healed":0,"gold_gain":0,"player_choice":"Read","damage_taken":0,"max_hp_gain":0,"max_hp_loss":0,"event_name":"The Library","floor":21,"gold_loss":0,"cards_obtained":["Rebound"]},{"damage_healed":0,"gold_gain":0,"player_choice":"Paid Gold","damage_taken":0,"relics_obtained":["Dream Catcher"],"max_hp_gain":0,"max_hp_loss":0,"event_name":"WeMeetAgain","floor":27,"gold_loss":101}],"is_beta":true,"boss_relics":[{"not_picked":["Calling Bell","Runic Pyramid"],"picked":"Sozu"}],"items_purged_floors":[4],"is_endless":false,"potions_floor_spawned":[1,5,11,12,13,18,20,28],"killed_by":"Sentry and Sphere","ascension_level":1}