{"gold_per_floor":[119,44,44,44,64,64,108,8,35,35,56,91,91,91,91,91],"floor_reached":16,"playtime":438,"items_purged":["Defend_R","Strike_R"],"score":98,"play_id":"1684e33f-55ff-4d1a-b2aa-8584c9ae3952","local_time":"20190915215750","is_ascension_mode":false,"campfire_choices":[{"data":"Searing Blow","floor":6,"key":"SMITH"},{"floor":10,"key":"REST"},{"data":"Searing Blow+1","floor":15,"key":"SMITH"}],"neow_cost":"PERCENT_DAMAGE","seed_source_timestamp":10626601948107,"circlet_count":0,"master_deck":["Strike_R","Strike_R+1","Defend_R+1","Defend_R","Defend_R","Bash","Searing Blow+2"],"relics":["Burning Blood","Golden Idol","Magic Flower","Vajra","Odd Mushroom"],"potions_floor_usage":[16,16],"damage_taken":[{"damage":0,"enemies":"2 Louse","floor":1,"turns":4},{"damage":2,"enemies":"Jaw Worm","floor":5,"turns":4},{"damage":44,"enemies":"Lagavulin","floor":7,"turns":7},{"damage":0,"enemies":"Cultist","floor":11,"turns":2},{"damage":31,"enemies":"The Mushroom Lair","floor":12,"turns":6},{"damage":0,"enemies":"3 Louse","floor":14,"turns":3},{"damage":32,"enemies":"Hexaghost","floor":16,"turns":9}],"seed_played":"6411654872877510256","potions_obtained":[{"floor":7,"key":"SteroidPotion"},{"floor":12,"key":"Poison Potion"}],"is_trial":false,"path_per_floor":["M","$","?","?","M","R","E","$","T","R","M","?","$","M","R","B"],"character_chosen":"IRONCLAD","items_purchased":[],"campfire_rested":1,"item_purchase_floors":[],"current_hp_per_floor":[62,62,46,46,50,50,12,12,12,34,43,21,21,30,30,0],"gold":91,"neow_bonus":"REMOVE_TWO","is_prod":false,"is_daily":false,"chose_seed":false,"campfire_upgraded":2,"win_rate":0,"timestamp":1568606270,"path_taken":["M","$","?","?","M","R","E","?","T","R","?","?","$","M","R","BOSS"],"build_version":"2019-09-12","purchased_purges":2,"victory":false,"max_hp_per_floor":[80,80,80,74,74,74,74,74,74,74,74,74,74,74,74,74],"card_choices":[{"not_picked":["Havoc","Warcry","Sentinel"],"picked":"SKIP","floor":1},{"not_picked":["Spot Weakness","Armaments"],"picked":"Searing Blow","floor":5},{"not_picked":["Ghostly Armor","Perfected Strike","Evolve"],"picked":"SKIP","floor":7},{"not_picked":["Whirlwind","Pommel Strike","Heavy Blade"],"picked":"SKIP","floor":11},{"not_picked":["Whirlwind","Havoc","Wild Strike"],"picked":"SKIP","floor":14}],"player_experience":1535809,"relics_obtained":[{"floor":7,"key":"Magic Flower"},{"floor":9,"key":"Vajra"},{"floor":12,"key":"Odd Mushroom"}],"event_choices":[{"damage_healed":0,"gold_gain":0,"player_choice":"Entered Light","damage_taken":16,"max_hp_gain":0,"max_hp_loss":0,"event_name":"Shining Light","floor":3,"gold_loss":0,"cards_upgraded":["Defend_R","Strike_R"]},{"damage_healed":0,"gold_gain":0,"player_choice":"Lose Max HP","damage_taken":0,"relics_obtained":["Golden Idol"],"max_hp_gain":0,"max_hp_loss":6,"event_name":"Golden Idol","floor":4,"gold_loss":0},{"damage_healed":0,"gold_gain":0,"player_choice":"Fought Mushrooms","damage_taken":0,"max_hp_gain":0,"max_hp_loss":0,"event_name":"Mushrooms","floor":12,"gold_loss":0}],"is_beta":true,"boss_relics":[],"items_purged_floors":[2,8],"is_endless":false,"potions_floor_spawned":[7,12],"killed_by":"Hexaghost","ascension_level":0}