{"gold_per_floor":[114,114,289,289,309,344,344,354,354,372,372,404,431,443,455,566,578,605,19,19,38,53,86,86,116,116,132,57,57,57,77,77,177,177,188,188,203,203,203,203,221,221,221,248,248,248,3,32,32,32],"floor_reached":51,"playtime":8333,"items_purged":["Strike_B","Pain"],"score":787,"play_id":"ca61496a-b29b-4902-84bc-9d445ee37ef6","local_time":"20190711124850","is_ascension_mode":true,"campfire_choices":[{"data":"Genetic Algorithm","floor":7,"key":"SMITH"},{"data":"Loop","floor":11,"key":"SMITH"},{"data":"Zap","floor":15,"key":"SMITH"},{"data":"Rainbow","floor":24,"key":"SMITH"},{"data":"Dualcast","floor":30,"key":"SMITH"},{"data":"Genetic Algorithm","floor":32,"key":"SMITH"},{"data":"Panache","floor":40,"key":"SMITH"},{"data":"Metamorphosis","floor":42,"key":"SMITH"},{"data":"Self Repair","floor":46,"key":"SMITH"},{"data":"Magnetism","floor":49,"key":"SMITH"}],"neow_cost":"PERCENT_DAMAGE","seed_source_timestamp":55548906660323,"circlet_count":0,"master_deck":["Strike_B","Strike_B","Strike_B","Defend_B","Defend_B","Defend_B","Defend_B","Zap+1","Dualcast+1","Genetic Algorithm+1","Leap","Rebound","Loop+1","Cold Snap","Ball Lightning","BootSequence","Conserve Battery","Electrodynamics","Cold Snap+1","Go for the Eyes","Sweeping Beam+1","Sweeping Beam+1","Rainbow+1","Steam","Go for the Eyes+1","Hologram+1","Loop+1","Genetic Algorithm+1","All For One","Gash","Cold Snap+1","Metamorphosis+1","Panache+1","Magnetism+1","Doom and Gloom+1","Beam Cell","Madness","Madness","Static Discharge+1","Double Energy+1","Self Repair+1","Leap+1","Dark Shackles+1","Undo+1"],"relics":["Cracked Core","Mango","Prayer Wheel","Pantograph","MawBank","Letter Opener","energizedSpire:RedRose","OrangePellets","Gremlin Horn","Bag of Preparation","Torii","Lantern","Symbiotic Virus","WarpedTongs","Runic Pyramid","Potion Belt","Oddly Smooth Stone","Toxic Egg 2","Frozen Egg 2"],"potions_floor_usage":[6,12,16,23,23,25,44,44,44,48],"damage_taken":[{"damage":0,"enemies":"2 Louse","floor":1,"turns":2},{"damage":5,"enemies":"Jaw Worm","floor":5,"turns":3},{"damage":38,"enemies":"Lagavulin","floor":6,"turns":8},{"damage":1,"enemies":"Cultist","floor":8,"turns":3},{"damage":0,"enemies":"3 Louse","floor":10,"turns":2},{"damage":12,"enemies":"3 Sentries","floor":12,"turns":5},{"damage":6,"enemies":"Exordium Thugs","floor":13,"turns":4},{"damage":26,"enemies":"Slime Boss","floor":16,"turns":9},{"damage":7,"enemies":"Shell Parasite","floor":18,"turns":6},{"damage":2,"enemies":"Spheric Guardian","floor":21,"turns":3},{"damage":11,"enemies":"Centurion and Healer","floor":22,"turns":4},{"damage":19,"enemies":"Gremlin Leader","floor":23,"turns":5},{"damage":3,"enemies":"Slavers","floor":25,"turns":4},{"damage":2,"enemies":"Cultist and Chosen","floor":27,"turns":5},{"damage":3,"enemies":"Snake Plant","floor":31,"turns":3},{"damage":47,"enemies":"Automaton","floor":33,"turns":8},{"damage":4,"enemies":"Orb Walker","floor":35,"turns":3},{"damage":4,"enemies":"3 Darklings","floor":37,"turns":2},{"damage":1,"enemies":"Sphere and 2 Shapes","floor":41,"turns":2},{"damage":25,"enemies":"Nemesis","floor":44,"turns":7},{"damage":25,"enemies":"Giant Head","floor":48,"turns":8},{"damage":66,"enemies":"Time Eater","floor":50,"turns":9}],"seed_played":"2133495712962598535","potions_obtained":[{"floor":1,"key":"EssenceOfSteel"},{"floor":8,"key":"Energy Potion"},{"floor":10,"key":"FearPotion"},{"floor":13,"key":"Swift Potion"},{"floor":16,"key":"EssenceOfSteel"},{"floor":18,"key":"GamblersBrew"},{"floor":25,"key":"Block Potion"},{"floor":33,"key":"Energy Potion"},{"floor":41,"key":"SkillPotion"},{"floor":44,"key":"Weak Potion"}],"is_trial":false,"path_per_floor":["M","?","?","?","M","E","R","M","T","M","R","E","M","T","R","B",null,"M","$","?","M","M","E","R","E","T","M","$","?","R","M","R","B",null,"M","?","M","?","T","R","M","R","T","E","?","R","$","E","R","B",null],"character_chosen":"DEFECT","items_purchased":["OrangePellets","Gremlin Horn","Bag of Preparation","Leap+1","Dark Shackles+1"],"campfire_rested":0,"item_purchase_floors":[19,19,19,47,47],"current_hp_per_floor":[68,73,73,73,68,30,30,29,29,29,29,17,11,11,11,10,94,87,87,87,85,74,55,55,52,52,50,50,50,50,47,47,25,94,90,80,76,64,64,64,63,63,63,38,82,82,82,67,67,26],"gold":32,"neow_bonus":"ONE_RARE_RELIC","is_prod":false,"is_daily":false,"chose_seed":false,"campfire_upgraded":10,"win_rate":0,"timestamp":1562838530,"path_taken":["M","?","?","?","M","E","R","?","T","M","R","E","M","?","R","BOSS","M","$","?","M","M","E","R","E","T","M","?","?","R","M","R","BOSS","M","?","M","?","?","R","?","R","T","E","?","R","?","E","R","BOSS"],"build_version":"2019-07-05","purchased_purges":2,"victory":true,"max_hp_per_floor":[89,94,94,94,94,94,94,94,94,94,94,94,94,94,94,94,94,94,94,94,94,94,94,94,94,94,94,94,94,94,94,94,94,94,94,94,94,94,94,94,94,94,94,94,82,82,82,82,82,82],"card_choices":[{"not_picked":["Streamline","Compile Driver"],"picked":"Genetic Algorithm","floor":1},{"not_picked":["Consume","Gash"],"picked":"Leap","floor":5},{"not_picked":["Turbo","Steam"],"picked":"Hyperbeam","floor":6},{"not_picked":["Redo","Skim"],"picked":"Rebound","floor":8},{"not_picked":["Stack","Rebound"],"picked":"Loop","floor":8},{"not_picked":["Heatsinks","Rip and Tear"],"picked":"Cold Snap","floor":10},{"not_picked":["Lockon","Tempest"],"picked":"Ball Lightning","floor":10},{"not_picked":["Fusion","Rebound"],"picked":"BootSequence","floor":12},{"not_picked":["BootSequence","Leap"],"picked":"Conserve Battery","floor":13},{"not_picked":["Steam Power","Fusion","Rebound"],"picked":"SKIP","floor":13},{"not_picked":["Meteor Strike","Hyperbeam"],"picked":"Electrodynamics","floor":16},{"not_picked":["Skim","Steam"],"picked":"Cold Snap+1","floor":18},{"not_picked":["Gash","Coolheaded"],"picked":"Go for the Eyes","floor":18},{"not_picked":["Go for the Eyes","Compile Driver"],"picked":"Sweeping Beam+1","floor":21},{"not_picked":["Hologram","Skim"],"picked":"Sweeping Beam+1","floor":21},{"not_picked":["Gash+1","Reprogram+1"],"picked":"Rainbow","floor":22},{"not_picked":["Compile Driver","Coolheaded"],"picked":"Steam","floor":22},{"not_picked":["FTL","Auto Shields"],"picked":"Go for the Eyes+1","floor":23},{"not_picked":["Go for the Eyes+1","Steam"],"picked":"Hologram+1","floor":25},{"not_picked":["Barrage","Rebound+1","Scrape"],"picked":"SKIP","floor":27},{"not_picked":["Barrage","Ball Lightning","Turbo"],"picked":"SKIP","floor":27},{"not_picked":["Thunder Strike","Streamline"],"picked":"Loop+1","floor":31},{"not_picked":["Stack","Streamline"],"picked":"Genetic Algorithm","floor":31},{"not_picked":["Buffer","Reboot"],"picked":"All For One","floor":33},{"not_picked":["Rebound","Barrage+1"],"picked":"Gash","floor":35},{"not_picked":["Streamline+1","Redo"],"picked":"Cold Snap+1","floor":35},{"not_picked":["Forethought","PanicButton"],"picked":"Metamorphosis","floor":36},{"not_picked":["Mind Blast","Chrysalis"],"picked":"Panache","floor":36},{"not_picked":["Discovery","Deep Breath"],"picked":"Magnetism","floor":36},{"not_picked":["Conserve Battery+1","Rebound"],"picked":"Doom and Gloom+1","floor":37},{"not_picked":["Compile Driver","Gash+1"],"picked":"Beam Cell","floor":37},{"not_picked":["Compile Driver","All For One"],"picked":"Static Discharge+1","floor":41},{"not_picked":["Skim+1","Cold Snap"],"picked":"Double Energy+1","floor":41},{"not_picked":["Steam","Turbo"],"picked":"Self Repair","floor":44},{"not_picked":["Leap+1","Compile Driver"],"picked":"Undo+1","floor":48}],"player_experience":171467,"relics_obtained":[{"floor":6,"key":"Prayer Wheel"},{"floor":9,"key":"Pantograph"},{"floor":12,"key":"MawBank"},{"floor":14,"key":"Letter Opener"},{"floor":23,"key":"Torii"},{"floor":25,"key":"Lantern"},{"floor":26,"key":"Symbiotic Virus"},{"floor":39,"key":"Potion Belt"},{"floor":43,"key":"Oddly Smooth Stone"},{"floor":44,"key":"Toxic Egg 2"},{"floor":48,"key":"Frozen Egg 2"}],"event_choices":[{"damage_healed":0,"gold_gain":0,"player_choice":"Donut","damage_taken":0,"max_hp_gain":5,"max_hp_loss":0,"event_name":"Big Fish","floor":2,"gold_loss":0},{"damage_healed":0,"gold_gain":175,"player_choice":"AGREE","damage_taken":0,"max_hp_gain":0,"max_hp_loss":0,"event_name":"Liars Game","floor":3,"gold_loss":0,"cards_obtained":["Doubt"]},{"cards_removed":["Doubt"],"damage_healed":0,"gold_gain":0,"player_choice":"Forget","damage_taken":0,"max_hp_gain":0,"max_hp_loss":0,"event_name":"Living Wall","floor":4,"gold_loss":0},{"cards_removed":["Hyperbeam"],"damage_healed":0,"gold_gain":0,"player_choice":"Card Removal","damage_taken":0,"max_hp_gain":0,"max_hp_loss":0,"event_name":"Wheel of Change","floor":20,"gold_loss":0},{"damage_healed":0,"gold_gain":0,"player_choice":"Rummage","damage_taken":0,"relics_obtained":["WarpedTongs"],"max_hp_gain":0,"max_hp_loss":0,"event_name":"Accursed Blacksmith","floor":29,"gold_loss":0,"cards_obtained":["Pain"]},{"damage_healed":0,"gold_gain":0,"player_choice":"Memory 3","damage_taken":10,"max_hp_gain":0,"max_hp_loss":0,"event_name":"SensoryStone","floor":36,"gold_loss":0},{"damage_healed":0,"gold_gain":0,"player_choice":"Embrace Madness","damage_taken":12,"max_hp_gain":0,"max_hp_loss":0,"event_name":"Winding Halls","floor":38,"gold_loss":0,"cards_obtained":["Madness","Madness"]},{"damage_healed":82,"gold_gain":0,"player_choice":"Heal","damage_taken":0,"max_hp_gain":0,"max_hp_loss":12,"event_name":"The Moai Head","floor":45,"gold_loss":0}],"is_beta":false,"boss_relics":[{"not_picked":["Pandora\u0027s Box","Coffee Dripper"],"picked":"energizedSpire:RedRose"},{"not_picked":["Runic Dome","White Beast Statue"],"picked":"Runic Pyramid"}],"items_purged_floors":[28,47],"is_endless":false,"potions_floor_spawned":[1,8,10,13,16,18,22,25,33,41,44],"ascension_level":1}