{"gold_per_floor":[117,292,21,38,3,33,33,49,106,169,169,186,210,229,229,332,332,350,350,370,370,469,469,469,485,560,560],"floor_reached":27,"playtime":851,"items_purged":["Doubt"],"score":261,"play_id":"9a4781aa-7650-43c9-9d3a-461935d4fcc1","local_time":"20181011224645","is_ascension_mode":false,"campfire_choices":[{"data":"Zap","floor":7,"key":"SMITH"},{"data":"Dualcast","floor":11,"key":"SMITH"},{"data":"Hologram","floor":15,"key":"SMITH"},{"floor":23,"key":"REST"}],"neow_cost":"CURSE","seed_source_timestamp":1569303669144486,"circlet_count":0,"master_deck":["Strike_B","Strike_B","Strike_B","Defend_B","Defend_B","Defend_B","Defend_B","Zap+1","Dualcast+1","All For One","Hologram+1","Ball Lightning","Leap","Loop","Ball Lightning","Streamline","Steam","Go for the Eyes","Conserve Battery","Creative AI","Steam Power","Steam","Combust","Consume","Rebound"],"relics":["Cracked Core","Membership Card","Boot","Tiny Chest","Centennial Puzzle","DataDisk","Inserter","Bottled Lightning","Question Card"],"potions_floor_usage":[10,10,16,16,25],"damage_taken":[{"damage":6,"enemies":"Jaw Worm","floor":1,"turns":3},{"damage":0,"enemies":"2 Louse","floor":4,"turns":2},{"damage":19,"enemies":"3 Sentries","floor":6,"turns":6},{"damage":8,"enemies":"Small Slimes","floor":8,"turns":2},{"damage":0,"enemies":"3 Sentries","floor":10,"turns":1},{"damage":7,"enemies":"Exordium Wildlife","floor":12,"turns":4},{"damage":2,"enemies":"Lots of Slimes","floor":14,"turns":4},{"damage":0,"enemies":"Hexaghost","floor":16,"turns":6},{"damage":29,"enemies":"Shell Parasite","floor":18,"turns":4},{"damage":27,"enemies":"3 Byrds","floor":20,"turns":4},{"damage":32,"enemies":"Snake Plant","floor":25,"turns":4},{"damage":13,"enemies":"Slavers","floor":27,"turns":1}],"seed_played":"4478232389903088620","potions_obtained":[{"floor":6,"key":"AttackPotion"},{"floor":8,"key":"AttackPotion"},{"floor":12,"key":"GamblersBrew"},{"floor":14,"key":"Weak Potion"},{"floor":18,"key":"Poison Potion"}],"is_trial":false,"path_per_floor":["M","?","$","M","?","E","R","M","T","?","R","M","T","M","R","B",null,"M","T","M","?","?","R","?","M","T"],"character_chosen":"DEFECT","items_purchased":["Membership Card","Ball Lightning","Leap"],"campfire_rested":1,"item_purchase_floors":[3,3,3],"current_hp_per_floor":[69,69,69,69,75,56,56,48,48,48,48,41,41,39,39,39,75,46,46,19,19,19,41,41,9,9,0],"gold":560,"neow_bonus":"THREE_RARE_CARDS","is_prod":false,"is_daily":false,"chose_seed":false,"campfire_upgraded":3,"win_rate":0,"timestamp":1539287205,"path_taken":["M","?","$","M","?","E","R","M","T","?","R","M","?","?","R","BOSS","M","?","M","?","?","R","?","M","T","E"],"build_version":"2018-10-10","purchased_purges":1,"victory":false,"max_hp_per_floor":[75,75,75,75,75,75,75,75,75,75,75,75,75,75,75,75,75,75,75,75,75,75,75,75,75,75,75],"card_choices":[{"not_picked":["Electrodynamics","Reboot"],"picked":"All For One","floor":0},{"not_picked":["Storm","Redo"],"picked":"Hologram","floor":1},{"not_picked":["Skim","Compile Driver"],"picked":"Loop","floor":4},{"not_picked":["Stack","Compile Driver"],"picked":"Ball Lightning","floor":6},{"not_picked":["Redo","Stack"],"picked":"Streamline","floor":8},{"not_picked":["BootSequence","Steam Power"],"picked":"Steam","floor":10},{"not_picked":["FTL","Skim"],"picked":"Go for the Eyes","floor":12},{"not_picked":["Self Repair","Fusion"],"picked":"Conserve Battery","floor":14},{"not_picked":["Multi-Cast","Seek"],"picked":"Creative AI","floor":16},{"not_picked":["Cold Snap+1","Reprogram"],"picked":"Steam Power","floor":18},{"not_picked":["Stack+1","Heatsinks"],"picked":"Steam","floor":20},{"not_picked":["Coolheaded","Barrage"],"picked":"Rebound","floor":25}],"player_experience":768648,"relics_obtained":[{"floor":6,"key":"Boot"},{"floor":9,"key":"Tiny Chest"},{"floor":10,"key":"Centennial Puzzle"},{"floor":13,"key":"DataDisk"},{"floor":19,"key":"Bottled Lightning"},{"floor":26,"key":"Question Card"}],"event_choices":[{"event_name":"Liars Game","player_choice":"agreed","floor":2,"damage_taken":0},{"event_name":"The Cleric","player_choice":"Healed","floor":5,"damage_taken":0},{"event_name":"Dead Adventurer","player_choice":"Searched \u00272\u0027 times","floor":10,"damage_taken":0},{"event_name":"NoteForYourself","player_choice":"Took Card","floor":21,"damage_taken":0},{"event_name":"Nest","player_choice":"Stole From Cult","floor":22,"damage_taken":0},{"event_name":"Transmorgrifier","player_choice":"Transform","floor":24,"damage_taken":0}],"is_beta":true,"boss_relics":[{"not_picked":["Calling Bell","Busted Crown"],"picked":"Inserter"}],"items_purged_floors":[3],"is_endless":false,"potions_floor_spawned":[6,8,12,14,18],"killed_by":"Slavers","ascension_level":0}