{"gold_per_floor":[113,113,126,145,161,161,195,195,195,208,228,43,43,77,77,172,172,189,200,100,113,124,156,170,202,202,217,217,292,26,43,43,142,192,208,208,43,54,154,180,180,205,205,222,222],"floor_reached":45,"playtime":4944,"items_purged":["Strike_G","Strike_G"],"score":734,"play_id":"963ba7ea-3195-4c6b-9b99-fc68dff119f7","local_time":"20190609125221","is_ascension_mode":true,"campfire_choices":[{"data":"Noxious Fumes","floor":6,"key":"SMITH"},{"data":"Bullet Time","floor":8,"key":"SMITH"},{"data":"Well Laid Plans","floor":15,"key":"SMITH"},{"floor":28,"key":"REST"},{"data":"Noxious Fumes","floor":32,"key":"SMITH"},{"floor":41,"key":"REST"}],"neow_cost":"","seed_source_timestamp":500540214877061,"circlet_count":0,"master_deck":["Defend_G","Defend_G","Defend_G","Defend_G","Defend_G","Strike_G+1","Survivor","Neutralize","Noxious Fumes+1","Cloak And Dagger","Poisoned Stab","Swift Strike","Backflip","Sucker Punch","Cloak And Dagger","Well Laid Plans+1","Deflect","Slice","Bouncing Flask","Dodge and Roll","Bullet Time+1","Dash","Corpse Explosion","Predator","Adrenaline","Dagger Spray","PiercingWail","Calculated Gamble","Dodge and Roll+1","Terror","Leg Sweep+1","PiercingWail","Noxious Fumes+1","Crippling Poison","Deadly Poison","Backflip+1","Burst","Deadly Poison+1","Escape Plan+1","Noxious Fumes","Apotheosis","Dash","PiercingWail+1","Leg Sweep","Backflip+1"],"relics":["Ring of the Snake","Darkstone Periapt","Ancient Tea Set","Pen Nib","Ninja Scroll","Odd Mushroom","Peace Pipe","energizedSpire:DeadBattery","Omamori","PreservedInsect","Prayer Wheel","Oddly Smooth Stone","Tiny House","Unceasing Top","Lantern","Potion Belt","Orichalcum"],"potions_floor_usage":[5,16,23,27,33,33,33,35,42,44],"damage_taken":[{"damage":0,"enemies":"2 Louse","floor":1,"turns":3},{"damage":0,"enemies":"Cultist","floor":3,"turns":3},{"damage":0,"enemies":"Jaw Worm","floor":4,"turns":3},{"damage":18,"enemies":"Exordium Thugs","floor":5,"turns":3},{"damage":7,"enemies":"3 Sentries","floor":7,"turns":6},{"damage":0,"enemies":"3 Louse","floor":10,"turns":2},{"damage":6,"enemies":"The Mushroom Lair","floor":11,"turns":4},{"damage":6,"enemies":"Gremlin Nob","floor":14,"turns":3},{"damage":16,"enemies":"The Guardian","floor":16,"turns":8},{"damage":0,"enemies":"3 Byrds","floor":18,"turns":4},{"damage":1,"enemies":"Chosen","floor":19,"turns":4},{"damage":0,"enemies":"Centurion and Healer","floor":21,"turns":3},{"damage":11,"enemies":"Snecko","floor":22,"turns":5},{"damage":26,"enemies":"Slavers","floor":23,"turns":3},{"damage":12,"enemies":"Cultist and Chosen","floor":24,"turns":6},{"damage":1,"enemies":"Book of Stabbing","floor":25,"turns":6},{"damage":4,"enemies":"Snake Plant","floor":27,"turns":3},{"damage":0,"enemies":"Sentry and Sphere","floor":31,"turns":4},{"damage":11,"enemies":"Automaton","floor":33,"turns":11},{"damage":19,"enemies":"3 Darklings","floor":35,"turns":5},{"damage":0,"enemies":"3 Shapes","floor":38,"turns":6},{"damage":4,"enemies":"Mind Bloom Boss Battle","floor":39,"turns":6},{"damage":34,"enemies":"Reptomancer","floor":40,"turns":6},{"damage":29,"enemies":"Nemesis","floor":42,"turns":5},{"damage":5,"enemies":"Writhing Mass","floor":44,"turns":5},{"damage":12,"enemies":"Reptomancer","floor":45,"turns":2}],"seed_played":"1216140860994198377","potions_obtained":[{"floor":2,"key":"EssenceOfSteel"},{"floor":2,"key":"GhostInAJar"},{"floor":2,"key":"SmokeBomb"},{"floor":3,"key":"AttackPotion"},{"floor":5,"key":"FearPotion"},{"floor":10,"key":"PowerPotion"},{"floor":14,"key":"PowerPotion"},{"floor":16,"key":"GamblersBrew"},{"floor":24,"key":"Fire Potion"},{"floor":25,"key":"AttackPotion"},{"floor":27,"key":"Explosive Potion"},{"floor":31,"key":"Regen Potion"},{"floor":34,"key":"AttackPotion"},{"floor":35,"key":"GamblersBrew"},{"floor":42,"key":"Swift Potion"}],"is_trial":false,"path_per_floor":["M","?","M","M","M","R","E","R","T","M","?","$","?","E","R","B",null,"M","M","$","M","M","E","M","E","T","M","R","?","$","M","R","B",null,"M","?","$","M","?","E","R","E","T","M","E"],"character_chosen":"THE_SILENT","items_purchased":["Noxious Fumes","Cloak And Dagger","Poisoned Stab","Swift Strike","Backflip","Darkstone Periapt","Ancient Tea Set","Cloak And Dagger","Well Laid Plans","Deflect","Corpse Explosion","Predator","Oddly Smooth Stone","Noxious Fumes","Crippling Poison","Apotheosis"],"campfire_rested":2,"item_purchase_floors":[0,0,0,0,0,0,0,0,0,0,12,12,30,30,30,37],"current_hp_per_floor":[70,70,70,70,52,52,45,45,45,45,39,39,39,33,33,17,70,70,69,69,69,58,32,20,19,19,15,36,29,29,29,29,33,75,56,56,56,56,52,18,40,11,11,6,0],"gold":222,"neow_bonus":"","is_prod":false,"is_daily":false,"chose_seed":false,"campfire_upgraded":4,"win_rate":0,"timestamp":1560073941,"path_taken":["M","?","M","?","M","R","E","R","T","?","?","?","?","E","R","BOSS","M","M","$","M","M","E","M","E","T","M","R","?","$","M","R","BOSS","M","?","?","M","?","E","R","E","T","M","E"],"build_version":"2019-01-23","purchased_purges":2,"victory":false,"max_hp_per_floor":[70,70,70,70,70,70,70,70,70,70,70,70,70,70,70,70,70,70,70,70,70,70,70,70,70,70,70,70,70,70,70,70,70,75,75,75,75,75,75,75,75,75,75,75,75],"card_choices":[{"not_picked":["Distraction","Infinite Blades","Quick Slash"],"picked":"SKIP","floor":1},{"not_picked":["Endless Agony","Acrobatics"],"picked":"Slice","floor":3},{"not_picked":["Poisoned Stab","Deflect"],"picked":"Bouncing Flask","floor":4},{"not_picked":["Backflip","Expertise"],"picked":"Dodge and Roll","floor":5},{"not_picked":["Blade Dance","Grand Finale"],"picked":"Bullet Time","floor":7},{"not_picked":["Dagger Spray","Masterful Stab"],"picked":"Dash","floor":10},{"not_picked":["Cloak And Dagger","Sucker Punch","Bane"],"picked":"SKIP","floor":14},{"not_picked":["Bullet Time","Doppelganger"],"picked":"Adrenaline","floor":16},{"not_picked":["Concentrate","Blur"],"picked":"Dagger Spray","floor":18},{"not_picked":["Blade Dance","Flying Knee+1","Bane"],"picked":"SKIP","floor":19},{"not_picked":["Heel Hook+1","Eviscerate"],"picked":"PiercingWail","floor":21},{"not_picked":["Flying Knee","Sucker Punch","Quick Slash"],"picked":"SKIP","floor":22},{"not_picked":["Bouncing Flask","Dodge and Roll"],"picked":"Calculated Gamble","floor":23},{"not_picked":["Outmaneuver","Finisher"],"picked":"Dodge and Roll+1","floor":24},{"not_picked":["Flechettes","Underhanded Strike"],"picked":"Terror","floor":25},{"not_picked":["Envenom","Caltrops"],"picked":"Leg Sweep+1","floor":27},{"not_picked":["Prepared+1","PiercingWail","Quick Slash"],"picked":"SKIP","floor":27},{"not_picked":["Prepared+1","Quick Slash"],"picked":"PiercingWail","floor":27},{"not_picked":["Riddle With Holes","Masterful Stab"],"picked":"Deadly Poison","floor":31},{"not_picked":["Acrobatics","Outmaneuver"],"picked":"Backflip+1","floor":31},{"not_picked":["After Image","Bullet Time"],"picked":"Burst","floor":33},{"not_picked":["Dagger Spray+1","Sucker Punch"],"picked":"Deadly Poison+1","floor":34},{"not_picked":["Dodge and Roll","Backstab"],"picked":"Escape Plan+1","floor":35},{"not_picked":["Accuracy","Acrobatics"],"picked":"Noxious Fumes","floor":35},{"not_picked":["Setup+1","Escape Plan+1"],"picked":"Dash","floor":38},{"not_picked":["Choke","Backflip+1","Acrobatics+1"],"picked":"SKIP","floor":38},{"not_picked":["Infinite Blades+1","Underhanded Strike+1","Escape Plan"],"picked":"SKIP","floor":40},{"not_picked":["Crippling Poison","Dodge and Roll+1"],"picked":"PiercingWail+1","floor":42},{"not_picked":["Blade Dance","Infinite Blades+1"],"picked":"Leg Sweep","floor":44},{"not_picked":["Deadly Poison+1","Cloak And Dagger"],"picked":"Backflip+1","floor":44}],"player_experience":163776,"relics_obtained":[{"floor":7,"key":"Pen Nib"},{"floor":9,"key":"Ninja Scroll"},{"floor":11,"key":"Odd Mushroom"},{"floor":14,"key":"Peace Pipe"},{"floor":23,"key":"Omamori"},{"floor":25,"key":"PreservedInsect"},{"floor":26,"key":"Prayer Wheel"},{"floor":39,"key":"Unceasing Top"},{"floor":40,"key":"Lantern"},{"floor":42,"key":"Potion Belt"},{"floor":43,"key":"Orichalcum"}],"event_choices":[{"damage_healed":0,"gold_gain":0,"player_choice":"Got Potions","damage_taken":0,"max_hp_gain":0,"max_hp_loss":0,"event_name":"Lab","floor":2,"gold_loss":0},{"damage_healed":0,"gold_gain":0,"player_choice":"Fought Mushrooms","damage_taken":0,"max_hp_gain":0,"max_hp_loss":0,"event_name":"Mushrooms","floor":11,"gold_loss":0},{"cards_removed":["Strike_G"],"damage_healed":0,"gold_gain":0,"player_choice":"Purged","damage_taken":0,"max_hp_gain":0,"max_hp_loss":0,"event_name":"Purifier","floor":13,"gold_loss":0},{"damage_healed":0,"gold_gain":75,"player_choice":"Touch","damage_taken":7,"max_hp_gain":0,"max_hp_loss":0,"event_name":"FaceTrader","floor":29,"gold_loss":0},{"cards_removed":["Strike_G"],"damage_healed":0,"gold_gain":0,"player_choice":"Purged","damage_taken":0,"max_hp_gain":0,"max_hp_loss":0,"event_name":"Purifier","floor":36,"gold_loss":0},{"damage_healed":0,"gold_gain":0,"player_choice":"Fight","damage_taken":0,"max_hp_gain":0,"max_hp_loss":0,"event_name":"MindBloom","floor":39,"gold_loss":0}],"is_beta":false,"boss_relics":[{"not_picked":["Busted Crown","Calling Bell"],"picked":"energizedSpire:DeadBattery"},{"not_picked":["Snecko Eye","Lizard Tail"],"picked":"Tiny House"}],"items_purged_floors":[0,20],"is_endless":false,"potions_floor_spawned":[3,5,10,14,16,24,25,27,31,35,42],"killed_by":"Reptomancer","ascension_level":1}