{"gold_per_floor":[416,416,491,491,21,53,53,81,81,110,123,186,186,212,212,315,315,328,328,5,25,25,60,60,94,94,120,120,138,163,20,20,123,123,133,147,193,213,223,223,252,262,262,262,287,304,2,59,59,59],"floor_reached":51,"playtime":2452,"items_purged":[],"score":1487,"play_id":"77b59879-3d7f-4faf-848d-1a741241b9f4","local_time":"20180628051723","daily_mods":["Draft","Heirloom","Allstar","Time Dilation","Elite Swarm","Vintage","Hoarder"],"is_ascension_mode":false,"campfire_choices":[{"data":"All For One","floor":7,"key":"SMITH"},{"data":"Jack Of All Trades","floor":13,"key":"SMITH"},{"data":"Jack Of All Trades","floor":15,"key":"SMITH"},{"data":"Jack Of All Trades","floor":24,"key":"SMITH"},{"data":"FTL","floor":28,"key":"SMITH"},{"data":"FTL","floor":32,"key":"SMITH"},{"data":"Echo Form","floor":40,"key":"SMITH"},{"data":"Buffer","floor":44,"key":"SMITH"},{"data":"Tempest","floor":49,"key":"SMITH"}],"neow_cost":"","seed_source_timestamp":0,"circlet_count":0,"master_deck":["Static Discharge","Static Discharge","Static Discharge","Beam Cell","Beam Cell","Beam Cell","Tempest+1","Tempest+1","Tempest+1","Ball Lightning","Ball Lightning+1","Ball Lightning","Streamline","Streamline","Streamline+1","Streamline","Streamline","FTL+1","FTL+1","FTL","Defragment","Defragment","Defragment","Jack Of All Trades+1","Jack Of All Trades+1","Jack Of All Trades+1","All For One+1","All For One","All For One","Electrodynamics","Electrodynamics","Electrodynamics","Reboot+1","Reboot+1","Reboot+1","Turbo+1","Turbo+1","Turbo+1","Buffer+1","Buffer","Buffer","Ghostly+1","Ghostly+1","Ghostly+1","Ghostly+1","Ghostly+1","Ghostly+1","Ghostly+1","Ghostly+1","Ghostly+1","Ghostly+1","Ghostly+1","Ghostly+1","Ghostly+1","Ghostly+1","Ghostly+1","Scrape","Scrape","Scrape","Echo Form","Echo Form","Echo Form+1","Seek+1","Seek+1","Seek+1","Seek+1","Seek+1","Seek+1","Amplify+1","Amplify+1","Amplify+1","Redo+1","Redo+1","Redo+1","Buffer+1","Buffer+1","Buffer+1","Hologram+1","Hologram+1","Hologram+1","Finesse+1","Finesse+1","Finesse+1"],"relics":["Cracked Core","Old Coin","Bronze Scales","Cables","Smiling Mask","Toxic Egg 2","Dream Catcher","Boot","Strawberry","Blood Vial","Sundial","Bag of Marbles","Runic Dome","Darkstone Periapt","Shuriken","Art of War","Gremlin Horn","Anchor","Singing Bowl","Bird Faced Urn","Mercury Hourglass","Oddly Smooth Stone","War Paint","Ornamental Fan","Black Star","Bottled Tornado","Vajra","Ice Cream","Bag of Preparation","Frozen Egg 2","Regal Pillow","Potion Belt","Orichalcum","Pen Nib","Turnip","Gambling Chip","Juzu Bracelet","Ancient Tea Set","Omamori","Tiny Chest"],"potions_floor_usage":[16,23,33,45,45,50,50,50],"damage_taken":[{"damage":0,"enemies":"Jaw Worm","floor":1,"turns":1},{"damage":0,"enemies":"Gremlin Nob","floor":6,"turns":2},{"damage":16,"enemies":"3 Sentries","floor":8,"turns":3},{"damage":6,"enemies":"Gremlin Nob","floor":10,"turns":2},{"damage":0,"enemies":"Cultist","floor":11,"turns":2},{"damage":0,"enemies":"Gremlin Nob","floor":12,"turns":1},{"damage":0,"enemies":"Lagavulin","floor":14,"turns":3},{"damage":0,"enemies":"Hexaghost","floor":16,"turns":1},{"damage":0,"enemies":"Spheric Guardian","floor":18,"turns":1},{"damage":0,"enemies":"Chosen","floor":21,"turns":2},{"damage":2,"enemies":"Slavers","floor":23,"turns":3},{"damage":9,"enemies":"Gremlin Leader","floor":25,"turns":2},{"damage":0,"enemies":"Slavers","floor":27,"turns":2},{"damage":2,"enemies":"3 Cultists","floor":29,"turns":3},{"damage":0,"enemies":"Book of Stabbing","floor":30,"turns":2},{"damage":0,"enemies":"Champ","floor":33,"turns":1},{"damage":0,"enemies":"3 Darklings","floor":35,"turns":2},{"damage":0,"enemies":"3 Shapes","floor":36,"turns":2},{"damage":0,"floor":37,"turns":1},{"damage":9,"enemies":"3 Darklings","floor":38,"turns":2},{"damage":0,"enemies":"4 Shapes","floor":39,"turns":1},{"damage":0,"enemies":"2 Orb Walkers","floor":41,"turns":2},{"damage":0,"enemies":"Maw","floor":42,"turns":1},{"damage":0,"enemies":"Giant Head","floor":45,"turns":1},{"damage":0,"enemies":"Spire Growth","floor":46,"turns":2},{"damage":0,"enemies":"2 Orb Walkers","floor":48,"turns":1},{"damage":0,"enemies":"Time Eater","floor":50,"turns":5}],"seed_played":"6959553286310341811","potions_obtained":[{"floor":6,"key":"SpeedPotion"},{"floor":10,"key":"Dexterity Potion"},{"floor":12,"key":"SpeedPotion"},{"floor":14,"key":"AttackPotion"},{"floor":16,"key":"FearPotion"},{"floor":18,"key":"GamblersBrew"},{"floor":27,"key":"SpeedPotion"},{"floor":37,"key":"Swift Potion"},{"floor":39,"key":"AttackPotion"},{"floor":41,"key":"LiquidBronze"},{"floor":46,"key":"Regen Potion"},{"floor":48,"key":"EssenceOfSteel"}],"is_trial":true,"path_per_floor":["M","?","?","?","$","E","R","E","T","E","M","?","R","E","R","B",null,"M","?","$","M","?","E","R","E","T","E","R","M","E","$","R","B",null,"M","M","?","M","M","R","E","M","T","R","E","M","$","E","R","B"],"character_chosen":"DEFECT","items_purchased":["Cables","FTL","Defragment","Jack Of All Trades","Shuriken","Scrape","War Paint","Hologram+1","Finesse+1","Ancient Tea Set"],"campfire_rested":0,"item_purchase_floors":[5,5,5,5,20,20,31,47,47,47],"current_hp_per_floor":[75,75,64,49,49,49,49,33,33,27,34,36,36,38,38,40,82,82,41,41,41,41,39,39,32,32,34,34,40,41,41,41,41,41,41,41,41,32,36,36,42,43,43,43,43,43,43,45,45,45],"gold":59,"neow_bonus":"","is_prod":false,"is_daily":false,"chose_seed":false,"campfire_upgraded":9,"win_rate":0,"timestamp":1530152243,"path_taken":["M","?","?","?","$","E","R","E","T","E","M","?","R","E","R","BOSS","M","?","?","?","?","E","R","E","T","E","R","M","E","$","R","BOSS","M","?","?","M","M","R","E","M","T","R","E","M","$","E","R","BOSS"],"build_version":"2018-06-26","purchased_purges":0,"victory":true,"max_hp_per_floor":[75,75,75,75,75,75,75,75,75,75,82,82,82,82,82,82,82,82,41,41,41,41,41,41,41,41,41,41,41,41,41,41,41,41,41,41,41,41,41,41,43,43,43,43,43,43,43,45,45,45],"card_choices":[{"not_picked":["Lockon","Cold Snap"],"picked":"Static Discharge","floor":0},{"not_picked":["Compile Driver","Static Discharge"],"picked":"Beam Cell","floor":0},{"not_picked":["Sweeping Beam","Stack"],"picked":"Tempest","floor":0},{"not_picked":["Stack","Rip and Tear"],"picked":"Ball Lightning","floor":0},{"not_picked":["Coolheaded","Reinforced Body"],"picked":"Streamline","floor":0},{"not_picked":["Ball Lightning","Heatsinks"],"picked":"Streamline","floor":0},{"not_picked":["Machine Learning","Seek"],"picked":"All For One","floor":6},{"not_picked":["Multi-Cast","Hyperbeam"],"picked":"Electrodynamics","floor":8},{"not_picked":["Core Surge","All For One"],"picked":"Reboot+1","floor":10},{"not_picked":["Darkness+1","Coolheaded+1"],"picked":"Turbo+1","floor":12},{"not_picked":["Rainbow+1","Machine Learning"],"picked":"Buffer","floor":14},{"not_picked":["All For One","Meteor Strike"],"picked":"Echo Form","floor":23},{"not_picked":["Fission+1","Hyperbeam","Thunder Strike"],"picked":"SKIP","floor":25},{"not_picked":["Meteor Strike","Core Surge"],"picked":"Seek+1","floor":27},{"not_picked":["Reboot+1","Core Surge"],"picked":"Seek+1","floor":30},{"not_picked":["Rainbow+1","Buffer"],"picked":"Amplify+1","floor":33},{"not_picked":["Melter","Cold Snap+1"],"picked":"Redo+1","floor":37},{"not_picked":["Electrodynamics+1","Rainbow+1","Meteor Strike"],"picked":"Singing Bowl","floor":41},{"not_picked":["Machine Learning+1","Meteor Strike"],"picked":"Buffer+1","floor":45},{"not_picked":["Biased Cognition+1","All For One","Amplify+1"],"picked":"Singing Bowl","floor":48}],"player_experience":527871,"relics_obtained":[{"floor":1,"key":"Bronze Scales"},{"floor":6,"key":"Smiling Mask"},{"floor":8,"key":"Toxic Egg 2"},{"floor":9,"key":"Dream Catcher"},{"floor":10,"key":"Boot"},{"floor":11,"key":"Strawberry"},{"floor":14,"key":"Sundial"},{"floor":16,"key":"Bag of Marbles"},{"floor":18,"key":"Darkstone Periapt"},{"floor":21,"key":"Art of War"},{"floor":23,"key":"Gremlin Horn"},{"floor":25,"key":"Anchor"},{"floor":26,"key":"Singing Bowl"},{"floor":27,"key":"Bird Faced Urn"},{"floor":29,"key":"Mercury Hourglass"},{"floor":30,"key":"Oddly Smooth Stone"},{"floor":33,"key":"Ornamental Fan"},{"floor":35,"key":"Bottled Tornado"},{"floor":36,"key":"Vajra"},{"floor":37,"key":"Ice Cream"},{"floor":38,"key":"Bag of Preparation"},{"floor":39,"key":"Frozen Egg 2"},{"floor":41,"key":"Regal Pillow"},{"floor":41,"key":"Potion Belt"},{"floor":42,"key":"Orichalcum"},{"floor":43,"key":"Pen Nib"},{"floor":45,"key":"Turnip"},{"floor":45,"key":"Gambling Chip"},{"floor":46,"key":"Juzu Bracelet"},{"floor":48,"key":"Omamori"},{"floor":48,"key":"Tiny Chest"}],"event_choices":[{"event_name":"Purifier","player_choice":"One Purge","floor":2,"damage_taken":0},{"event_name":"World of Goop","player_choice":"Gather Gold","floor":3,"damage_taken":0},{"event_name":"Shining Light","player_choice":"Entered Light","floor":4,"damage_taken":0},{"event_name":"Dead Adventurer","player_choice":"Searched \u00272\u0027 times","floor":12,"damage_taken":0},{"event_name":"Ghosts","player_choice":"Became a Ghost","floor":19,"damage_taken":0},{"event_name":"Addict","player_choice":"Ignored","floor":22,"damage_taken":0},{"event_name":"Mysterious Sphere","player_choice":"Fight","floor":37,"damage_taken":0}],"boss_relics":[{"not_picked":["Busted Crown","Astrolabe"],"picked":"Runic Dome"},{"not_picked":["Calling Bell","Philosopher\u0027s Stone"],"picked":"Black Star"}],"items_purged_floors":[],"is_endless":false,"potions_floor_spawned":[6,10,12,14,16,18,27,29,37,39,41,46,48],"ascension_level":0}