{"gold_per_floor":[110,110,13,24,38,73,73,105,130,130,160,176,204,218,218,316,316,328,328,378,389,404,404,432,448,448,475,23,23,23,51,51,153,153,168,168,268,291,305,305,333,333,333,333,361,379,379,409,409,409,409,409,51,79,79],"floor_reached":56,"playtime":3427,"items_purged":["Strike_R"],"score":1537,"play_id":"86ebaa1d-8c67-4256-b963-67a92c7bcaa4","local_time":"20190104140134","is_ascension_mode":true,"campfire_choices":[{"data":"Bash","floor":7,"key":"SMITH"},{"data":"strawberrySpire:PumpUp","floor":10,"key":"SMITH"},{"data":"Seeing Red","floor":15,"key":"SMITH"},{"data":"strawberrySpire:Hellbender","floor":23,"key":"SMITH"},{"data":"Second Wind","floor":30,"key":"SMITH"},{"data":"Metallicize","floor":32,"key":"SMITH"},{"floor":40,"key":"RECALL"},{"floor":44,"key":"REST"},{"floor":47,"key":"REST"},{"floor":49,"key":"REST"},{"floor":52,"key":"REST"}],"neow_cost":"NONE","seed_source_timestamp":140720449870658,"circlet_count":0,"master_deck":["Strike_R","Strike_R","Strike_R","Strike_R","Defend_R","Defend_R+1","Defend_R","Defend_R","Bash+1","Clash","strawberrySpire:FireDrill","Headbutt+1","strawberrySpire:PumpUp+1","Anger","Clothesline","Heavy Blade+1","Seeing Red+1","strawberrySpire:Hellbender+1","strawberrySpire:ZonePlayer+1","Second Wind+1","Shrug It Off+1","strawberrySpire:Overwork+1","Armaments","Flex+1","strawberrySpire:Hellbender+1","strawberrySpire:Hellbender+1","strawberrySpire:Hellbender+1","strawberrySpire:Hellbender+1","strawberrySpire:Hellbender+1","Shame","Metallicize+1","Fiend Fire","Metallicize","Madness","Madness","True Grit+1","Infernal Blade+1","Seeing Red","Finesse","Bandage Up","Magnetism","strawberrySpire:Overwork+1","strawberrySpire:CrashLanding+1","Corruption","Metallicize+1"],"relics":["Burning Blood","NeowsBlessing","PreservedInsect","strawberrySpire:ElefentMask","Matryoshka","Meat on the Bone","Orichalcum","Dead Branch","Odd Mushroom","strawberrySpire:Dictionifier","strawberrySpire:MawJerky","Whetstone","Pen Nib","Bottled Lightning","strawberrySpire:WyrmJar","strawberrySpire:BrokenPrinter","strawberrySpire:KineticCharger","War Paint","Fusion Hammer","Mango","Bronze Scales","Vajra","Art of War","Question Card","ClockworkSouvenir","Oddly Smooth Stone","Lantern"],"potions_floor_usage":[6,8,25,45,55,55,55],"damage_taken":[{"damage":0,"enemies":"Jaw Worm","floor":1,"turns":1},{"damage":0,"enemies":"Cultist","floor":4,"turns":1},{"damage":0,"enemies":"2 Louse","floor":5,"turns":1},{"damage":7,"enemies":"Gremlin Nob","floor":6,"turns":3},{"damage":15,"enemies":"Lagavulin","floor":8,"turns":3},{"damage":12,"enemies":"strawberrySpire:EnergyPylons","floor":11,"turns":3},{"damage":4,"enemies":"Looter","floor":12,"turns":3},{"damage":8,"enemies":"The Mushroom Lair","floor":13,"turns":4},{"damage":0,"enemies":"Lots of Slimes","floor":14,"turns":1},{"damage":52,"enemies":"The Guardian","floor":16,"turns":7},{"damage":11,"enemies":"Shell Parasite","floor":18,"turns":4},{"damage":20,"enemies":"3 Byrds","floor":21,"turns":5},{"damage":16,"enemies":"Centurion and Healer","floor":22,"turns":6},{"damage":34,"enemies":"strawberrySpire:AncientClocktower","floor":24,"turns":7},{"damage":7,"enemies":"Snake Plant","floor":25,"turns":3},{"damage":16,"enemies":"Gremlin Leader","floor":27,"turns":5},{"damage":19,"enemies":"Slavers","floor":31,"turns":4},{"damage":14,"enemies":"Automaton","floor":33,"turns":7},{"damage":6,"enemies":"Orb Walker","floor":35,"turns":3},{"damage":0,"enemies":"Mind Bloom Boss Battle","floor":37,"turns":3},{"damage":21,"enemies":"3 Shapes","floor":39,"turns":7},{"damage":23,"enemies":"Reptomancer","floor":41,"turns":5},{"damage":0,"enemies":"Giant Head","floor":45,"turns":4},{"damage":0,"enemies":"Writhing Mass","floor":46,"turns":4},{"damage":11,"enemies":"Reptomancer","floor":48,"turns":3},{"damage":53,"enemies":"Donu and Deca","floor":50,"turns":5},{"damage":16,"enemies":"Shield and Spear","floor":54,"turns":3},{"damage":4,"enemies":"The Heart","floor":55,"turns":4}],"seed_played":"-3932736107683955054","potions_obtained":[{"floor":4,"key":"AttackPotion"},{"floor":6,"key":"PowerPotion"},{"floor":8,"key":"Fire Potion"},{"floor":12,"key":"Ancient Potion"},{"floor":22,"key":"BloodPotion"},{"floor":24,"key":"PowerPotion"},{"floor":33,"key":"SpeedPotion"},{"floor":46,"key":"Dexterity Potion"}],"is_trial":false,"path_per_floor":["M","?","$","M","M","E","R","E","T","R","E","M","?","M","R","B",null,"M","?","?","M","M","R","E","M","T","E","$","?","R","E","R","B",null,"M","?","?","T","M","R","E","?","T","R","E","M","R","E","R","B",null,"R","$","E","B",null],"character_chosen":"IRONCLAD","items_purchased":["Clash","strawberrySpire:WyrmJar","strawberrySpire:BrokenPrinter","ClockworkSouvenir","Oddly Smooth Stone"],"campfire_rested":4,"item_purchase_floors":[3,28,28,53,53],"current_hp_per_floor":[80,80,80,80,80,79,79,70,70,70,64,66,64,70,70,36,80,75,60,60,58,60,60,44,51,51,57,57,57,57,60,60,64,93,93,81,101,101,86,86,73,63,63,96,110,115,115,114,119,72,119,119,119,113,121],"gold":79,"neow_bonus":"THREE_ENEMY_KILL","is_prod":false,"is_daily":false,"chose_seed":false,"campfire_upgraded":6,"win_rate":0,"timestamp":1546599694,"path_taken":["M","?","$","M","?","E","R","E","T","R","E","M","?","M","R","BOSS","M","?","?","?","M","R","E","M","T","E","$","?","R","E","R","BOSS","M","?","?","?","M","R","E","?","T","R","E","M","R","E","R","BOSS","R","$","E","BOSS"],"build_version":"2019-01-03v3","purchased_purges":1,"victory":true,"max_hp_per_floor":[80,80,80,80,80,80,80,80,80,80,80,80,80,80,80,80,80,80,85,85,85,85,85,85,85,85,89,89,89,89,93,93,93,93,93,93,107,107,107,107,111,111,111,111,115,115,115,119,119,119,119,119,119,123,123],"card_choices":[{"not_picked":["Thunderclap","Reckless Charge"],"picked":"strawberrySpire:DangerMountain","floor":1},{"not_picked":["strawberrySpire:DebrisPile","Sword Boomerang","strawberrySpire:JustAWound"],"picked":"SKIP","floor":4},{"not_picked":["Perfected Strike","strawberrySpire:Spite"],"picked":"strawberrySpire:FireDrill","floor":5},{"not_picked":["Thunderclap","True Grit"],"picked":"Headbutt","floor":6},{"not_picked":["strawberrySpire:CrashLanding","Entrench"],"picked":"strawberrySpire:PumpUp","floor":8},{"not_picked":["strawberrySpire:Aggression","Armaments"],"picked":"Anger","floor":11},{"not_picked":["Dark Embrace","strawberrySpire:ZonePlayer"],"picked":"Clothesline","floor":12},{"not_picked":["Sword Boomerang","strawberrySpire:DebrisPile"],"picked":"Heavy Blade","floor":13},{"not_picked":["Berserk","Evolve"],"picked":"Seeing Red","floor":14},{"not_picked":["strawberrySpire:Harvest","Fiend Fire"],"picked":"strawberrySpire:Hellbender","floor":16},{"not_picked":["Twin Strike","Blood for Blood"],"picked":"strawberrySpire:ZonePlayer+1","floor":18},{"not_picked":["Pommel Strike+1","Havoc+1"],"picked":"Second Wind","floor":21},{"not_picked":["Sever Soul","Clash"],"picked":"Shrug It Off+1","floor":22},{"not_picked":["strawberrySpire:DraftPunk","True Grit+1"],"picked":"strawberrySpire:Overwork","floor":24},{"not_picked":["Flex","Clash"],"picked":"Armaments","floor":25},{"not_picked":["strawberrySpire:DraftPunk","Feed"],"picked":"Flex+1","floor":27},{"not_picked":["strawberrySpire:Endurance","Thunderclap"],"picked":"Metallicize","floor":31},{"not_picked":["strawberrySpire:Beatdown","Barricade"],"picked":"Fiend Fire","floor":33},{"not_picked":["Flex+1","Headbutt+1"],"picked":"Metallicize","floor":35},{"not_picked":["strawberrySpire:Endurance","Clash"],"picked":"True Grit+1","floor":37},{"not_picked":["Twin Strike","Fire Breathing"],"picked":"Infernal Blade+1","floor":39},{"not_picked":["Armaments+1","Carnage+1"],"picked":"Seeing Red","floor":41},{"not_picked":["strawberrySpire:Flashback","Forethought"],"picked":"Finesse","floor":42},{"not_picked":["Secret Technique","Panacea"],"picked":"Bandage Up","floor":42},{"not_picked":["Thinking Ahead","Dramatic Entrance"],"picked":"Magnetism","floor":42},{"not_picked":["Thunderclap+1","Rampage+1"],"picked":"strawberrySpire:Overwork+1","floor":45},{"not_picked":["Pommel Strike","Combust+1"],"picked":"strawberrySpire:CrashLanding+1","floor":46},{"not_picked":["Spot Weakness","strawberrySpire:Aggression"],"picked":"Corruption","floor":48},{"not_picked":["Rupture+1","strawberrySpire:Endurance+1","strawberrySpire:CrashLanding"],"picked":"Metallicize+1","floor":54}],"player_experience":1032129,"relics_obtained":[{"floor":6,"key":"strawberrySpire:ElefentMask"},{"floor":8,"key":"Matryoshka"},{"floor":9,"key":"Meat on the Bone"},{"floor":9,"key":"Orichalcum"},{"floor":11,"key":"Dead Branch"},{"floor":13,"key":"Odd Mushroom"},{"floor":24,"key":"strawberrySpire:MawJerky"},{"floor":26,"key":"Whetstone"},{"floor":26,"key":"Pen Nib"},{"floor":27,"key":"Bottled Lightning"},{"floor":31,"key":"War Paint"},{"floor":37,"key":"Mango"},{"floor":41,"key":"Bronze Scales"},{"floor":43,"key":"Vajra"},{"floor":45,"key":"Art of War"},{"floor":48,"key":"Question Card"},{"floor":54,"key":"Lantern"}],"event_choices":[{"cards_removed":["strawberrySpire:DangerMountain"],"damage_healed":0,"gold_gain":0,"player_choice":"Gave Card","damage_taken":0,"relics_obtained":["PreservedInsect"],"max_hp_gain":0,"max_hp_loss":0,"event_name":"WeMeetAgain","floor":2,"gold_loss":0},{"damage_healed":0,"gold_gain":0,"player_choice":"Fought Mushrooms","damage_taken":0,"max_hp_gain":0,"max_hp_loss":0,"event_name":"Mushrooms","floor":13,"gold_loss":0},{"damage_healed":0,"gold_gain":0,"player_choice":"Shed Blood","damage_taken":20,"max_hp_gain":5,"max_hp_loss":0,"event_name":"Forgotten Altar","floor":19,"gold_loss":0},{"damage_healed":0,"gold_gain":100,"player_choice":"Bet on Murderer","damage_taken":0,"max_hp_gain":0,"max_hp_loss":0,"event_name":"The Joust","floor":20,"gold_loss":50},{"damage_healed":0,"gold_gain":0,"player_choice":"Stole Relic","damage_taken":0,"relics_obtained":["strawberrySpire:KineticCharger"],"max_hp_gain":0,"max_hp_loss":0,"event_name":"Addict","floor":29,"gold_loss":0,"cards_obtained":["Shame"]},{"damage_healed":0,"gold_gain":0,"player_choice":"Embrace Madness","damage_taken":12,"max_hp_gain":0,"max_hp_loss":0,"event_name":"Winding Halls","floor":36,"gold_loss":0,"cards_obtained":["Madness","Madness"]},{"damage_healed":0,"gold_gain":0,"player_choice":"Fight","damage_taken":0,"max_hp_gain":0,"max_hp_loss":0,"event_name":"MindBloom","floor":37,"gold_loss":0},{"damage_healed":0,"gold_gain":0,"player_choice":"Memory 3","damage_taken":10,"max_hp_gain":0,"max_hp_loss":0,"event_name":"SensoryStone","floor":42,"gold_loss":0}],"is_beta":true,"boss_relics":[{"not_picked":["Cursed Key","Coffee Dripper"],"picked":"strawberrySpire:Dictionifier"},{"not_picked":["Orrery","Runic Pyramid"],"picked":"Fusion Hammer"}],"items_purged_floors":[3],"is_endless":false,"potions_floor_spawned":[4,6,8,12,22,24,33,46],"ascension_level":1}