{"gold_per_floor":[124,151,163,175,199,211,223,269,349,361,384,416,463,485,497,613,625,655,667,779,890,913,925,963,975,1013,1025,1057,1097,1128,407,407,505,505,523,483,23,35,35,35,60,160,160,160,177,31,31,31,31,31],"floor_reached":51,"playtime":3094,"items_purged":["Shame"],"score":846,"play_id":"ad95bf0f-d87d-4319-b075-29e490b041cc","local_time":"20181031165028","is_ascension_mode":false,"campfire_choices":[{"data":"Cold Snap","floor":6.0,"key":"SMITH"},{"data":"Zap","floor":10.0,"key":"SMITH"},{"data":"Redo","floor":15.0,"key":"SMITH"},{"floor":23.0,"key":"REST"},{"data":"Consume","floor":25.0,"key":"SMITH"},{"data":"Dualcast","floor":27.0,"key":"SMITH"},{"floor":32.0,"key":"REST"},{"data":"Capacitor","floor":40,"key":"SMITH"},{"data":"Beam Cell","floor":44,"key":"SMITH"},{"data":"Glacier","floor":49,"key":"SMITH"}],"neow_cost":"NONE","seed_source_timestamp":0,"circlet_count":0,"master_deck":["Strike_B","Strike_B","Strike_B+1","Defend_B","Defend_B","Defend_B+1","Zap+1","Dualcast+1","Ball Lightning","Cold Snap+1","Consume+1","Compile Driver","Go for the Eyes","Beam Cell","Leap+1","Darkness+1","Redo+1","Echo Form","Glacier+1","Sweeping Beam+1","Amplify+1","Reinforced Body+1","Sunder+1","Hologram+1","Capacitor+1","Enlightenment+1","Rebound","All For One","Conserve Battery+1","Beam Cell+1","Genetic Algorithm+1","Double Energy+1","Defragment+1","Ball Lightning+1","FTL+1","Turbo+1","Zap+1","Echo Form","Cold Snap+1","Doom and Gloom+1"],"special_seed":0,"relics":["Cracked Core","MawBank","Blue Candle","Dodecahedron","Gremlin Horn","FossilizedHelix","Cursed Key","StoneCalendar","Toxic Egg 2","Juzu Bracelet","Lantern","Pear","Medical Kit","Bronze Scales","Orichalcum","Orrery","Pantograph","MealTicket","Oddly Smooth Stone","Emotion Chip","Symbiotic Virus","War Paint"],"potions_floor_usage":[41,45,50,50],"damage_taken":[{"damage":0.0,"enemies":"2 Louse","floor":1.0,"turns":2.0},{"damage":1.0,"enemies":"Jaw Worm","floor":2.0,"turns":3.0},{"damage":0.0,"enemies":"Small Slimes","floor":5.0,"turns":2.0},{"damage":10.0,"enemies":"Gremlin Nob","floor":8.0,"turns":4.0},{"damage":8.0,"enemies":"3 Louse","floor":11.0,"turns":2.0},{"damage":6.0,"enemies":"Gremlin Gang","floor":12.0,"turns":3.0},{"damage":3.0,"enemies":"3 Sentries","floor":13.0,"turns":5.0},{"damage":0.0,"enemies":"Blue Slaver","floor":14.0,"turns":3.0},{"damage":0.0,"enemies":"Hexaghost","floor":16.0,"turns":8.0},{"damage":10.0,"enemies":"2 Thieves","floor":18.0,"turns":3.0},{"damage":0.0,"enemies":"Colosseum Slavers","floor":20.0,"turns":5.0},{"damage":20.0,"enemies":"Colosseum Nobs","floor":20.0,"turns":8.0},{"damage":23.0,"enemies":"3 Byrds","floor":22.0,"turns":4.0},{"damage":0.0,"enemies":"Gremlin Leader","floor":24.0,"turns":6.0},{"damage":3.0,"enemies":"3 Cultists","floor":28.0,"turns":5.0},{"damage":19.0,"enemies":"Book of Stabbing","floor":29.0,"turns":5.0},{"damage":12.0,"enemies":"Chosen and Byrds","floor":30.0,"turns":3.0},{"damage":2.0,"enemies":"Champ","floor":33.0,"turns":9.0},{"damage":37,"enemies":"3 Darklings","floor":35,"turns":5},{"damage":0,"enemies":"Orb Walker","floor":38,"turns":2},{"damage":0,"enemies":"Nemesis","floor":41,"turns":5},{"damage":6,"enemies":"Mind Bloom Boss Battle","floor":42,"turns":7},{"damage":16,"enemies":"3 Darklings","floor":45,"turns":3},{"damage":52,"enemies":"Awakened One","floor":50,"turns":10}],"seed_played":"7748972692094415724","potions_obtained":[{"floor":1.0,"key":"Weak Potion"},{"floor":11.0,"key":"SteroidPotion"},{"floor":12.0,"key":"Swift Potion"},{"floor":13.0,"key":"Energy Potion"},{"floor":24.0,"key":"FairyPotion"},{"floor":28.0,"key":"AttackPotion"},{"floor":29.0,"key":"SpeedPotion"},{"floor":30.0,"key":"LiquidBronze"},{"floor":36,"key":"PowerPotion"},{"floor":36,"key":"LiquidBronze"},{"floor":42,"key":"AttackPotion"}],"is_trial":false,"path_per_floor":["M","M","?","?","M","R","T","E","T","R","M","M","E","M","R","B",null,"M","?","?","?","M","R","E","R","T","R","M","E","M","$","R","B",null,"M","?","$","M","?","R","E","?","T","R","M","$","?","$","R","B",null],"character_chosen":"DEFECT","items_purchased":["Enlightenment+1","Medical Kit","Bronze Scales","Orichalcum","Rebound","PowerPotion","Pantograph","MealTicket","War Paint"],"campfire_rested":2,"item_purchase_floors":[31,31,31,31,31,31,37,37,46],"current_hp_per_floor":[75,74,74,59,59,59,59,49,49,49,41,35,32,32,32,32,75,65,65,45,45,22,44,44,44,44,44,41,32,20,20,45,43,85,48,48,48,48,48,48,48,67,67,67,51,61,61,71,71,30],"gold":31,"neow_bonus":"RANDOM_COMMON_RELIC","is_prod":false,"is_daily":false,"chose_seed":false,"campfire_upgraded":8,"win_rate":0,"timestamp":1540993828,"path_taken":["M","M","?","?","M","R","?","E","T","R","?","?","E","M","R","BOSS","M","?","?","?","M","R","E","R","T","R","M","E","M","$","R","BOSS","M","?","?","M","?","R","E","?","T","R","M","$","?","$","R","BOSS"],"build_version":"2018-10-30","purchased_purges":1,"victory":true,"max_hp_per_floor":[75,75,75,75,75,75,75,75,75,75,75,75,75,75,75,75,75,75,75,75,75,75,75,75,75,75,75,75,85,85,85,85,85,85,85,85,85,85,85,85,85,85,85,85,85,85,82,82,82,82],"card_choices":[{"not_picked":["Steam Power","Skim"],"picked":"Ball Lightning","floor":1.0},{"not_picked":["Steam","Compile Driver"],"picked":"Cold Snap","floor":2.0},{"not_picked":["Leap","Ball Lightning"],"picked":"Compile Driver","floor":5.0},{"not_picked":["Leap","Streamline"],"picked":"Go for the Eyes","floor":8.0},{"not_picked":["Gash","Ball Lightning"],"picked":"Beam Cell","floor":11.0},{"not_picked":["Gash","Rip and Tear"],"picked":"Leap","floor":12.0},{"not_picked":["Coolheaded","Multi-Cast"],"picked":"Darkness","floor":13.0},{"not_picked":["Static Discharge","Cold Snap"],"picked":"Redo","floor":14.0},{"not_picked":["Core Surge","Reboot"],"picked":"Echo Form","floor":16.0},{"not_picked":["Stack","Barrage"],"picked":"Glacier","floor":18.0},{"not_picked":["Go for the Eyes+1","Tempest"],"picked":"Sweeping Beam+1","floor":20.0},{"not_picked":["Compile Driver","Leap+1"],"picked":"Amplify+1","floor":22.0},{"not_picked":["Go for the Eyes","Rebound"],"picked":"Reinforced Body+1","floor":24.0},{"not_picked":["Blizzard","Chill+1"],"picked":"Sunder+1","floor":28.0},{"not_picked":["Redo+1","Ball Lightning"],"picked":"Hologram+1","floor":29.0},{"not_picked":["Rip and Tear","Ball Lightning"],"picked":"Capacitor","floor":30.0},{"not_picked":["Thunder Strike","Rainbow+1"],"picked":"All For One","floor":33.0},{"not_picked":["Redo+1","Melter"],"picked":"Conserve Battery+1","floor":34},{"not_picked":["Consume+1","Static Discharge"],"picked":"Beam Cell","floor":34},{"not_picked":["Go for the Eyes","Skim+1"],"picked":"Genetic Algorithm+1","floor":34},{"not_picked":["Consume+1","Fusion+1"],"picked":"Double Energy+1","floor":34},{"not_picked":["Ball Lightning","Undo+1"],"picked":"Defragment+1","floor":34},{"not_picked":["Double Energy+1","Rebound"],"picked":"Ball Lightning+1","floor":35},{"not_picked":["Lockon+1","Conserve Battery+1"],"picked":"FTL+1","floor":38},{"not_picked":["Capacitor+1","Sunder+1"],"picked":"Echo Form","floor":41},{"not_picked":["Reprogram+1","Scrape"],"picked":"Cold Snap+1","floor":42},{"not_picked":["Skim+1","Recycle+1"],"picked":"Doom and Gloom+1","floor":45}],"player_experience":850401,"relics_obtained":[{"floor":7.0,"key":"Blue Candle"},{"floor":8.0,"key":"Dodecahedron"},{"floor":9.0,"key":"Gremlin Horn"},{"floor":13.0,"key":"FossilizedHelix"},{"floor":20.0,"key":"StoneCalendar"},{"floor":20.0,"key":"Toxic Egg 2"},{"floor":24.0,"key":"Juzu Bracelet"},{"floor":26.0,"key":"Lantern"},{"floor":29.0,"key":"Pear"},{"floor":41,"key":"Oddly Smooth Stone"},{"floor":42,"key":"Emotion Chip"},{"floor":43,"key":"Symbiotic Virus"}],"event_choices":[{"damage_healed":0.0,"max_hp_gain":0.0,"max_hp_loss":0.0,"gold_gain":0.0,"cards_transformed":["Strike_B"],"event_name":"Living Wall","player_choice":"Change","floor":3.0,"gold_loss":0.0,"damage_taken":0.0,"cards_obtained":["Consume"]},{"damage_healed":0.0,"max_hp_gain":0.0,"max_hp_loss":0.0,"gold_gain":0.0,"event_name":"Shining Light","player_choice":"Entered Light","floor":4.0,"gold_loss":0.0,"damage_taken":15.0,"cards_upgraded":["Strike_B","Defend_B"]},{"cards_removed":["Defend_B"],"damage_healed":0.0,"max_hp_gain":0.0,"max_hp_loss":0.0,"gold_gain":0.0,"event_name":"Bonfire Elementals","player_choice":"Offered Basic","floor":19.0,"gold_loss":0.0,"damage_taken":0.0},{"damage_healed":0.0,"max_hp_gain":0.0,"max_hp_loss":0.0,"gold_gain":0.0,"event_name":"Colosseum","player_choice":"Fight","floor":20.0,"gold_loss":0.0,"damage_taken":0.0},{"damage_healed":0.0,"max_hp_gain":0.0,"max_hp_loss":0.0,"gold_gain":0.0,"event_name":"Colosseum","player_choice":"Fought Nobs","floor":20.0,"gold_loss":0.0,"damage_taken":0.0},{"damage_healed":0.0,"max_hp_gain":0.0,"max_hp_loss":0.0,"gold_gain":99.0,"event_name":"Nest","player_choice":"Stole From Cult","floor":21.0,"gold_loss":0.0,"damage_taken":0.0},{"damage_healed":0,"gold_gain":0,"player_choice":"Bought 3 Potions","damage_taken":0,"max_hp_gain":0,"max_hp_loss":0,"event_name":"The Woman in Blue","floor":36,"gold_loss":0},{"damage_healed":0,"gold_gain":0,"player_choice":"2 cards matched","damage_taken":0,"max_hp_gain":0,"max_hp_loss":0,"event_name":"Match and Keep!","floor":39,"gold_loss":0,"cards_obtained":["Turbo","Zap"]},{"damage_healed":0,"gold_gain":0,"player_choice":"Fight","damage_taken":0,"max_hp_gain":0,"max_hp_loss":0,"event_name":"MindBloom","floor":42,"gold_loss":0},{"cards_removed":["Parasite"],"damage_healed":0,"gold_gain":0,"player_choice":"Removed Curses","damage_taken":0,"max_hp_gain":0,"max_hp_loss":0,"event_name":"Fountain of Cleansing","floor":47,"gold_loss":0}],"is_beta":true,"boss_relics":[{"not_picked":["Coffee Dripper","Lizard Tail"],"picked":"Cursed Key"},{"not_picked":["Snecko Eye","Philosopher\u0027s Stone"],"picked":"Orrery"}],"items_purged_floors":[31],"is_endless":false,"potions_floor_spawned":[1,11,12,13,24,28,29,30,42],"ascension_level":0}