{"gold_per_floor":[110,121,132,152,171,171,182,182],"floor_reached":8,"playtime":353,"items_purged":["Strike_B"],"score":55,"play_id":"3b58d652-ed84-4f51-90b4-1be85bfb8b9f","local_time":"20190208213057","is_ascension_mode":true,"campfire_choices":[{"floor":6,"key":"REST"}],"neow_cost":"","seed_source_timestamp":1041687927733406,"circlet_count":0,"master_deck":["Strike_B","Strike_B","Strike_B","Defend_B","Defend_B","Defend_B","Defend_B","Zap","Dualcast","Loop","Coolheaded","Barrage","Doom and Gloom","Streamline","Capacitor","Beam Cell","strawberrySpire:Compressor","Creative AI","Ball Lightning"],"relics":["Cracked Core","Mummified Hand","Cables"],"potions_floor_usage":[4,7],"damage_taken":[{"damage":7,"enemies":"Small Slimes","floor":1,"turns":2},{"damage":0,"enemies":"Cultist","floor":2,"turns":3},{"damage":6,"enemies":"Jaw Worm","floor":3,"turns":3},{"damage":11,"enemies":"Large Slime","floor":4,"turns":3},{"damage":7,"enemies":"Exordium Thugs","floor":5,"turns":4},{"damage":4,"enemies":"2 Fungi Beasts","floor":7,"turns":2},{"damage":32,"enemies":"Gremlin Nob","floor":8,"turns":3}],"seed_played":"5162531191470321679","potions_obtained":[{"floor":2,"key":"Energy Potion"},{"floor":3,"key":"Poison Potion"}],"is_trial":false,"path_per_floor":["M","M","M","M","M","R","M","E"],"character_chosen":"DEFECT","items_purchased":["Mummified Hand","Loop","Cables","Coolheaded","Barrage","Doom and Gloom"],"campfire_rested":1,"item_purchase_floors":[0,0,0,0,0,0],"current_hp_per_floor":[38,38,32,21,14,36,32,0],"gold":182,"neow_bonus":"","is_prod":false,"is_daily":false,"chose_seed":false,"campfire_upgraded":0,"win_rate":0,"timestamp":1549650657,"path_taken":["M","M","M","M","M","R","M","E"],"build_version":"2019-02-06","purchased_purges":1,"victory":false,"max_hp_per_floor":[75,75,75,75,75,75,75,75],"card_choices":[{"not_picked":["Leap","Sweeping Beam"],"picked":"Streamline","floor":1},{"not_picked":["Hologram","Steam"],"picked":"Capacitor","floor":2},{"not_picked":["Redo","strawberrySpire:FocalLaser"],"picked":"Beam Cell","floor":3},{"not_picked":["Fusion","strawberrySpire:Disconnect"],"picked":"strawberrySpire:Compressor","floor":4},{"not_picked":["Redo","Scrape"],"picked":"Creative AI","floor":5},{"not_picked":["Melter","strawberrySpire:Compressor"],"picked":"Ball Lightning","floor":7}],"player_experience":1132202,"relics_obtained":[],"event_choices":[],"is_beta":true,"boss_relics":[],"items_purged_floors":[0],"is_endless":false,"potions_floor_spawned":[2,3],"killed_by":"Gremlin Nob","ascension_level":1}