{"gold_per_floor":[119,135,135,135,210,238,238,270,270,270,299,61,86,101,101,197,197,213,173,187,201,300,300,334,71,125,125],"floor_reached":27,"playtime":974,"items_purged":[],"score":322,"play_id":"19ed60eb-c81e-485b-aaf5-c7c6d59c7579","local_time":"20190108045420","is_ascension_mode":true,"campfire_choices":[{"data":"Spot Weakness","floor":7,"key":"SMITH"},{"data":"Bash","floor":10,"key":"SMITH"},{"floor":15,"key":"REST"},{"data":"Armaments","floor":23,"key":"SMITH"}],"neow_cost":"NONE","seed_source_timestamp":0,"circlet_count":0,"master_deck":["Strike_R","Strike_R","Strike_R","Defend_R","Defend_R","Defend_R","Defend_R","Bash+1","Pommel Strike","Clash+1","Spot Weakness+1","Offering","Body Slam+1","Armaments+1","Mayhem","Shrug It Off","Corruption","Clothesline","Impervious","strawberrySpire:Conflagrate+1","Headbutt","strawberrySpire:FireDrill","strawberrySpire:Dropbox","Discovery"],"special_seed":0,"relics":["Burning Blood","Sundial","Art of War","Whetstone","Potion Belt","Blood Vial","strawberrySpire:JuiceKeg","strawberrySpire:ShipInABottle"],"potions_floor_usage":[6,13,13,13,16,20,20,24,27],"damage_taken":[{"damage":3.0,"enemies":"Small Slimes","floor":1.0,"turns":3.0},{"damage":6.0,"enemies":"Jaw Worm","floor":2.0,"turns":3.0},{"damage":26,"enemies":"Lagavulin","floor":6,"turns":4},{"damage":19,"enemies":"3 Sentries","floor":8,"turns":5},{"damage":14,"enemies":"Lagavulin","floor":11,"turns":3},{"damage":11,"enemies":"Gremlin Nob","floor":13,"turns":3},{"damage":6,"enemies":"Cultist","floor":14,"turns":2},{"damage":6,"enemies":"Slime Boss","floor":16,"turns":7},{"damage":0,"enemies":"Spheric Guardian","floor":18,"turns":3},{"damage":6,"enemies":"2 Thieves","floor":20,"turns":3},{"damage":16,"enemies":"Snecko","floor":21,"turns":5},{"damage":55,"enemies":"Gremlin Leader","floor":24,"turns":6},{"damage":43,"enemies":"strawberrySpire:AncientClocktower","floor":27,"turns":7}],"seed_played":"-3913805735590740950","potions_obtained":[{"floor":0.0,"key":"EssenceOfSteel"},{"floor":0.0,"key":"AttackPotion"},{"floor":0.0,"key":"Swift Potion"},{"floor":6,"key":"Swift Potion"},{"floor":11,"key":"Fire Potion"},{"floor":13,"key":"Energy Potion"},{"floor":18,"key":"Weak Potion"},{"floor":19,"key":"Energy Potion"},{"floor":19,"key":"BloodPotion"},{"floor":19,"key":"Swift Potion"}],"is_trial":false,"path_per_floor":["M","M","?","?","?","E","R","E","T","R","E","$","E","M","R","B",null,"M","?","M","M","?","R","E","$","T","E"],"character_chosen":"IRONCLAD","items_purchased":["Mayhem","Shrug It Off","strawberrySpire:Dropbox","Discovery"],"campfire_rested":1,"item_purchase_floors":[12,12,25,25],"current_hp_per_floor":[80,80,73,73,62,42,42,29,29,29,21,21,16,18,42,44,80,80,80,80,70,70,70,31,31,31,0],"gold":125,"neow_bonus":"THREE_SMALL_POTIONS","is_prod":false,"is_daily":false,"chose_seed":false,"campfire_upgraded":3,"win_rate":0,"timestamp":1546912460,"path_taken":["M","M","?","?","?","E","R","E","T","R","E","?","E","M","R","BOSS","M","?","M","?","?","R","E","?","T","E"],"build_version":"2019-01-03v4","purchased_purges":0,"victory":false,"max_hp_per_floor":[80,80,80,80,80,80,80,80,80,80,80,80,80,80,80,80,80,80,80,80,80,80,80,80,80,80,80],"card_choices":[{"not_picked":["Searing Blow","Warcry"],"picked":"Pommel Strike","floor":1.0},{"not_picked":["Dual Wield","Sentinel"],"picked":"Clash","floor":2.0},{"not_picked":["Dual Wield","Dropkick"],"picked":"Offering","floor":6},{"not_picked":["strawberrySpire:Endurance","strawberrySpire:GettingOverIt"],"picked":"Body Slam","floor":8},{"not_picked":["Heavy Blade","Clash"],"picked":"Armaments","floor":11},{"not_picked":["Warcry","Spot Weakness"],"picked":"Corruption","floor":13},{"not_picked":["Cleave","Havoc"],"picked":"Clothesline","floor":14},{"not_picked":["Double Tap","strawberrySpire:Harvest"],"picked":"Impervious","floor":16},{"not_picked":["strawberrySpire:FireDrill","strawberrySpire:DraftPunk"],"picked":"strawberrySpire:Conflagrate+1","floor":18},{"not_picked":["Clash","Pommel Strike"],"picked":"Headbutt","floor":20},{"not_picked":["Sever Soul","Perfected Strike"],"picked":"strawberrySpire:FireDrill","floor":21},{"not_picked":["Brutality","strawberrySpire:FireDrill","strawberrySpire:ZonePlayer"],"picked":"SKIP","floor":24}],"player_experience":1048271,"relics_obtained":[{"floor":6,"key":"Sundial"},{"floor":8,"key":"Art of War"},{"floor":9,"key":"Whetstone"},{"floor":11,"key":"Potion Belt"},{"floor":13,"key":"Blood Vial"},{"floor":24,"key":"strawberrySpire:ShipInABottle"}],"event_choices":[{"cards_removed":["Strike_R"],"damage_healed":0.0,"max_hp_gain":0.0,"max_hp_loss":0.0,"gold_gain":0.0,"event_name":"Golden Wing","player_choice":"Card Removal","floor":3.0,"gold_loss":0.0,"damage_taken":7.0},{"damage_healed":0.0,"max_hp_gain":0.0,"max_hp_loss":0.0,"gold_gain":0.0,"cards_transformed":["Strike_R"],"event_name":"Living Wall","player_choice":"Change","floor":4.0,"gold_loss":0.0,"damage_taken":0.0,"cards_obtained":["Spot Weakness"]},{"damage_healed":0.0,"max_hp_gain":0.0,"max_hp_loss":0.0,"gold_gain":75.0,"event_name":"World of Goop","player_choice":"Gather Gold","floor":5.0,"gold_loss":0.0,"damage_taken":11.0},{"damage_healed":0,"gold_gain":0,"player_choice":"Bought 3 Potions","damage_taken":0,"max_hp_gain":0,"max_hp_loss":0,"event_name":"The Woman in Blue","floor":19,"gold_loss":0},{"damage_healed":0,"gold_gain":99,"player_choice":"Stole From Cult","damage_taken":0,"max_hp_gain":0,"max_hp_loss":0,"event_name":"Nest","floor":22,"gold_loss":0}],"is_beta":true,"boss_relics":[{"not_picked":["Black Blood","Calling Bell"],"picked":"strawberrySpire:JuiceKeg"}],"items_purged_floors":[],"is_endless":false,"potions_floor_spawned":[1,6,11,13,18],"killed_by":"strawberrySpire:AncientClocktower","ascension_level":1}