{"gold_per_floor":[118,131,131,143,47,81,81,95,95,156,187,18,28,62,62,165,165,178,178,196,196,207,329,329,378,431,458,998,1033,1050,1060,1060,1157,1157,1173,1273,1273,829,840,871,882,915,915,915,941,941,976,992,992,992,992,992,276,310,310],"floor_reached":56,"playtime":3501,"items_purged":["Strike_R","Strike_R","Strike_R+1"],"score":1835,"play_id":"b4a89cdb-9a3e-4629-998b-b93afe624e8d","local_time":"20190110061543","is_ascension_mode":true,"campfire_choices":[{"data":"strawberrySpire:Dropbox","floor":7,"key":"SMITH"},{"data":"Body Slam","floor":15,"key":"SMITH"},{"data":"Dual Wield","floor":24,"key":"SMITH"},{"data":"Entrench","floor":32,"key":"SMITH"},{"floor":44,"key":"RECALL"},{"data":"Juggernaut","floor":46,"key":"SMITH"},{"data":"Disarm","floor":49,"key":"SMITH"},{"data":"strawberrySpire:Hellbender","floor":52,"key":"SMITH"}],"neow_cost":"","seed_source_timestamp":631108344976641,"circlet_count":0,"master_deck":["Strike_R+1","Defend_R","Defend_R+1","Bash","Metallicize+1","Body Slam+1","Flash of Steel+1","strawberrySpire:DreamfoilDart+1","Shrug It Off","strawberrySpire:Dropbox+1","Clothesline","Entrench+1","Shrug It Off","Dual Wield+1","Cleave+1","Double Tap","Rage","Necronomicurse","Iron Wave+1","Shrug It Off","Iron Wave+1","Panacea","Flash of Steel+1","Spot Weakness","Disarm+1","Juggernaut+1","Headbutt+1","strawberrySpire:Hellbender+1","Transmutation","Rage+1","Iron Wave+1","Disarm+1","strawberrySpire:Dropbox+1","strawberrySpire:CrashLanding+1","Barricade+1","strawberrySpire:JustAWound+1","Shrug It Off","Reckless Charge+1","strawberrySpire:ExtraUtilities","Bludgeon+1","Power Through"],"relics":["Burning Blood","strawberrySpire:DirtyLipstick","Calipers","Membership Card","Meat on the Bone","Sundial","Unceasing Top","Kunai","Molten Egg 2","Pen Nib","Black Star","Necronomicon","Peace Pipe","strawberrySpire:StillNotAdequateHouse","Bird Faced Urn","strawberrySpire:ElefentMask","strawberrySpire:Treaders","Anchor","Matryoshka","Torii","Potion Belt","Lizard Tail","Du-Vu Doll","Omamori","Bottled Tornado","ClockworkSouvenir","Nunchaku","Letter Opener","Whetstone","Centennial Puzzle","strawberrySpire:TinySteamboat","strawberrySpire:PoopsieRoll","Vajra","strawberrySpire:MawJerky","strawberrySpire:IronFlakes","Frozen Egg 2","strawberrySpire:KineticCharger","strawberrySpire:GlyphStone","Blood Vial","Bottled Flame","Self Forming Clay"],"potions_floor_usage":[8,8,10,10,10,10,13,13,14,14,14,16,16,16,16,20,20,23,23,23,27,27,27,29,29,29,29,29,30,30,31,33,33,35,35,35,35,35,36,36,36,36,40,40,40,40,40,42,42,42,42,42,45,45,45,45,47,48,48,50,50,50,50,54,54,54,54,55,55,55,55,55,55,55,55,55,55,55],"damage_taken":[{"damage":0,"enemies":"2 Louse","floor":1,"turns":3},{"damage":0,"enemies":"Cultist","floor":2,"turns":3},{"damage":4,"enemies":"Small Slimes","floor":4,"turns":3},{"damage":24,"enemies":"Lagavulin","floor":6,"turns":9},{"damage":0,"enemies":"3 Louse","floor":8,"turns":6},{"damage":16,"enemies":"Lagavulin Event","floor":10,"turns":5},{"damage":31,"enemies":"strawberrySpire:EnergyPylons","floor":11,"turns":6},{"damage":12,"enemies":"Exordium Thugs","floor":13,"turns":8},{"damage":0,"enemies":"Lagavulin","floor":14,"turns":4},{"damage":14,"enemies":"Hexaghost","floor":16,"turns":6},{"damage":10,"enemies":"Chosen","floor":18,"turns":6},{"damage":0,"enemies":"Spheric Guardian","floor":20,"turns":3},{"damage":19,"enemies":"Shelled Parasite and Fungi","floor":22,"turns":5},{"damage":10,"enemies":"Book of Stabbing","floor":23,"turns":2},{"damage":7,"enemies":"Slavers","floor":27,"turns":7},{"damage":21,"enemies":"Gremlin Leader","floor":29,"turns":7},{"damage":6,"enemies":"Chosen and Byrds","floor":30,"turns":7},{"damage":0,"enemies":"Centurion and Healer","floor":31,"turns":5},{"damage":2,"enemies":"Champ","floor":33,"turns":11},{"damage":0,"enemies":"3 Shapes","floor":35,"turns":2},{"damage":0,"enemies":"Mind Bloom Boss Battle","floor":36,"turns":3},{"damage":9,"enemies":"Orb Walker","floor":39,"turns":4},{"damage":2,"enemies":"Giant Head","floor":40,"turns":10},{"damage":10,"enemies":"Sphere and 2 Shapes","floor":41,"turns":3},{"damage":65,"enemies":"strawberrySpire:EssenceStones","floor":42,"turns":7},{"damage":1,"enemies":"Giant Head","floor":45,"turns":7},{"damage":0,"enemies":"Nemesis","floor":47,"turns":3},{"damage":0,"enemies":"Transient","floor":48,"turns":5},{"damage":2,"enemies":"Awakened One","floor":50,"turns":12},{"damage":72,"enemies":"Shield and Spear","floor":54,"turns":9},{"damage":56,"enemies":"The Heart","floor":55,"turns":12}],"seed_played":"-917854983783203198","potions_obtained":[{"floor":2,"key":"Explosive Potion"},{"floor":8,"key":"Fruit Juice"},{"floor":14,"key":"LiquidBronze"},{"floor":18,"key":"EssenceOfSteel"},{"floor":27,"key":"PowerPotion"},{"floor":33,"key":"LiquidBronze"},{"floor":36,"key":"LiquidBronze"},{"floor":39,"key":"SpeedPotion"},{"floor":41,"key":"Block Potion"},{"floor":48,"key":"Dexterity Potion"}],"is_trial":false,"path_per_floor":["M","M","?","M","$","E","R","M","T","?","E","$","M","E","R","B",null,"M","?","M","T","M","E","R","T","T","E","?","E","M","M","R","B",null,"M","?","?","$","M","E","M","E","T","R","E","R","E","M","R","B",null,"R","$","E","B",null],"character_chosen":"IRONCLAD","items_purchased":["strawberrySpire:DirtyLipstick","Calipers","Metallicize","Headbutt","Body Slam","Membership Card","Flash of Steel","Meat on the Bone","strawberrySpire:Dropbox","Molten Egg 2","Dual Wield","Omamori","Bottled Tornado","ClockworkSouvenir","Transmutation","strawberrySpire:Dropbox+1","strawberrySpire:KineticCharger","strawberrySpire:GlyphStone","Blood Vial","strawberrySpire:JustAWound+1","Shrug It Off","Reckless Charge+1","strawberrySpire:ExtraUtilities","Bludgeon+1","AttackPotion","Swift Potion","Explosive Potion","Power Through"],"campfire_rested":0,"item_purchase_floors":[0,0,0,0,0,0,0,0,5,12,12,38,38,38,38,53,53,53,53,53,53,53,53,53,53,53,53,53],"current_hp_per_floor":[53,59,59,61,61,49,49,66,66,71,52,52,58,70,70,68,85,81,65,80,80,76,90,90,90,90,91,10,29,59,73,73,91,91,91,91,91,91,91,91,87,53,53,53,78,78,95,95,95,95,95,95,95,68,91],"gold":310,"neow_bonus":"","is_prod":false,"is_daily":false,"chose_seed":false,"campfire_upgraded":7,"win_rate":0,"timestamp":1547090143,"path_taken":["M","M","?","?","$","E","R","M","T","?","E","$","M","E","R","BOSS","M","?","M","?","M","E","R","?","T","E","?","E","?","M","R","BOSS","M","?","?","$","M","E","M","E","T","R","E","R","E","M","R","BOSS","R","$","E","BOSS"],"build_version":"2019-01-08","purchased_purges":3,"victory":true,"max_hp_per_floor":[80,80,80,80,80,80,80,85,85,85,85,85,85,85,85,85,85,85,85,85,85,85,91,91,91,91,91,91,91,91,91,91,91,91,91,91,91,91,91,91,91,91,91,91,91,91,95,95,95,95,95,95,95,99,99],"card_choices":[{"not_picked":["Wild Strike","Rampage","Heavy Blade"],"picked":"SKIP","floor":1},{"not_picked":["strawberrySpire:ZonePlayer","Pommel Strike","Armaments"],"picked":"SKIP","floor":2},{"not_picked":["Spot Weakness","strawberrySpire:Endurance"],"picked":"Shrug It Off","floor":4},{"not_picked":["Seeing Red","Pommel Strike"],"picked":"Clothesline","floor":6},{"not_picked":["strawberrySpire:Endurance","strawberrySpire:Spite"],"picked":"Entrench","floor":8},{"not_picked":["Iron Wave","Anger"],"picked":"Shrug It Off","floor":10},{"not_picked":["strawberrySpire:GettingOverIt","Twin Strike","Corruption"],"picked":"SKIP","floor":11},{"not_picked":["True Grit","Fiend Fire+1","Fire Breathing"],"picked":"SKIP","floor":13},{"not_picked":["Corruption","Headbutt+1"],"picked":"Cleave+1","floor":14},{"not_picked":["Reaper+1","Bludgeon+1"],"picked":"Double Tap","floor":16},{"not_picked":["Shockwave","Sword Boomerang+1"],"picked":"Rage","floor":18},{"not_picked":["True Grit","Power Through+1"],"picked":"Iron Wave+1","floor":20},{"not_picked":["Iron Wave+1","Cleave+1"],"picked":"Shrug It Off","floor":22},{"not_picked":["Brutality","Havoc+1","strawberrySpire:FireDrill+1"],"picked":"SKIP","floor":23},{"not_picked":["strawberrySpire:JustAWound+1","strawberrySpire:Incursion+1"],"picked":"Iron Wave+1","floor":27},{"not_picked":["Infernal Blade","Cleave+1"],"picked":"Spot Weakness","floor":29},{"not_picked":["Pommel Strike+1","Seeing Red+1"],"picked":"Disarm","floor":30},{"not_picked":["Thunderclap+1","Feel No Pain","Wild Strike+1"],"picked":"SKIP","floor":31},{"not_picked":["Fiend Fire+1","Feed+1"],"picked":"Juggernaut","floor":33},{"not_picked":["Anger+1","strawberrySpire:FireDrill+1"],"picked":"Headbutt+1","floor":35},{"not_picked":["Combust","Feel No Pain+1"],"picked":"strawberrySpire:Hellbender","floor":36},{"not_picked":["Havoc+1","Clash+1"],"picked":"Rage+1","floor":39},{"not_picked":["Perfected Strike+1","Sword Boomerang+1","Flex+1"],"picked":"SKIP","floor":40},{"not_picked":["Clash+1","strawberrySpire:Conflagrate+1","Rampage+1"],"picked":"SKIP","floor":41},{"not_picked":["strawberrySpire:Endurance+1","Cleave+1","strawberrySpire:Spite+1"],"picked":"SKIP","floor":42},{"not_picked":["Corruption","strawberrySpire:Spite+1"],"picked":"Iron Wave+1","floor":45},{"not_picked":["Anger+1","Pummel+1","True Grit"],"picked":"SKIP","floor":47},{"not_picked":["Headbutt+1","Twin Strike+1"],"picked":"Disarm+1","floor":48},{"not_picked":["Immolate+1","Infernal Blade","Combust+1"],"picked":"SKIP","floor":54}],"player_experience":1055675,"relics_obtained":[{"floor":6,"key":"Sundial"},{"floor":10,"key":"Unceasing Top"},{"floor":11,"key":"Kunai"},{"floor":14,"key":"Pen Nib"},{"floor":19,"key":"Necronomicon"},{"floor":21,"key":"Peace Pipe"},{"floor":23,"key":"strawberrySpire:StillNotAdequateHouse"},{"floor":23,"key":"Bird Faced Urn"},{"floor":25,"key":"strawberrySpire:ElefentMask"},{"floor":26,"key":"strawberrySpire:Treaders"},{"floor":27,"key":"Anchor"},{"floor":27,"key":"Matryoshka"},{"floor":29,"key":"Torii"},{"floor":29,"key":"Potion Belt"},{"floor":36,"key":"Du-Vu Doll"},{"floor":40,"key":"Nunchaku"},{"floor":40,"key":"Letter Opener"},{"floor":42,"key":"Whetstone"},{"floor":42,"key":"Centennial Puzzle"},{"floor":43,"key":"strawberrySpire:TinySteamboat"},{"floor":43,"key":"strawberrySpire:PoopsieRoll"},{"floor":45,"key":"Vajra"},{"floor":45,"key":"strawberrySpire:MawJerky"},{"floor":47,"key":"strawberrySpire:IronFlakes"},{"floor":47,"key":"Frozen Egg 2"},{"floor":54,"key":"Bottled Flame"},{"floor":54,"key":"Self Forming Clay"}],"event_choices":[{"cards_removed":["Headbutt"],"damage_healed":0,"gold_gain":0,"player_choice":"Took Card","damage_taken":0,"max_hp_gain":0,"max_hp_loss":0,"event_name":"NoteForYourself","floor":3,"gold_loss":0,"cards_obtained":["strawberrySpire:DreamfoilDart"]},{"damage_healed":0,"gold_gain":30,"player_choice":"Searched \u00272\u0027 times","damage_taken":0,"max_hp_gain":0,"max_hp_loss":0,"event_name":"Dead Adventurer","floor":10,"gold_loss":0},{"damage_healed":0,"gold_gain":0,"player_choice":"Obtained Book","damage_taken":16,"max_hp_gain":0,"max_hp_loss":0,"event_name":"Cursed Tome","floor":19,"gold_loss":0},{"damage_healed":0,"gold_gain":540,"player_choice":"CARD CARD GOLD GOLD GOLD GOLD GOLD GOLD ","damage_taken":81,"max_hp_gain":0,"max_hp_loss":0,"event_name":"Knowing Skull","floor":28,"potions_obtained":[],"gold_loss":0,"cards_obtained":["Panacea","Flash of Steel"]},{"damage_healed":0,"gold_gain":0,"player_choice":"Fight","damage_taken":0,"max_hp_gain":0,"max_hp_loss":0,"event_name":"MindBloom","floor":36,"gold_loss":0},{"cards_removed":["Strike_R"],"damage_healed":0,"gold_gain":0,"player_choice":"Purged","damage_taken":0,"max_hp_gain":0,"max_hp_loss":0,"event_name":"Purifier","floor":37,"gold_loss":0}],"is_beta":true,"boss_relics":[{"not_picked":["Sozu","Astrolabe"],"picked":"Black Star"},{"not_picked":["Runic Pyramid","White Beast Statue"],"picked":"Lizard Tail"}],"items_purged_floors":[0,38,53],"is_endless":false,"potions_floor_spawned":[2,8,13,14,18,22,27,33,36,39,41,48],"ascension_level":1}