{"gold_per_floor":[110,110,126,48,64,64,64,82,109,109,128,143,143,159,159,254,254,273,290,490,28,28],"floor_reached":22,"playtime":518,"items_purged":["Strike_B"],"score":228,"play_id":"a3b5baff-7d52-4230-9c1b-491d930df001","local_time":"20190829233011","is_ascension_mode":false,"campfire_choices":[{"data":"Tempest","floor":6.0,"key":"SMITH"},{"floor":10.0,"key":"REST"},{"data":"Tempest","floor":13.0,"key":"SMITH"},{"floor":15.0,"key":"REST"}],"neow_cost":"PERCENT_DAMAGE","seed_source_timestamp":3153134411017,"circlet_count":0,"master_deck":["Strike_B","Strike_B","Strike_B","Defend_B","Defend_B","Defend_B","Defend_B","Zap+1","Dualcast+1","Ball Lightning","Tempest+1","Lockon","Ball Lightning","Ball Lightning","Tempest+1","Chaos","Auto Shields","Defragment","Thunder Strike","Turbo","Leap","Capacitor","Leap","Coolheaded"],"special_seed":0,"relics":["Cracked Core","WingedGreaves","Dream Catcher","Coffee Dripper","Mummified Hand"],"potions_floor_usage":[16,16,18],"damage_taken":[{"damage":1.0,"enemies":"Jaw Worm","floor":1.0,"turns":3.0},{"damage":0.0,"enemies":"Cultist","floor":3.0,"turns":2.0},{"damage":6.0,"enemies":"2 Louse","floor":5.0,"turns":2.0},{"damage":17.0,"enemies":"Exordium Thugs","floor":8.0,"turns":3.0},{"damage":7.0,"enemies":"Gremlin Gang","floor":11.0,"turns":3.0},{"damage":0.0,"enemies":"Looter","floor":12.0,"turns":2.0},{"damage":19.0,"enemies":"3 Louse","floor":14.0,"turns":2.0},{"damage":0,"enemies":"Slime Boss","floor":16,"turns":4},{"damage":10,"enemies":"3 Byrds","floor":18,"turns":2},{"damage":35,"enemies":"2 Thieves","floor":19,"turns":4},{"damage":38,"enemies":"Shelled Parasite and Fungi","floor":22,"turns":3}],"seed_played":"-393412899457614630","potions_obtained":[{"floor":5.0,"key":"LiquidBronze"},{"floor":12.0,"key":"FearPotion"},{"floor":14.0,"key":"Fire Potion"}],"is_trial":false,"path_per_floor":["M","?","M","$","M","R","?","M","T","R","M","M","R","M","R","B",null,"M","M","?","$","M"],"character_chosen":"DEFECT","items_purchased":["Tempest","Mummified Hand","Capacitor","Leap","Coolheaded"],"campfire_rested":2,"item_purchase_floors":[4,21,21,21,21],"current_hp_per_floor":[53,53,53,53,47,47,47,30,30,52,45,45,45,26,48,48,75,65,30,30,30,0],"gold":28,"neow_bonus":"ONE_RARE_RELIC","is_prod":false,"is_daily":false,"chose_seed":false,"campfire_upgraded":2,"win_rate":0,"timestamp":1567143011,"path_taken":["M","?","M","?","M","R","?","M","T","R","M","M","R","M","R","BOSS","M","M","?","$","M"],"build_version":"2019-07-17","purchased_purges":1,"victory":false,"max_hp_per_floor":[75,75,75,75,75,75,75,75,75,75,75,75,75,75,75,75,75,75,75,75,75,75],"card_choices":[{"not_picked":["Gash","Conserve Battery"],"picked":"Ball Lightning","floor":1.0},{"not_picked":["Skim","Redo","Aggregate"],"picked":"SKIP","floor":3.0},{"not_picked":["Streamline","Hologram"],"picked":"Lockon","floor":5.0},{"not_picked":["Cold Snap","Turbo"],"picked":"Ball Lightning","floor":8.0},{"not_picked":["Cold Snap","Hologram"],"picked":"Ball Lightning","floor":10.0},{"not_picked":["Go for the Eyes","Beam Cell"],"picked":"Tempest","floor":11.0},{"not_picked":["Creative AI","Reprogram"],"picked":"Chaos","floor":12.0},{"not_picked":["Steam Power","Turbo"],"picked":"Auto Shields","floor":14.0},{"not_picked":["Rebound","Ball Lightning"],"picked":"Defragment","floor":15.0},{"not_picked":["Amplify","Hyperbeam"],"picked":"Thunder Strike","floor":16},{"not_picked":["Turbo","Redo","Gash"],"picked":"SKIP","floor":18},{"not_picked":["Redo","Gash"],"picked":"Turbo","floor":18},{"not_picked":["Melter","Static Discharge"],"picked":"Leap","floor":19}],"player_experience":1698593,"relics_obtained":[{"floor":9.0,"key":"Dream Catcher"}],"event_choices":[{"damage_healed":0.0,"max_hp_gain":0.0,"max_hp_loss":0.0,"gold_gain":0.0,"event_name":"Upgrade Shrine","player_choice":"Upgraded","floor":2.0,"gold_loss":0.0,"damage_taken":0.0,"cards_upgraded":["Zap"]},{"damage_healed":0.0,"max_hp_gain":0.0,"max_hp_loss":0.0,"gold_gain":0.0,"event_name":"Living Wall","player_choice":"Grow","floor":7.0,"gold_loss":0.0,"damage_taken":0.0,"cards_upgraded":["Dualcast"]},{"damage_healed":0,"gold_gain":250,"player_choice":"Bet on Owner","damage_taken":0,"max_hp_gain":0,"max_hp_loss":0,"event_name":"The Joust","floor":20,"gold_loss":50}],"is_beta":false,"boss_relics":[{"not_picked":["Inserter","Eternal Feather"],"picked":"Coffee Dripper"}],"items_purged_floors":[21],"is_endless":false,"potions_floor_spawned":[5,12,14],"killed_by":"Shelled Parasite and Fungi","ascension_level":0}