{"gold_per_floor":[118,135,85,85,159,189,189,222,271,290,351,351,526,5,5,102,102,113,113,113,127,127,170,194,206,244,275,315,338,350,373,385,499,511,536,548,579,197,212,212,237,237,237,237,337,437,455,34,34,34],"floor_reached":51,"playtime":3540,"items_purged":["Doubt","Strike_G"],"score":796,"play_id":"e0843240-c406-4e35-8dbe-a66bd0ec8ae3","local_time":"20181026193352","is_ascension_mode":false,"campfire_choices":[{"data":"Neutralize","floor":7,"key":"SMITH"},{"data":"Cloak And Dagger","floor":12,"key":"SMITH"},{"data":"Finesse","floor":15,"key":"SMITH"},{"data":"Cloak And Dagger","floor":25,"key":"SMITH"},{"data":"Adrenaline","floor":30,"key":"SMITH"},{"data":"Noxious Fumes","floor":32,"key":"SMITH"},{"data":"Footwork","floor":40,"key":"SMITH"},{"data":"Finisher","floor":42,"key":"SMITH"},{"data":"Malaise","floor":44,"key":"SMITH"},{"data":"Footwork","floor":49,"key":"SMITH"}],"neow_cost":"NONE","seed_source_timestamp":118612945441942,"circlet_count":0,"master_deck":["Defend_G","Defend_G","Defend_G","Defend_G","Defend_G","Strike_G","Strike_G","Strike_G+1","Survivor","Neutralize+1","Masterful Stab","Bouncing Flask+1","Dodge and Roll","Predator","Cloak And Dagger+1","Backflip","Cloak And Dagger+1","Finesse+1","Malaise+1","Dagger Throw+1","Neutralize","Cloak And Dagger+1","Deflect","Adrenaline+1","Noxious Fumes+1","Deadly Poison","Escape Plan+1","Finisher+1","Bullet Time","Footwork+1","Deadly Poison+1","Skewer","Pain","PiercingWail","Footwork+1","Bouncing Flask"],"relics":["Ring of the Snake","NeowsBlessing","Mummified Hand","Torii","Potion Belt","Strawberry","Paper Crane","Juzu Bracelet","Centennial Puzzle","Sozu","MawBank","Pantograph","Orichalcum","Lantern","Cursed Key","Oddly Smooth Stone","Chemical X","PreservedInsect","Matryoshka","Shovel","OrangePellets"],"potions_floor_usage":[33,37,50],"damage_taken":[{"damage":0,"enemies":"Cultist","floor":1,"turns":1},{"damage":0,"enemies":"Jaw Worm","floor":2,"turns":1},{"damage":0,"enemies":"Lagavulin","floor":6,"turns":1},{"damage":22,"enemies":"Gremlin Nob","floor":8,"turns":4},{"damage":0,"enemies":"Small Slimes","floor":10,"turns":3},{"damage":10,"enemies":"Gremlin Nob","floor":11,"turns":4},{"damage":6,"enemies":"The Guardian","floor":16,"turns":10},{"damage":1,"enemies":"Spheric Guardian","floor":18,"turns":3},{"damage":2,"enemies":"3 Byrds","floor":21,"turns":4},{"damage":1,"enemies":"Book of Stabbing","floor":23,"turns":7},{"damage":0,"enemies":"Centurion and Healer","floor":24,"turns":6},{"damage":1,"enemies":"Snecko","floor":27,"turns":6},{"damage":0,"enemies":"Gremlin Leader","floor":28,"turns":7},{"damage":0,"enemies":"Cultist and Chosen","floor":29,"turns":6},{"damage":0,"enemies":"Shelled Parasite and Fungi","floor":31,"turns":5},{"damage":43,"enemies":"Automaton","floor":33,"turns":11},{"damage":1,"enemies":"Orb Walker","floor":35,"turns":4},{"damage":10,"enemies":"3 Darklings","floor":37,"turns":7},{"damage":0,"enemies":"Sphere and 2 Shapes","floor":39,"turns":5},{"damage":6,"enemies":"Giant Head","floor":41,"turns":8},{"damage":11,"enemies":"Mind Bloom Boss Battle","floor":45,"turns":6},{"damage":24,"enemies":"Writhing Mass","floor":47,"turns":5},{"damage":47,"enemies":"Time Eater","floor":50,"turns":15}],"seed_played":"-8104619698059452505","potions_obtained":[{"floor":8,"key":"Weak Potion"},{"floor":10,"key":"Explosive Potion"},{"floor":11,"key":"SteroidPotion"}],"is_trial":false,"path_per_floor":["M","M","?","?","T","E","R","E","T","M","?","R","?","$","R","B",null,"M","?","?","M","?","E","M","R","T","M","E","M","R","M","R","B",null,"M","?","M","$","M","R","E","R","T","R","?","?","M","$","R","B"],"character_chosen":"THE_SILENT","items_purchased":["Cloak And Dagger","Finesse","Juzu Bracelet","Centennial Puzzle","Oddly Smooth Stone","Chemical X","Footwork","OrangePellets","Footwork","Bouncing Flask"],"campfire_rested":0,"item_purchase_floors":[14,14,14,14,38,38,38,48,48,48],"current_hp_per_floor":[70,70,70,56,56,56,56,34,41,41,31,31,31,31,31,25,77,76,76,76,74,74,73,73,73,73,72,72,72,72,72,72,34,77,76,73,63,63,63,63,57,57,57,57,62,62,38,38,38,16],"gold":34,"neow_bonus":"THREE_ENEMY_KILL","is_prod":false,"is_daily":false,"chose_seed":false,"campfire_upgraded":10,"win_rate":0,"timestamp":1540571632,"path_taken":["M","M","?","?","?","E","R","E","T","M","?","R","?","?","R","BOSS","M","?","?","M","?","E","M","R","T","M","E","M","R","M","R","BOSS","M","?","M","$","M","R","E","R","T","R","?","?","M","$","R","BOSS"],"build_version":"2018-10-25v2","purchased_purges":2,"victory":true,"max_hp_per_floor":[70,70,70,70,70,70,70,70,77,77,77,77,77,77,77,77,77,77,77,77,77,77,77,77,77,77,77,77,77,77,77,77,77,77,77,73,73,73,73,73,73,73,73,73,73,73,73,73,73,73],"card_choices":[{"not_picked":["Dagger Throw","Backflip"],"picked":"Masterful Stab","floor":1},{"not_picked":["Prepared","Expertise"],"picked":"Bouncing Flask","floor":2},{"not_picked":["Outmaneuver","Quick Slash"],"picked":"Dodge and Roll","floor":6},{"not_picked":["Dagger Spray","Blade Dance"],"picked":"Predator","floor":8},{"not_picked":["Acrobatics","Deadly Poison"],"picked":"Cloak And Dagger","floor":10},{"not_picked":["Riddle With Holes","Dagger Throw"],"picked":"Backflip","floor":11},{"not_picked":["Grand Finale","Die Die Die"],"picked":"Malaise","floor":16},{"not_picked":["Slice","Underhanded Strike"],"picked":"Dagger Throw+1","floor":18},{"not_picked":["Dagger Spray","Deflect"],"picked":"Cloak And Dagger","floor":21},{"not_picked":["Distraction","Prepared+1"],"picked":"Deflect","floor":23},{"not_picked":["Deadly Poison+1","Backflip+1"],"picked":"Adrenaline","floor":24},{"not_picked":["Caltrops","Slice"],"picked":"Noxious Fumes","floor":27},{"not_picked":["Bouncing Flask","Underhanded Strike"],"picked":"Deadly Poison","floor":28},{"not_picked":["Reflex","Finisher"],"picked":"Escape Plan+1","floor":29},{"not_picked":["Bane+1","Dodge and Roll"],"picked":"Finisher","floor":31},{"not_picked":["Corpse Explosion","Malaise"],"picked":"Bullet Time","floor":33},{"not_picked":["Flying Knee+1","Prepared","Dagger Spray"],"picked":"SKIP","floor":35},{"not_picked":["Prepared+1","Outmaneuver","Flying Knee+1"],"picked":"SKIP","floor":37},{"not_picked":["Riddle With Holes+1","Outmaneuver"],"picked":"Deadly Poison+1","floor":39},{"not_picked":["Eviscerate+1","Underhanded Strike+1"],"picked":"Skewer","floor":41},{"not_picked":["Corpse Explosion","Acrobatics"],"picked":"PiercingWail","floor":45},{"not_picked":["Sucker Punch","Crippling Poison","Masterful Stab"],"picked":"SKIP","floor":47}],"player_experience":837122,"relics_obtained":[{"floor":5,"key":"Mummified Hand"},{"floor":6,"key":"Torii"},{"floor":8,"key":"Potion Belt"},{"floor":9,"key":"Strawberry"},{"floor":23,"key":"Pantograph"},{"floor":26,"key":"Orichalcum"},{"floor":28,"key":"Lantern"},{"floor":41,"key":"PreservedInsect"},{"floor":43,"key":"Matryoshka"},{"floor":45,"key":"Shovel"}],"event_choices":[{"cards_removed":["Strike_G"],"damage_healed":0,"gold_gain":0,"player_choice":"Card Removal","damage_taken":0,"max_hp_gain":0,"max_hp_loss":0,"event_name":"The Cleric","floor":3,"gold_loss":50},{"damage_healed":0,"gold_gain":0,"player_choice":"Entered Light","damage_taken":14,"max_hp_gain":0,"max_hp_loss":0,"event_name":"Shining Light","floor":4,"gold_loss":0,"cards_upgraded":["Bouncing Flask","Strike_G"]},{"damage_healed":0,"gold_gain":0,"player_choice":"Searched \u00272\u0027 times","damage_taken":0,"relics_obtained":["Paper Crane"],"max_hp_gain":0,"max_hp_loss":0,"event_name":"Dead Adventurer","floor":11,"gold_loss":0},{"damage_healed":0,"gold_gain":175,"player_choice":"AGREE","damage_taken":0,"max_hp_gain":0,"max_hp_loss":0,"event_name":"Liars Game","floor":13,"gold_loss":0,"cards_obtained":["Doubt"]},{"damage_healed":0,"gold_gain":0,"player_choice":"1 cards matched","damage_taken":0,"max_hp_gain":0,"max_hp_loss":0,"event_name":"Match and Keep!","floor":19,"gold_loss":0,"cards_obtained":["Neutralize"]},{"damage_healed":0,"gold_gain":0,"player_choice":"Upgraded","damage_taken":0,"max_hp_gain":0,"max_hp_loss":0,"event_name":"Upgrade Shrine","floor":20,"gold_loss":0,"cards_upgraded":["Cloak And Dagger"]},{"damage_healed":0,"gold_gain":0,"player_choice":"Opened","damage_taken":0,"relics_obtained":["MawBank"],"max_hp_gain":0,"max_hp_loss":0,"event_name":"The Mausoleum","floor":22,"gold_loss":0},{"damage_healed":0,"gold_gain":0,"player_choice":"Max HP","damage_taken":0,"max_hp_gain":0,"max_hp_loss":4,"event_name":"Winding Halls","floor":36,"gold_loss":0},{"damage_healed":0,"gold_gain":0,"player_choice":"Fight","damage_taken":0,"max_hp_gain":0,"max_hp_loss":0,"event_name":"MindBloom","floor":45,"gold_loss":0},{"damage_healed":0,"gold_gain":100,"player_choice":"Pray","damage_taken":0,"max_hp_gain":0,"max_hp_loss":0,"event_name":"Golden Shrine","floor":46,"gold_loss":0}],"is_beta":true,"boss_relics":[{"not_picked":["Empty Cage","Philosopher\u0027s Stone"],"picked":"Sozu"},{"not_picked":["Busted Crown","White Beast Statue"],"picked":"Cursed Key"}],"items_purged_floors":[14,48],"is_endless":false,"potions_floor_spawned":[8,10,11,21,27,28,33,45,47],"ascension_level":0}