{"gold_per_floor":[119,119,119,119,119,144,94,94,94,94,123,139,159,171,171,276,276,292,83,83,95,105,139,439,439,439,473,487,312,60,74,74,170,170,170,170,1,1,1,1,1,1,1,1,1,1,1,1,1,1],"floor_reached":51,"playtime":2803,"items_purged":["Defend_B","BootSequence"],"score":1182,"play_id":"7726d537-2a4e-4852-95d5-c0593fb4db20","local_time":"20190521014004","is_ascension_mode":true,"campfire_choices":[{"data":"Dualcast","floor":8,"key":"SMITH"},{"floor":10,"key":"REST"},{"data":"Genetic Algorithm","floor":15,"key":"SMITH"},{"data":"Hologram","floor":25,"key":"SMITH"},{"data":"Madness","floor":32,"key":"SMITH"},{"data":"Defragment","floor":40,"key":"SMITH"},{"floor":49,"key":"REST"}],"neow_cost":"","seed_source_timestamp":243797667285120,"circlet_count":0,"master_deck":["Strike_B+1","Zap","Dualcast+1","Echo Form","Conserve Battery","Cold Snap+1","Glacier","Genetic Algorithm+1","Hologram+1","FTL+1","Electrodynamics","Loop+1","Madness+1","Undo","Beam Cell+1","Hologram+1","Doom and Gloom+1","Fission+1","Conserve Battery+1","Defragment+1","Defragment","Ball Lightning+1","Ball Lightning+1","Core Surge+1","Glacier+1","Doubt","Coolheaded+1"],"relics":["Cracked Core","Runic Capacitor","Symbiotic Virus","Shovel","Cables","Molten Egg 2","Dodecahedron","energizedSpire:SpiderWeb","theJungle:SpiritDisease","Oddly Smooth Stone","Bottled Lightning","theJungle:ShellPeas","Toxic Egg 2","Ectoplasm","Torii","Peace Pipe","Sundial"],"potions_floor_usage":[14,21,27,41,45,50],"damage_taken":[{"damage":9,"enemies":"2 Louse","floor":1,"turns":3},{"damage":18,"enemies":"Gremlin Nob","floor":6,"turns":4},{"damage":0,"enemies":"Lagavulin","floor":11,"turns":6},{"damage":0,"enemies":"Jaw Worm","floor":12,"turns":3},{"damage":0,"enemies":"Small Slimes","floor":13,"turns":3},{"damage":2,"enemies":"2 Fungi Beasts","floor":14,"turns":3},{"damage":6,"enemies":"Slime Boss","floor":16,"turns":6},{"damage":0,"enemies":"theJungle:Flameango_and_Byrd","floor":18,"turns":4},{"damage":0,"enemies":"Shell Parasite","floor":21,"turns":4},{"damage":0,"enemies":"theJungle:JungleHuntersEncounter","floor":22,"turns":5},{"damage":0,"enemies":"theJungle:MamaSnecko","floor":23,"turns":5},{"damage":9,"enemies":"theJungle:Cassacara","floor":27,"turns":6},{"damage":4,"enemies":"theJungle:2_Snecko_Cultists","floor":28,"turns":5},{"damage":0,"enemies":"theJungle:Lyon","floor":31,"turns":3},{"damage":0,"enemies":"theJungle:QueenSpyder","floor":33,"turns":10},{"damage":0,"enemies":"3 Darklings","floor":35,"turns":3},{"damage":0,"enemies":"Orb Walker","floor":38,"turns":4},{"damage":0,"enemies":"4 Shapes","floor":39,"turns":2},{"damage":31,"enemies":"Reptomancer","floor":41,"turns":4},{"damage":1,"enemies":"Giant Head","floor":44,"turns":7},{"damage":0,"enemies":"Transient","floor":45,"turns":5},{"damage":44,"enemies":"Writhing Mass","floor":48,"turns":5},{"damage":0,"enemies":"Awakened One","floor":50,"turns":19}],"seed_played":"3538186237381249008","potions_obtained":[{"floor":11,"key":"Block Potion"},{"floor":14,"key":"LiquidBronze"},{"floor":16,"key":"Block Potion"},{"floor":18,"key":"SteroidPotion"},{"floor":22,"key":"Fire Potion"},{"floor":31,"key":"GamblersBrew"},{"floor":39,"key":"Dexterity Potion"},{"floor":41,"key":"Block Potion"},{"floor":45,"key":"Explosive Potion"}],"is_trial":false,"path_per_floor":["M","?","?","?","?","E","?","R","T","R","E","M","M","M","R","B",null,"M","$","?","M","M","E","?","R","T","E","M","?","$","M","R","B",null,"M","?","$","M","M","R","E","$","T","E","M","?","?","M","R","B",null],"character_chosen":"DEFECT","items_purchased":["Echo Form","Runic Capacitor","Symbiotic Virus","Conserve Battery","BootSequence","Madness","Toxic Egg 2","Defragment"],"campfire_rested":2,"item_purchase_floors":[0,0,0,0,19,19,30,37],"current_hp_per_floor":[66,66,59,52,37,19,19,19,19,41,41,41,41,39,39,33,75,75,75,75,75,75,75,55,55,55,46,42,42,42,42,42,42,75,75,75,75,75,75,75,44,44,44,43,43,75,75,31,53,53],"gold":1,"neow_bonus":"","is_prod":false,"is_daily":false,"chose_seed":false,"campfire_upgraded":5,"win_rate":0,"timestamp":1558392004,"path_taken":["M","?","?","?","?","E","?","R","T","R","E","?","M","?","R","BOSS","M","?","?","M","M","E","?","R","T","E","M","?","?","?","R","BOSS","M","?","$","M","M","R","E","$","T","E","M","?","?","?","R","BOSS"],"build_version":"2019-01-23","purchased_purges":2,"victory":true,"max_hp_per_floor":[75,75,75,75,75,75,75,75,75,75,75,75,75,75,75,75,75,75,75,75,75,75,75,75,75,75,75,75,75,75,75,75,75,75,75,75,75,75,75,75,75,75,75,75,75,75,75,75,75,75],"card_choices":[{"not_picked":["Rebound","Sweeping Beam"],"picked":"Cold Snap","floor":1},{"not_picked":["Barrage","Turbo"],"picked":"Glacier","floor":6},{"not_picked":["Steam","Machine Learning","Scrape+1"],"picked":"SKIP","floor":11},{"not_picked":["Beam Cell+1","Melter+1"],"picked":"Genetic Algorithm","floor":12},{"not_picked":["Redo","BootSequence"],"picked":"Hologram","floor":13},{"not_picked":["Turbo","Steam"],"picked":"FTL+1","floor":14},{"not_picked":["Hyperbeam+1","Amplify"],"picked":"Electrodynamics","floor":16},{"not_picked":["White Noise","Streamline+1"],"picked":"Loop+1","floor":18},{"not_picked":["Cold Snap+1","Aggregate"],"picked":"Undo","floor":21},{"not_picked":["Steam","Force Field"],"picked":"Beam Cell+1","floor":22},{"not_picked":["Heatsinks","Beam Cell+1"],"picked":"Hologram+1","floor":23},{"not_picked":["Streamline+1","Hologram","Force Field"],"picked":"SKIP","floor":27},{"not_picked":["Chill+1","Steam Power","Aggregate"],"picked":"SKIP","floor":28},{"not_picked":["Gash+1","Hologram+1"],"picked":"Doom and Gloom+1","floor":31},{"not_picked":["Electrodynamics","Amplify+1"],"picked":"Fission+1","floor":33},{"not_picked":["Barrage+1","Leap+1"],"picked":"Conserve Battery+1","floor":35},{"not_picked":["Barrage+1","Recycle+1"],"picked":"Defragment","floor":38},{"not_picked":["Leap+1","Compile Driver+1"],"picked":"Ball Lightning+1","floor":39},{"not_picked":["Electrodynamics","Turbo+1"],"picked":"Ball Lightning+1","floor":41},{"not_picked":["Steam+1","Conserve Battery+1"],"picked":"Core Surge+1","floor":44},{"not_picked":["Ball Lightning+1","Cold Snap+1"],"picked":"Glacier+1","floor":45},{"not_picked":["Steam+1","Compile Driver+1"],"picked":"Coolheaded+1","floor":48}],"player_experience":148979,"relics_obtained":[{"floor":6,"key":"Cables"},{"floor":9,"key":"Molten Egg 2"},{"floor":11,"key":"Dodecahedron"},{"floor":23,"key":"Oddly Smooth Stone"},{"floor":27,"key":"Bottled Lightning"},{"floor":41,"key":"Torii"},{"floor":43,"key":"Peace Pipe"},{"floor":44,"key":"Sundial"}],"event_choices":[{"cards_removed":["Strike_B"],"damage_healed":0,"gold_gain":0,"player_choice":"Forget","damage_taken":0,"max_hp_gain":0,"max_hp_loss":0,"event_name":"Living Wall","floor":2,"gold_loss":0},{"damage_healed":0,"gold_gain":0,"player_choice":"Success","damage_taken":7,"relics_obtained":["Shovel"],"max_hp_gain":0,"max_hp_loss":0,"event_name":"Scrap Ooze","floor":3,"gold_loss":0},{"cards_removed":["Strike_B"],"damage_healed":0,"gold_gain":0,"player_choice":"Card Removal","damage_taken":7,"max_hp_gain":0,"max_hp_loss":0,"event_name":"Golden Wing","floor":4,"gold_loss":0},{"damage_healed":0,"gold_gain":0,"player_choice":"Entered Light","damage_taken":15,"max_hp_gain":0,"max_hp_loss":0,"event_name":"Shining Light","floor":5,"gold_loss":0,"cards_upgraded":["Strike_B","Cold Snap"]},{"cards_removed":["Strike_B"],"damage_healed":0,"gold_gain":0,"player_choice":"Card Removal","damage_taken":0,"max_hp_gain":0,"max_hp_loss":0,"event_name":"The Cleric","floor":7,"gold_loss":50},{"damage_healed":0,"gold_gain":0,"player_choice":"Ignored","damage_taken":0,"max_hp_gain":0,"max_hp_loss":0,"event_name":"Tomb of Lord Red Mask","floor":36,"gold_loss":0},{"damage_healed":32,"gold_gain":0,"player_choice":"Heal","damage_taken":0,"max_hp_gain":0,"max_hp_loss":0,"event_name":"MindBloom","floor":46,"gold_loss":0,"cards_obtained":["Doubt"]},{"damage_healed":0,"gold_gain":100,"player_choice":"Pray","damage_taken":0,"max_hp_gain":0,"max_hp_loss":0,"event_name":"Golden Shrine","floor":47,"gold_loss":0}],"is_beta":false,"boss_relics":[{"not_picked":["Coffee Dripper","Lizard Tail"],"picked":"energizedSpire:SpiderWeb"},{"not_picked":["White Beast Statue","energizedSpire:OldTV"],"picked":"Ectoplasm"}],"items_purged_floors":[19,37],"is_endless":false,"potions_floor_spawned":[11,14,16,18,22,23,31,39,41,45],"ascension_level":1}