{"gold_per_floor":[111,8,27,102,102,102,130,130,198,227,238,263,280,294,294,392,392,408,408,428,455,21,351,371,371,439,439,439,439],"floor_reached":29,"playtime":1261,"items_purged":[],"score":300,"play_id":"4c5418e7-9fd4-4a03-9684-22e5528ed77d","local_time":"20190131092859","is_ascension_mode":true,"campfire_choices":[{"data":"strawberrySpire:AngeryBot","floor":6.0,"key":"SMITH"},{"data":"strawberrySpire:Adapter","floor":15,"key":"SMITH"},{"data":"Hologram","floor":25,"key":"SMITH"},{"data":"Hologram","floor":27,"key":"SMITH"}],"neow_cost":"NONE","seed_source_timestamp":0,"circlet_count":0,"master_deck":["Strike_B","Strike_B","Defend_B","Defend_B","Defend_B","Defend_B","Zap","Dualcast","Glacier","strawberrySpire:AngeryBot+1","Compile Driver","Ball Lightning","Zap","strawberrySpire:Adapter+1","White Noise","Hologram+1","Undo","Rebound","strawberrySpire:FocalLaser","Reboot","Beam Cell+1","BootSequence+1","strawberrySpire:Compressor+1","Core Surge","Hologram+1","strawberrySpire:BreederCore","Turbo","Writhe"],"special_seed":0,"relics":["Cracked Core","NeowsBlessing","Dream Catcher","Cables","Bottled Lightning","Happy Flower","Lantern","Sozu","Boot","strawberrySpire:CharschorBlot","Old Coin","Toxic Egg 2","Shovel"],"potions_floor_usage":[14,16],"damage_taken":[{"damage":0.0,"enemies":"2 Louse","floor":1.0,"turns":1.0},{"damage":0.0,"enemies":"Small Slimes","floor":3.0,"turns":1.0},{"damage":0.0,"enemies":"Gremlin Nob","floor":7.0,"turns":1.0},{"damage":12.0,"enemies":"3 Sentries","floor":10.0,"turns":8.0},{"damage":0.0,"enemies":"Cultist","floor":11.0,"turns":3.0},{"damage":29.0,"enemies":"Gremlin Nob","floor":12.0,"turns":5.0},{"damage":2.0,"enemies":"Large Slime","floor":13.0,"turns":4.0},{"damage":10,"enemies":"Gremlin Gang","floor":14,"turns":4},{"damage":2,"enemies":"The Guardian","floor":16,"turns":9},{"damage":0,"enemies":"theJungle:GiantWrat","floor":18,"turns":6},{"damage":3,"enemies":"Shell Parasite","floor":20,"turns":5},{"damage":55,"enemies":"theJungle:MamaSnecko","floor":23,"turns":6},{"damage":7,"enemies":"theJungle:SlimyTreeVines","floor":24,"turns":8},{"damage":21,"enemies":"theJungle:2_Snecko_Cultists","floor":29,"turns":3}],"seed_played":"-6595491325011794930","potions_obtained":[{"floor":1.0,"key":"Dexterity Potion"},{"floor":7.0,"key":"Strength Potion"},{"floor":13.0,"key":"FearPotion"},{"floor":14,"key":"Dexterity Potion"}],"is_trial":false,"path_per_floor":["M","$","M","?","?","R","E","?","T","E","M","E","M","M","R","B",null,"M","?","M","T","$","E","M","R","T","R","?","M"],"character_chosen":"DEFECT","items_purchased":["strawberrySpire:AngeryBot","Compile Driver","strawberrySpire:CharschorBlot","Core Surge","Hologram"],"campfire_rested":0,"item_purchase_floors":[2,2,22,22,22],"current_hp_per_floor":[75,75,75,64,61,61,61,61,61,49,49,20,18,8,8,6,75,75,75,72,72,72,17,16,16,16,16,16,0],"gold":439,"neow_bonus":"THREE_ENEMY_KILL","is_prod":false,"is_daily":false,"chose_seed":false,"campfire_upgraded":4,"win_rate":0,"timestamp":1548916139,"path_taken":["M","$","M","?","?","R","E","?","T","E","?","E","M","M","R","BOSS","M","?","?","?","$","E","M","R","T","R","?","M"],"build_version":"2019-01-23","purchased_purges":0,"victory":false,"max_hp_per_floor":[75,75,75,75,75,75,75,75,75,75,75,75,75,75,75,75,75,75,75,75,75,75,75,75,75,75,75,75,75],"card_choices":[{"not_picked":["Sunder","strawberrySpire:BlasterWyrm"],"picked":"Glacier","floor":1.0},{"not_picked":["Chaos","Streamline"],"picked":"Ball Lightning","floor":3.0},{"not_picked":["Stack","Compile Driver","Aggregate"],"picked":"SKIP","floor":7.0},{"not_picked":["Genetic Algorithm","Stack"],"picked":"White Noise","floor":10.0},{"not_picked":["Sweeping Beam","strawberrySpire:Package"],"picked":"Hologram","floor":11.0},{"not_picked":["Melter","Barrage"],"picked":"Undo","floor":12.0},{"not_picked":["Streamline","Rip and Tear"],"picked":"Rebound","floor":13.0},{"not_picked":["Darkness","Meteor Strike"],"picked":"strawberrySpire:FocalLaser","floor":14},{"not_picked":["Multi-Cast","Buffer"],"picked":"Reboot","floor":16},{"not_picked":["strawberrySpire:DataDump+1","Compile Driver"],"picked":"Beam Cell+1","floor":18},{"not_picked":["Rebound","Beam Cell"],"picked":"BootSequence+1","floor":20},{"not_picked":["Streamline+1","Barrage"],"picked":"strawberrySpire:BreederCore","floor":23},{"not_picked":["Redo","Streamline"],"picked":"Turbo","floor":24}],"player_experience":1112943,"relics_obtained":[{"floor":7.0,"key":"Cables"},{"floor":9.0,"key":"Bottled Lightning"},{"floor":10.0,"key":"Happy Flower"},{"floor":12.0,"key":"Lantern"},{"floor":21,"key":"Boot"},{"floor":23,"key":"Old Coin"},{"floor":26,"key":"Toxic Egg 2"}],"event_choices":[{"damage_healed":0.0,"max_hp_gain":0.0,"max_hp_loss":0.0,"gold_gain":75.0,"event_name":"World of Goop","player_choice":"Gather Gold","floor":4.0,"gold_loss":0.0,"damage_taken":11.0},{"damage_healed":0.0,"max_hp_gain":0.0,"max_hp_loss":0.0,"gold_gain":0.0,"event_name":"Scrap Ooze","player_choice":"Success","floor":5.0,"gold_loss":0.0,"damage_taken":3.0,"relics_obtained":["Dream Catcher"]},{"damage_healed":0.0,"max_hp_gain":0.0,"max_hp_loss":0.0,"gold_gain":0.0,"event_name":"Match and Keep!","player_choice":"2 cards matched","floor":8.0,"gold_loss":0.0,"damage_taken":0.0,"cards_obtained":["Zap","strawberrySpire:Adapter"]},{"cards_removed":["Strike_B"],"damage_healed":0,"gold_gain":0,"player_choice":"Purged","damage_taken":0,"max_hp_gain":0,"max_hp_loss":0,"event_name":"Purifier","floor":19,"gold_loss":0}],"is_beta":true,"boss_relics":[{"not_picked":["Coffee Dripper","Busted Crown"],"picked":"Sozu"}],"items_purged_floors":[],"is_endless":false,"potions_floor_spawned":[1,7,13,14,24],"killed_by":"theJungle:2_Snecko_Cultists","ascension_level":1}