{"gold_per_floor":[127,402,435,435,21,21,21,21,48,118,198,231,231,40,40,288,413,461,536,611,636,551,551,551,551,551,551],"floor_reached":27,"playtime":1146,"items_purged":["Regret","Forethought+1"],"score":263,"play_id":"bad27ba8-ff08-425c-ab7d-41e792f02084","local_time":"20181006054923","daily_mods":["Allstar","Colorless Cards","Heirloom","Time Dilation","Flight","DeadlyEvents","Elite Swarm","MonsterHunter"],"is_ascension_mode":false,"campfire_choices":[{"data":"1","floor":6,"key":"LIFT"},{"data":"2","floor":7,"key":"LIFT"},{"data":"3","floor":8,"key":"LIFT"},{"floor":13,"key":"REST"},{"data":"Hologram","floor":15,"key":"SMITH"},{"data":"Apotheosis","floor":23,"key":"SMITH"},{"data":"Mayhem","floor":24,"key":"SMITH"},{"data":"Zap","floor":25,"key":"SMITH"}],"neow_cost":"","seed_source_timestamp":0,"circlet_count":0,"master_deck":["Strike_B","Strike_B","Strike_B","Strike_B","Defend_B+1","Defend_B","Defend_B","Defend_B","Zap+1","Dualcast+1","Secret Weapon+1","Blind","Purity","Trip","Compile Driver","Conserve Battery","Turbo+1","Apotheosis+1","Mayhem+1","Flash of Steel","Hologram+1","Go for the Eyes","Capacitor","Violence","Capacitor","Deep Breath","Gash"],"relics":["Cracked Core","Girya","Vajra","Omamori","Pen Nib","Anchor","Smiling Mask","Tiny House","Red Mask","Strawberry","War Paint","Potion Belt"],"potions_floor_usage":[2,18],"damage_taken":[{"damage":6,"enemies":"Small Slimes","floor":1,"turns":4},{"damage":4,"enemies":"Cultist","floor":3,"turns":5},{"damage":24,"enemies":"Lagavulin","floor":10,"turns":6},{"damage":17,"enemies":"Gremlin Nob","floor":11,"turns":4},{"damage":0,"enemies":"2 Louse","floor":12,"turns":2},{"damage":8,"enemies":"Hexaghost","floor":16,"turns":8},{"damage":8,"enemies":"3 Byrds","floor":18,"turns":5},{"damage":18,"enemies":"Masked Bandits","floor":20,"turns":4},{"damage":59,"enemies":"Slavers","floor":27,"turns":4}],"seed_played":"-7607361488861313299","potions_obtained":[{"floor":1,"key":"Fruit Juice"},{"floor":17,"key":"AttackPotion"}],"is_trial":true,"path_per_floor":["M","?","M","?","$","R","R","R","T","E","E","M","R","$","R","B",null,"M","?","?","T","?","R","R","R","T"],"character_chosen":"DEFECT","items_purchased":["Turbo","Vajra","Omamori","Hologram","Go for the Eyes","Capacitor"],"campfire_rested":1,"item_purchase_floors":[5,5,5,14,14,14],"current_hp_per_floor":[69,74,70,54,54,54,54,54,54,30,13,13,37,37,37,29,85,77,69,51,58,58,58,58,58,58,0],"gold":551,"neow_bonus":"","is_prod":false,"is_daily":false,"chose_seed":false,"campfire_upgraded":4,"win_rate":0,"timestamp":1538794163,"path_taken":["M","?","?","?","?","R","R","R","T","E","E","M","R","$","R","BOSS","M","?","?","?","?","R","R","R","T","E"],"build_version":"2018-10-04","purchased_purges":2,"victory":false,"max_hp_per_floor":[75,80,80,80,80,80,80,80,80,80,80,80,80,80,80,80,85,85,85,85,92,92,92,92,92,92,92],"card_choices":[{"not_picked":["Aggregate","Deep Breath"],"picked":"Compile Driver","floor":1},{"not_picked":["Double Energy","Cold Snap"],"picked":"Conserve Battery","floor":3},{"not_picked":["Magnetism","Violence"],"picked":"Apotheosis","floor":10},{"not_picked":["Meteor Strike","Secret Technique"],"picked":"Mayhem","floor":11},{"not_picked":["PanicButton","Darkness"],"picked":"Flash of Steel","floor":12},{"not_picked":["Secret Weapon","The Bomb"],"picked":"Violence","floor":16},{"not_picked":["Conserve Battery","Fusion"],"picked":"Capacitor","floor":17},{"not_picked":["Barrage","Go for the Eyes"],"picked":"Deep Breath","floor":18},{"not_picked":["Compile Driver","Stack"],"picked":"Gash","floor":20}],"player_experience":740443,"relics_obtained":[{"floor":9,"key":"Pen Nib"},{"floor":10,"key":"Anchor"},{"floor":11,"key":"Smiling Mask"},{"floor":20,"key":"Red Mask"},{"floor":21,"key":"Strawberry"},{"floor":26,"key":"Potion Belt"}],"event_choices":[{"event_name":"Golden Shrine","player_choice":"Desecrate","floor":2,"damage_taken":0},{"event_name":"Shining Light","player_choice":"Entered Light","floor":4,"damage_taken":0},{"event_name":"FaceTrader","player_choice":"Touch","floor":19,"damage_taken":0},{"event_name":"Masked Bandits","player_choice":"Fought Bandits","floor":20,"damage_taken":0},{"event_name":"Addict","player_choice":"Obtained Relic","floor":22,"damage_taken":0}],"is_beta":true,"boss_relics":[{"not_picked":["Orrery","Empty Cage"],"picked":"Tiny House"}],"items_purged_floors":[5,14],"is_endless":false,"potions_floor_spawned":[1],"killed_by":"Slavers","ascension_level":0}