{"gold_per_floor":[366,379,379,379,255,255,49,69,69,84,100,100,100,119,119,240,240,253,153,153,166,17,17,37,37,37,37,312,16,35,48,48,167,167,183,8,28,328,341,374,392,392,392,425,425,150,150,8,8,8],"floor_reached":50,"playtime":1210,"items_purged":["Parasite","Strike_R","Defend_R","Regret","Strike_R","Shame"],"score":590,"play_id":"58271ff4-1350-4c69-9135-2f8fd6163a9c","local_time":"20190908141529","is_ascension_mode":false,"campfire_choices":[{"data":"Bash","floor":6,"key":"SMITH"},{"data":"Disarm","floor":12,"key":"SMITH"},{"data":"Cleave","floor":15,"key":"SMITH"},{"data":"Heavy Blade","floor":23,"key":"SMITH"},{"data":"Demon Form","floor":25,"key":"SMITH"},{"data":"Sword Boomerang","floor":27,"key":"SMITH"},{"data":"Headbutt","floor":32,"key":"SMITH"},{"floor":42,"key":"REST"},{"floor":45,"key":"REST"},{"floor":49,"key":"REST"}],"neow_cost":"CURSE","seed_source_timestamp":1069672127350,"circlet_count":0,"master_deck":["Strike_R+1","Strike_R","Defend_R+1","Defend_R+1","Defend_R+1","Bash+1","Disarm+1","Headbutt+1","Thunderclap","Reckless Charge","Cleave+1","Demon Form+1","Sword Boomerang+1","Uppercut+1","Heavy Blade+1","Twin Strike+1","Shockwave+1","Demon Form","Sword Boomerang+1","Rampage+1","Sword Boomerang+1","Heavy Blade","Corruption","Feel No Pain","Sentinel"],"relics":["Burning Blood","Golden Idol","Brimstone","Letter Opener","Blood Vial","Sozu","Paper Frog","Vajra","Cursed Key","War Paint","Mummified Hand","Peace Pipe"],"potions_floor_usage":[50,50],"damage_taken":[{"damage":6,"enemies":"Cultist","floor":1,"turns":6},{"damage":9,"enemies":"Jaw Worm","floor":2,"turns":3},{"damage":1,"enemies":"Small Slimes","floor":8,"turns":2},{"damage":7,"enemies":"Red Slaver","floor":10,"turns":3},{"damage":19,"enemies":"Exordium Thugs","floor":11,"turns":3},{"damage":0,"enemies":"Exordium Wildlife","floor":14,"turns":3},{"damage":0,"enemies":"Slime Boss","floor":16,"turns":6},{"damage":8,"enemies":"Shell Parasite","floor":18,"turns":3},{"damage":7,"enemies":"Spheric Guardian","floor":21,"turns":3},{"damage":16,"enemies":"Centurion and Healer","floor":24,"turns":4},{"damage":3,"enemies":"Cultist and Chosen","floor":30,"turns":2},{"damage":0,"enemies":"Snecko","floor":31,"turns":2},{"damage":36,"enemies":"Champ","floor":33,"turns":5},{"damage":23,"enemies":"3 Shapes","floor":35,"turns":2},{"damage":8,"enemies":"3 Darklings","floor":37,"turns":3},{"damage":17,"enemies":"Sphere and 2 Shapes","floor":39,"turns":3},{"damage":18,"enemies":"Reptomancer","floor":40,"turns":4},{"damage":12,"enemies":"Maw","floor":41,"turns":5},{"damage":39,"enemies":"Giant Head","floor":44,"turns":6},{"damage":76,"enemies":"Donu and Deca","floor":50,"turns":3}],"seed_played":"-8856016074612376679","potions_obtained":[{"floor":2,"key":"Strength Potion"},{"floor":11,"key":"Strength Potion"}],"is_trial":false,"path_per_floor":["M","M","?","?","$","R","$","M","T","M","M","R","T","M","R","B",null,"M","$","?","M","$","R","M","R","T","R","?","$","M","M","R","B",null,"M","$","M","?","M","E","M","R","T","E","R","$","?","$","R","B"],"character_chosen":"IRONCLAD","items_purchased":["Headbutt","Brimstone","Heavy Blade","Vajra","Corruption","Feel No Pain","Sentinel"],"campfire_rested":3,"item_purchase_floors":[5,7,22,29,46,48,48],"current_hp_per_floor":[80,77,74,59,59,59,59,64,64,63,50,50,50,58,58,66,71,69,69,69,70,70,70,61,61,61,61,61,61,66,71,71,41,71,54,54,54,54,45,35,31,52,52,21,42,42,42,42,63,0],"gold":8,"neow_bonus":"TWO_FIFTY_GOLD","is_prod":false,"is_daily":false,"chose_seed":false,"campfire_upgraded":7,"win_rate":0,"timestamp":1567973729,"path_taken":["M","M","?","?","?","R","$","M","T","?","M","R","?","M","R","BOSS","M","$","?","M","$","R","?","R","T","R","?","$","M","M","R","BOSS","M","?","M","?","?","E","?","R","T","E","R","$","?","$","R","BOSS"],"build_version":"2019-07-17","purchased_purges":6,"victory":false,"max_hp_per_floor":[80,80,74,74,71,71,71,71,71,71,71,71,71,71,71,71,71,71,71,71,71,71,71,71,71,71,71,71,71,71,71,71,71,71,71,71,71,71,71,71,71,71,71,71,71,71,71,71,71,71],"card_choices":[{"not_picked":["Pommel Strike","Anger"],"picked":"Disarm","floor":1},{"not_picked":["Warcry","Rupture","Iron Wave"],"picked":"SKIP","floor":2},{"not_picked":["Infernal Blade","Warcry"],"picked":"Thunderclap","floor":8},{"not_picked":["True Grit","Seeing Red","Infernal Blade"],"picked":"SKIP","floor":10},{"not_picked":["Metallicize","Body Slam"],"picked":"Reckless Charge","floor":11},{"not_picked":["True Grit","Wild Strike"],"picked":"Cleave","floor":14},{"not_picked":["Dark Embrace","Bludgeon"],"picked":"Demon Form","floor":16},{"not_picked":["Rampage","Warcry"],"picked":"Sword Boomerang","floor":18},{"not_picked":["Clash","Second Wind"],"picked":"Uppercut+1","floor":21},{"not_picked":["Body Slam+1","Cleave"],"picked":"Twin Strike+1","floor":24},{"not_picked":["Wild Strike","Corruption"],"picked":"Shockwave+1","floor":30},{"not_picked":["Flex","Cleave+1","Warcry"],"picked":"SKIP","floor":31},{"not_picked":["Berserk","Bludgeon"],"picked":"Demon Form","floor":33},{"not_picked":["Shrug It Off","Anger"],"picked":"Sword Boomerang+1","floor":35},{"not_picked":["Clothesline","Body Slam+1"],"picked":"Rampage+1","floor":37},{"not_picked":["Searing Blow+1","Cleave+1","Blood for Blood"],"picked":"SKIP","floor":39},{"not_picked":["Clothesline","Bludgeon","Havoc"],"picked":"SKIP","floor":40},{"not_picked":["Flex","Pommel Strike+1"],"picked":"Sword Boomerang+1","floor":41},{"not_picked":["Headbutt+1","Perfected Strike+1"],"picked":"Heavy Blade","floor":44}],"player_experience":1723415,"relics_obtained":[{"floor":9,"key":"Letter Opener"},{"floor":13,"key":"Blood Vial"},{"floor":26,"key":"Paper Frog"},{"floor":40,"key":"War Paint"},{"floor":43,"key":"Mummified Hand"},{"floor":44,"key":"Peace Pipe"}],"event_choices":[{"damage_healed":0,"gold_gain":0,"player_choice":"Lose Max HP","damage_taken":0,"relics_obtained":["Golden Idol"],"max_hp_gain":0,"max_hp_loss":6,"event_name":"Golden Idol","floor":3,"gold_loss":0},{"damage_healed":0,"gold_gain":0,"player_choice":"Entered Light","damage_taken":15,"max_hp_gain":0,"max_hp_loss":0,"event_name":"Shining Light","floor":4,"gold_loss":0,"cards_upgraded":["Defend_R","Strike_R"]},{"cards_removed":["Strike_R"],"damage_healed":0,"gold_gain":0,"player_choice":"Offered Basic","damage_taken":0,"max_hp_gain":0,"max_hp_loss":0,"event_name":"Bonfire Elementals","floor":20,"gold_loss":0},{"damage_healed":0,"gold_gain":275,"player_choice":"Desecrate","damage_taken":0,"max_hp_gain":0,"max_hp_loss":0,"event_name":"Golden Shrine","floor":28,"gold_loss":0,"cards_obtained":["Regret"]},{"damage_healed":0,"gold_gain":300,"player_choice":"Gold","damage_taken":0,"max_hp_gain":0,"max_hp_loss":0,"event_name":"Wheel of Change","floor":38,"gold_loss":0},{"damage_healed":0,"gold_gain":0,"player_choice":"Ignored","damage_taken":0,"max_hp_gain":0,"max_hp_loss":0,"event_name":"Mysterious Sphere","floor":47,"gold_loss":0}],"is_beta":false,"boss_relics":[{"not_picked":["Eternal Feather","Black Blood"],"picked":"Sozu"},{"not_picked":["Lizard Tail","Empty Cage"],"picked":"Cursed Key"}],"items_purged_floors":[5,19,22,29,36,46],"is_endless":false,"potions_floor_spawned":[2,11,21,30,33,37,39,40],"killed_by":"Donu and Deca","ascension_level":0}