{"gold_per_floor":[116,133,308,325,345,345,9,43,43,73,84,99,110,175,175,277,277,289,289,289,117,136,168,168,168,168,168,187,217,217,116,116,215,215,234,245,98,115,130,155,167,167],"floor_reached":42,"playtime":3710,"items_purged":["Doubt","Strike_P"],"score":620,"play_id":"e73766a5-93f8-4d14-bee7-9146a79bd72e","local_time":"20190919112533","is_ascension_mode":true,"campfire_choices":[{"floor":6.0,"key":"RECALL"},{"floor":15.0,"key":"REST"},{"floor":25.0,"key":"REST"},{"floor":32,"key":"REST"}],"neow_cost":"NONE","seed_source_timestamp":0,"circlet_count":0,"master_deck":["Strike_P+1","Defend_P+1","Defend_P+1","Defend_P+1","Defend_P+1","Eruption","Vigilance+1","Consecrate+1","EmptyBody","Worship+1","LessonLearned+1","Devotion+1","ThirdEye+1","ForeignInfluence+1","JustLucky+1","CutThroughFate+1","JustLucky+1","DevaForm+1","FollowUp+1","LessonLearned+1","ThirdEye+1","Protect+1","Prostrate+1","DevaForm+1","Sanctity+1","Wireheading","TalkToTheHand","Devotion+1","SandsOfTime+1","Parasite","Devotion+1","JustLucky+1"],"special_seed":0,"relics":["Fusion Hammer","Gremlin Horn","Bottled Tornado","Blood Vial","Tiny Chest","VioletLotus","White Beast Statue","Singing Bowl","Matryoshka","Calipers","Runic Dome","Molten Egg 2"],"potions_floor_usage":[29,33,40,41,42],"damage_taken":[{"damage":0.0,"enemies":"Jaw Worm","floor":1.0,"turns":4.0},{"damage":0.0,"enemies":"Cultist","floor":2.0,"turns":2.0},{"damage":0.0,"enemies":"2 Louse","floor":4.0,"turns":3.0},{"damage":0.0,"enemies":"2 Fungi Beasts","floor":5.0,"turns":3.0},{"damage":37.0,"enemies":"Gremlin Nob","floor":8.0,"turns":6.0},{"damage":0.0,"enemies":"3 Sentries","floor":10.0,"turns":3.0},{"damage":4.0,"enemies":"Exordium Thugs","floor":11.0,"turns":5.0},{"damage":0.0,"enemies":"Looter","floor":12.0,"turns":2.0},{"damage":10.0,"enemies":"2 Fungi Beasts","floor":13.0,"turns":6.0},{"damage":8.0,"enemies":"Gremlin Nob","floor":14.0,"turns":4.0},{"damage":24.0,"enemies":"Slime Boss","floor":16.0,"turns":8.0},{"damage":6.0,"enemies":"Chosen","floor":18.0,"turns":8.0},{"damage":0.0,"enemies":"Shell Parasite","floor":22.0,"turns":8.0},{"damage":8.0,"enemies":"Book of Stabbing","floor":23.0,"turns":6.0},{"damage":0,"enemies":"Centurion and Healer","floor":28,"turns":11},{"damage":3,"enemies":"Slavers","floor":29,"turns":8},{"damage":0,"enemies":"Automaton","floor":33,"turns":17},{"damage":18,"enemies":"Orb Walker","floor":35,"turns":4},{"damage":3,"enemies":"3 Shapes","floor":36,"turns":5},{"damage":45,"enemies":"Sphere and 2 Shapes","floor":38,"turns":8},{"damage":4,"enemies":"Writhing Mass","floor":39,"turns":9},{"damage":1,"enemies":"Giant Head","floor":40,"turns":10},{"damage":4,"enemies":"3 Darklings","floor":41,"turns":7},{"damage":37,"enemies":"Nemesis","floor":42,"turns":2}],"seed_played":"-105733408216597559","potions_obtained":[{"floor":1.0,"key":"SteroidPotion"},{"floor":2.0,"key":"AttackPotion"},{"floor":8.0,"key":"Fire Potion"},{"floor":10.0,"key":"LiquidBronze"},{"floor":12.0,"key":"Energy Potion"},{"floor":22.0,"key":"Dexterity Potion"},{"floor":23.0,"key":"SpeedPotion"},{"floor":28,"key":"PowerPotion"},{"floor":29,"key":"EssenceOfSteel"},{"floor":33,"key":"Dexterity Potion"},{"floor":35,"key":"Strength Potion"},{"floor":39,"key":"SkillPotion"},{"floor":40,"key":"Ancient Potion"},{"floor":41,"key":"Ancient Potion"}],"is_trial":false,"path_per_floor":["M","M","?","M","M","R","$","E","T","E","M","M","M","E","R","B",null,"M","?","T","$","M","E","?","R","T","?","M","E","?","$","R","B",null,"M","M","$","M","M","E","M","E"],"character_chosen":"WATCHER","items_purchased":["LessonLearned","Devotion","ThirdEye","LessonLearned","Protect","Prostrate","TalkToTheHand","Devotion"],"campfire_rested":3,"item_purchase_floors":[7,7,7,21,31,31,37,37],"current_hp_per_floor":[65,65,65,65,65,65,65,28,28,28,26,28,20,14,33,11,65,59,59,59,59,61,57,45,66,66,66,68,69,69,69,74,74,74,56,55,55,12,12,13,11,0],"gold":167,"neow_bonus":"BOSS_RELIC","is_prod":false,"is_daily":false,"chose_seed":false,"campfire_upgraded":0,"win_rate":0,"timestamp":1568881533,"path_taken":["M","M","?","M","M","R","?","E","T","E","M","M","?","E","R","BOSS","M","?","?","$","M","E","?","R","T","?","?","E","?","?","R","BOSS","M","M","$","M","M","E","M","E"],"build_version":"2019-09-18","purchased_purges":2,"victory":false,"max_hp_per_floor":[65,65,65,65,65,65,65,65,65,65,65,65,65,65,65,65,65,65,65,65,65,65,67,72,72,72,72,72,74,74,74,74,74,74,74,74,74,74,76,76,76,76],"card_choices":[{"not_picked":["PathToVictory","DeceiveReality"],"picked":"Consecrate","floor":1.0},{"not_picked":["ClearTheMind","FlyingSleeves"],"picked":"EmptyBody","floor":2.0},{"not_picked":["Crescendo","CrushJoints"],"picked":"Worship","floor":4.0},{"not_picked":["InnerPeace","Swivel","Weave"],"picked":"SKIP","floor":5.0},{"not_picked":["Crescendo","InnerPeace"],"picked":"ForeignInfluence","floor":8.0},{"not_picked":["FlyingSleeves","EmptyMind"],"picked":"JustLucky","floor":10.0},{"not_picked":["SashWhip","Crescendo","Tantrum"],"picked":"SKIP","floor":11.0},{"not_picked":["SashWhip","Consecrate"],"picked":"CutThroughFate","floor":12.0},{"not_picked":["FlyingSleeves","BattleHymn"],"picked":"JustLucky","floor":13.0},{"not_picked":["WaveOfTheHand","Adaptation","ClearTheMind"],"picked":"SKIP","floor":14.0},{"not_picked":["Blasphemy","DeusExMachina"],"picked":"DevaForm","floor":16.0},{"not_picked":["Tantrum","Halt"],"picked":"FollowUp","floor":18.0},{"not_picked":["FlyingSleeves","FollowUp","Fasting"],"picked":"SKIP","floor":22.0},{"not_picked":["Worship","PathToVictory","Halt"],"picked":"Singing Bowl","floor":23.0},{"not_picked":["FlyingSleeves","Conclude"],"picked":"ThirdEye+1","floor":28},{"not_picked":["EmptyFist","BowlingBash","Crescendo"],"picked":"Singing Bowl","floor":29},{"not_picked":["Adaptation","SignatureMove"],"picked":"DevaForm","floor":33},{"not_picked":["FlyingSleeves","CutThroughFate+1"],"picked":"Sanctity","floor":35},{"not_picked":["BowlingBash","InnerPeace"],"picked":"Wireheading","floor":36},{"not_picked":["JustLucky","ThirdEye+1"],"picked":"SandsOfTime+1","floor":38},{"not_picked":["Consecrate+1","FlyingSleeves","DeceiveReality"],"picked":"Singing Bowl","floor":39},{"not_picked":["FearNoEvil","CrushJoints"],"picked":"Devotion+1","floor":40},{"not_picked":["Swivel+1","CrushJoints+1"],"picked":"JustLucky+1","floor":41}],"player_experience":301591,"relics_obtained":[{"floor":8.0,"key":"Gremlin Horn"},{"floor":9.0,"key":"Bottled Tornado"},{"floor":10.0,"key":"Blood Vial"},{"floor":14.0,"key":"Tiny Chest"},{"floor":20.0,"key":"White Beast Statue"},{"floor":23.0,"key":"Singing Bowl"},{"floor":26.0,"key":"Matryoshka"},{"floor":29,"key":"Calipers"},{"floor":40,"key":"Molten Egg 2"}],"event_choices":[{"damage_healed":0.0,"max_hp_gain":0.0,"max_hp_loss":0.0,"gold_gain":175.0,"event_name":"Liars Game","player_choice":"AGREE","floor":3.0,"gold_loss":0.0,"damage_taken":0.0,"cards_obtained":["Doubt"]},{"damage_healed":0.0,"max_hp_gain":0.0,"max_hp_loss":0.0,"gold_gain":0.0,"event_name":"Ghosts","player_choice":"Ignored","floor":19.0,"gold_loss":0.0,"damage_taken":0.0},{"damage_healed":0.0,"max_hp_gain":5.0,"max_hp_loss":0.0,"gold_gain":0.0,"event_name":"Forgotten Altar","player_choice":"Shed Blood","floor":24.0,"gold_loss":0.0,"damage_taken":17.0},{"cards_removed":["Strike_P"],"damage_healed":0.0,"max_hp_gain":0.0,"max_hp_loss":0.0,"gold_gain":0.0,"event_name":"Bonfire Elementals","player_choice":"Offered Basic","floor":27.0,"gold_loss":0.0,"damage_taken":0.0},{"cards_removed":["Strike_P"],"damage_healed":0,"gold_gain":0,"player_choice":"Elegance","damage_taken":0,"max_hp_gain":0,"max_hp_loss":0,"event_name":"Back to Basics","floor":30,"gold_loss":0}],"is_beta":true,"boss_relics":[{"not_picked":["Ectoplasm","Busted Crown"],"picked":"VioletLotus"},{"not_picked":["Empty Cage","Pandora\u0027s Box"],"picked":"Runic Dome"}],"items_purged_floors":[7,21],"is_endless":false,"potions_floor_spawned":[1,2,8,10,12,22,23,28,29,33,35,36,38,39,40,41],"killed_by":"Nemesis","ascension_level":1}