{"gold_per_floor":[114,44,17,192,212,247,247,275,346,357,368,389,414,689,689,689],"floor_reached":16,"playtime":702,"items_purged":[],"score":124,"play_id":"b1f3ff94-ab5b-47ee-a2a5-7b8af55f0e50","local_time":"20181112002304","is_ascension_mode":true,"campfire_choices":[{"data":"Cloak And Dagger","floor":7,"key":"SMITH"},{"data":"Neutralize","floor":15,"key":"SMITH"}],"neow_cost":"NONE","seed_source_timestamp":110205990210671,"circlet_count":0,"master_deck":["Defend_G","Defend_G","Defend_G","Defend_G","Defend_G","Strike_G","Strike_G","Strike_G","Strike_G","Survivor","Neutralize+1","Terror","Quick Slash","Dodge and Roll","Doubt","Bouncing Flask","Cloak And Dagger+1","Flying Knee","Deflect","PiercingWail","Noxious Fumes","Calculated Gamble"],"relics":["Ring of the Snake","Oddly Smooth Stone","Sundial","Orichalcum","Shuriken","Odd Mushroom","Omamori"],"potions_floor_usage":[6,12,12,13],"damage_taken":[{"damage":0,"enemies":"Small Slimes","floor":1,"turns":3},{"damage":0,"enemies":"Cultist","floor":5,"turns":4},{"damage":40,"enemies":"3 Sentries","floor":6,"turns":14},{"damage":16,"enemies":"Gremlin Nob","floor":8,"turns":5},{"damage":0,"enemies":"2 Louse","floor":10,"turns":3},{"damage":0,"enemies":"Lots of Slimes","floor":11,"turns":5},{"damage":0,"enemies":"The Mushroom Lair","floor":12,"turns":4},{"damage":6,"enemies":"Lagavulin","floor":13,"turns":6},{"damage":26,"enemies":"Slime Boss","floor":16,"turns":5}],"seed_played":"-2849834771226846038","potions_obtained":[{"floor":5,"key":"LiquidBronze"},{"floor":6,"key":"Fire Potion"},{"floor":8,"key":"GamblersBrew"},{"floor":11,"key":"Regen Potion"}],"is_trial":false,"path_per_floor":["M","?","$","?","M","E","R","E","T","M","M","?","E","?","R","B"],"character_chosen":"THE_SILENT","items_purchased":["Dodge and Roll"],"campfire_rested":0,"item_purchase_floors":[3],"current_hp_per_floor":[70,70,70,70,70,30,30,14,14,14,14,14,23,23,23,0],"gold":689,"neow_bonus":"TRANSFORM_CARD","is_prod":false,"is_daily":false,"chose_seed":false,"campfire_upgraded":2,"win_rate":0,"timestamp":1541971384,"path_taken":["M","?","?","?","M","E","R","E","T","M","M","?","E","?","R","BOSS"],"build_version":"2018-11-08","purchased_purges":0,"victory":false,"max_hp_per_floor":[70,70,70,70,70,70,70,70,70,70,70,70,70,70,70,70],"card_choices":[{"not_picked":["Backflip","Slice"],"picked":"Quick Slash","floor":1},{"not_picked":["Skewer","Underhanded Strike"],"picked":"Bouncing Flask","floor":5},{"not_picked":["Deadly Poison","Storm of Steel"],"picked":"Cloak And Dagger","floor":6},{"not_picked":["Blur","Poisoned Stab"],"picked":"Flying Knee","floor":8},{"not_picked":["Dagger Throw","Prepared"],"picked":"Deflect","floor":10},{"not_picked":["Poisoned Stab","Flying Knee"],"picked":"PiercingWail","floor":11},{"not_picked":["Tools of the Trade","PiercingWail"],"picked":"Noxious Fumes","floor":12},{"not_picked":["Dagger Spray","Dodge and Roll"],"picked":"Calculated Gamble","floor":13}],"player_experience":897686,"relics_obtained":[{"floor":6,"key":"Sundial"},{"floor":8,"key":"Orichalcum"},{"floor":9,"key":"Shuriken"},{"floor":12,"key":"Odd Mushroom"},{"floor":13,"key":"Omamori"}],"event_choices":[{"damage_healed":0,"gold_gain":0,"player_choice":"Paid Gold","damage_taken":0,"relics_obtained":["Oddly Smooth Stone"],"max_hp_gain":0,"max_hp_loss":0,"event_name":"WeMeetAgain","floor":2,"gold_loss":70},{"damage_healed":0,"gold_gain":175,"player_choice":"AGREE","damage_taken":0,"max_hp_gain":0,"max_hp_loss":0,"event_name":"Liars Game","floor":4,"gold_loss":0,"cards_obtained":["Doubt"]},{"damage_healed":0,"gold_gain":0,"player_choice":"Fought Mushrooms","damage_taken":0,"max_hp_gain":0,"max_hp_loss":0,"event_name":"Mushrooms","floor":12,"gold_loss":0},{"damage_healed":0,"gold_gain":275,"player_choice":"Desecrate","damage_taken":0,"max_hp_gain":0,"max_hp_loss":0,"event_name":"Golden Shrine","floor":14,"gold_loss":0,"cards_obtained":["Regret"]}],"is_beta":true,"boss_relics":[],"items_purged_floors":[],"is_endless":false,"potions_floor_spawned":[5,6,8,11],"killed_by":"Slime Boss","ascension_level":1}