{"gold_per_floor":[111,286,6,24,37,37,64,64,64,79,44,78,93,123,123,221,221,238,238,238],"floor_reached":20,"playtime":1033,"items_purged":["Doubt"],"score":227,"play_id":"fc6ddb1b-122b-46b7-b90b-c3116bb48063","local_time":"20181223154618","is_ascension_mode":true,"campfire_choices":[{"data":"Rainbow","floor":6,"key":"SMITH"},{"data":"Genetic Algorithm","floor":8,"key":"SMITH"},{"floor":15,"key":"REST"}],"neow_cost":"TEN_PERCENT_HP_LOSS","seed_source_timestamp":841038001413107,"circlet_count":0,"master_deck":["Strike_B","Strike_B","Strike_B","Strike_B","Defend_B","Defend_B","Defend_B","Defend_B","Zap","Dualcast","Rebound","Doom and Gloom","Leap","BootSequence","Heatsinks","Rainbow+1","Genetic Algorithm+1","Stack","Self Repair","Go for the Eyes","Core Surge","Fission","Hologram+1","Ghostly","Ghostly","Ghostly","Ghostly","Ghostly"],"relics":["Cracked Core","Gambling Chip","Question Card","Bottled Tornado","Du-Vu Doll","Eternal Feather"],"potions_floor_usage":[16,20,20],"damage_taken":[{"damage":0,"enemies":"Cultist","floor":1,"turns":4},{"damage":0,"enemies":"Small Slimes","floor":4,"turns":2},{"damage":1,"enemies":"Jaw Worm","floor":5,"turns":2},{"damage":27,"enemies":"Lagavulin","floor":7,"turns":6},{"damage":5,"enemies":"Looter","floor":10,"turns":3},{"damage":30,"enemies":"Gremlin Nob","floor":12,"turns":5},{"damage":0,"enemies":"Blue Slaver","floor":13,"turns":5},{"damage":23,"enemies":"Lagavulin","floor":14,"turns":5},{"damage":24,"enemies":"The Guardian","floor":16,"turns":10},{"damage":19,"enemies":"Spheric Guardian","floor":18,"turns":6},{"damage":34,"enemies":"Masked Bandits","floor":20,"turns":4}],"seed_played":"7608826815835506502","potions_obtained":[{"floor":1,"key":"Swift Potion"},{"floor":10,"key":"Fire Potion"},{"floor":13,"key":"SkillPotion"},{"floor":18,"key":"AttackPotion"}],"is_trial":false,"path_per_floor":["M","?","$","M","M","R","E","R","T","M","?","E","M","E","R","B",null,"M","?","?"],"character_chosen":"DEFECT","items_purchased":["Doom and Gloom","Leap","BootSequence"],"campfire_rested":1,"item_purchase_floors":[3,3,3],"current_hp_per_floor":[68,68,68,68,67,67,40,40,40,35,52,22,29,13,33,16,68,56,34,0],"gold":238,"neow_bonus":"ONE_RARE_RELIC","is_prod":false,"is_daily":false,"chose_seed":false,"campfire_upgraded":2,"win_rate":0,"timestamp":1545569178,"path_taken":["M","?","$","M","M","R","E","R","T","M","?","E","M","E","R","BOSS","M","?","?"],"build_version":"2018-12-20","purchased_purges":1,"victory":false,"max_hp_per_floor":[68,68,68,68,68,68,68,68,68,68,68,68,68,68,68,68,68,68,34,34],"card_choices":[{"not_picked":["White Noise","Gash"],"picked":"Rebound","floor":1},{"not_picked":["Doom and Gloom","Barrage"],"picked":"Heatsinks","floor":4},{"not_picked":["Barrage","Redo"],"picked":"Rainbow","floor":5},{"not_picked":["Compile Driver","Fusion"],"picked":"Genetic Algorithm","floor":7},{"not_picked":["Streamline","Barrage","Lockon"],"picked":"Stack","floor":10},{"not_picked":["Cold Snap","Lockon","Sweeping Beam"],"picked":"Self Repair","floor":12},{"not_picked":["Aggregate","Sweeping Beam","Compile Driver"],"picked":"Go for the Eyes","floor":13},{"not_picked":["Sweeping Beam","Hologram","Steam Power"],"picked":"Core Surge","floor":14},{"not_picked":["Reboot","Creative AI","Hyperbeam"],"picked":"Fission","floor":16},{"not_picked":["Ball Lightning","Scrape","Storm"],"picked":"Hologram+1","floor":18}],"player_experience":1010867,"relics_obtained":[{"floor":7,"key":"Question Card"},{"floor":12,"key":"Bottled Tornado"},{"floor":14,"key":"Du-Vu Doll"}],"event_choices":[{"damage_healed":0,"gold_gain":175,"player_choice":"AGREE","damage_taken":0,"max_hp_gain":0,"max_hp_loss":0,"event_name":"Liars Game","floor":2,"gold_loss":0,"cards_obtained":["Doubt"]},{"damage_healed":17,"gold_gain":0,"player_choice":"Healed","damage_taken":0,"max_hp_gain":0,"max_hp_loss":0,"event_name":"The Cleric","floor":11,"gold_loss":35},{"damage_healed":0,"gold_gain":0,"player_choice":"Became a Ghost","damage_taken":0,"max_hp_gain":0,"max_hp_loss":34,"event_name":"Ghosts","floor":19,"gold_loss":0,"cards_obtained":["Ghostly","Ghostly","Ghostly","Ghostly","Ghostly"]},{"damage_healed":0,"gold_gain":0,"player_choice":"Fought Bandits","damage_taken":0,"max_hp_gain":0,"max_hp_loss":0,"event_name":"Masked Bandits","floor":20,"gold_loss":0}],"is_beta":true,"boss_relics":[{"not_picked":["White Beast Statue","Nuclear Battery"],"picked":"Eternal Feather"}],"items_purged_floors":[3],"is_endless":false,"potions_floor_spawned":[1,10,13,18],"killed_by":"Masked Bandits","ascension_level":1}