{"gold_per_floor":[113,124,138,88,8,8,37,37,37,37,58,58],"floor_reached":12,"playtime":295,"items_purged":[],"score":82,"play_id":"fd07818a-a42e-436a-bd96-d208f010f5a6","local_time":"20190920124958","is_ascension_mode":true,"campfire_choices":[{"data":"Demon Form","floor":6,"key":"SMITH"},{"data":"Berserk","floor":8,"key":"SMITH"}],"neow_cost":"NONE","seed_source_timestamp":55299066916000,"circlet_count":0,"master_deck":["Strike_R","Strike_R","Strike_R","Strike_R","Strike_R","Defend_R","Defend_R","Defend_R","Bash","Berserk+1","Sword Boomerang","Anger","Uppercut","Demon Form+1","Juggernaut","Shrug It Off"],"relics":["Burning Blood","Blue Candle","Bottled Tornado","Golden Idol"],"potions_floor_usage":[],"damage_taken":[{"damage":0,"enemies":"Cultist","floor":1,"turns":3},{"damage":6,"enemies":"Jaw Worm","floor":2,"turns":3},{"damage":14,"enemies":"Small Slimes","floor":3,"turns":4},{"damage":26,"enemies":"Lagavulin","floor":7,"turns":6},{"damage":11,"enemies":"2 Fungi Beasts","floor":11,"turns":4},{"damage":27,"enemies":"3 Sentries","floor":12,"turns":4}],"seed_played":"8764142065400635076","potions_obtained":[{"floor":3,"key":"SteroidPotion"}],"is_trial":false,"path_per_floor":["M","M","M","?","$","R","E","R","T","?","M","?"],"character_chosen":"IRONCLAD","items_purchased":["Demon Form"],"campfire_rested":0,"item_purchase_floors":[5],"current_hp_per_floor":[80,80,72,72,72,72,52,52,52,32,27,0],"gold":58,"neow_bonus":"ONE_RANDOM_RARE_CARD","is_prod":false,"is_daily":false,"chose_seed":false,"campfire_upgraded":2,"win_rate":0,"timestamp":1568972998,"path_taken":["M","?","M","?","$","R","E","R","T","?","M","?"],"build_version":"2019-09-19","purchased_purges":0,"victory":false,"max_hp_per_floor":[80,80,80,80,80,80,80,80,80,80,80,80],"card_choices":[{"not_picked":["Thunderclap","Heavy Blade"],"picked":"Sword Boomerang","floor":1},{"not_picked":["Rage","True Grit"],"picked":"Anger","floor":2},{"not_picked":["Combust","Perfected Strike"],"picked":"Uppercut","floor":3},{"not_picked":["Fire Breathing","Flex"],"picked":"Juggernaut","floor":7},{"not_picked":["Fire Breathing","Sword Boomerang"],"picked":"Shrug It Off","floor":11}],"player_experience":307280,"relics_obtained":[{"floor":7,"key":"Blue Candle"},{"floor":9,"key":"Bottled Tornado"}],"event_choices":[{"cards_removed":["Defend_R"],"damage_healed":0,"gold_gain":0,"player_choice":"Card Removal","damage_taken":0,"max_hp_gain":0,"max_hp_loss":0,"event_name":"The Cleric","floor":4,"gold_loss":50},{"damage_healed":0,"gold_gain":0,"player_choice":"Take Damage","damage_taken":20,"relics_obtained":["Golden Idol"],"max_hp_gain":0,"max_hp_loss":0,"event_name":"Golden Idol","floor":10,"gold_loss":0},{"damage_healed":0,"gold_gain":0,"player_choice":"Searched \u00272\u0027 times","damage_taken":0,"max_hp_gain":0,"max_hp_loss":0,"event_name":"Dead Adventurer","floor":12,"gold_loss":0}],"is_beta":true,"boss_relics":[],"items_purged_floors":[],"is_endless":false,"potions_floor_spawned":[3],"killed_by":"3 Sentries","ascension_level":1}