{"gold_per_floor":[111,111,111,134,158,188,211,231,231,243,243,243,243,267,267,487,487,509,509,36,36,60,101,101,138,167,196,215,252,276,316,316,662,662,687,953,571,901,919,962,962,992,992,992,1010,1033,1220,322,322,322],"floor_reached":51,"playtime":3760,"items_purged":["Defend_B+1","Defend_B+1","Writhe","Defend_B+1"],"score":175,"play_id":"dc05702c-5518-44b9-ab8c-882821e0fc5b","local_time":"20190508213802","is_ascension_mode":true,"campfire_choices":[{"data":"Loop","floor":11,"key":"SMITH"},{"data":"Ball Lightning","floor":13,"key":"SMITH"},{"data":"Beam Cell","floor":15,"key":"SMITH"},{"data":"Echo Form","floor":24,"key":"SMITH"},{"data":"Hologram","floor":32,"key":"SMITH"},{"data":"Electrodynamics","floor":41,"key":"SMITH"},{"data":"strawberrySpire:Flashback","floor":44,"key":"SMITH"},{"data":"Loop","floor":49,"key":"SMITH"}],"neow_cost":"","seed_source_timestamp":645074884099326,"circlet_count":0,"master_deck":["Strike_B+1","Strike_B+1","Defend_B+1","Zap+1","Dualcast+1","strawberrySpire:Flashback","Undo","Sweeping Beam+1","Ball Lightning+1","Beam Cell+1","Cold Snap+1","Streamline+1","Loop+1","Reinforced Body","Echo Form+1","Fission+1","Glacier","Ball Lightning","strawberrySpire:BlasterWyrm","Flash of Steel","Loop+1","Hologram+1","Doom and Gloom","Ball Lightning+1","Melter","Conserve Battery+1","strawberrySpire:BlasterWyrm+1","infinitespire:Menacing","Stack+1","Sunder+1","Electrodynamics+1","Go for the Eyes+1","strawberrySpire:Package+1","Regret","Hologram+1","Stack+1","Loop+1","Turbo+1","Defragment+1","All For One","Rebound+1","Panache+1","Dark Shackles"],"relics":["infinitespire:DarkRift","FossilizedHelix","Happy Flower","Potion Belt","Lantern","Cauldron","infinitespire:Cubic Diamond","infinitespire:Freezer","infinitespire:CheckeredPen","infinitespire:BottledMercury","Golden Idol","infinitespire:Magic Flask","Orrery","Boot","Runic Capacitor","Bag of Preparation","infinitespire:Satchel","Blue Candle","Red Mask","Regal Pillow","strawberrySpire:ElefentMask","Gremlin Horn","Art of War","infinitespire:Lucky Rock","strawberrySpire:StillNotAdequateHouse","Black Star","strawberrySpire:GlyphStone","strawberrySpire:MawJerky","Prayer Wheel","Vajra","Bird Faced Urn","Ancient Tea Set","Frozen Egg 2","Pantograph","Pear","Sling","Dead Branch","strawberrySpire:WhoaramAlpha"],"potions_floor_usage":[1,29,33,40,40,50,50,50,50,50],"damage_taken":[{"damage":0,"enemies":"2 Louse","floor":1,"turns":2},{"damage":0,"enemies":"Small Slimes","floor":4,"turns":1},{"damage":0,"enemies":"Jaw Worm","floor":5,"turns":1},{"damage":0,"enemies":"Gremlin Nob","floor":6,"turns":3},{"damage":0,"enemies":"2 Fungi Beasts","floor":7,"turns":2},{"damage":0,"enemies":"Blue Slaver","floor":8,"turns":2},{"damage":0,"enemies":"Large Slime","floor":10,"turns":1},{"damage":0,"enemies":"Gremlin Gang","floor":14,"turns":2},{"damage":0,"enemies":"Slime Boss","floor":16,"turns":3},{"damage":0,"enemies":"2 Thieves","floor":18,"turns":2},{"damage":0,"enemies":"Chosen","floor":22,"turns":2},{"damage":0,"enemies":"Book of Stabbing","floor":23,"turns":3},{"damage":0,"enemies":"Masked Bandits","floor":25,"turns":3},{"damage":0,"enemies":"Sentry and Sphere","floor":27,"turns":3},{"damage":0,"enemies":"Snake Plant","floor":28,"turns":2},{"damage":0,"enemies":"Nightmare","floor":29,"turns":5},{"damage":0,"enemies":"Centurion and Healer","floor":30,"turns":3},{"damage":0,"enemies":"Book of Stabbing","floor":31,"turns":4},{"damage":0,"enemies":"Automaton","floor":33,"turns":6},{"damage":0,"enemies":"3 Shapes","floor":35,"turns":2},{"damage":0,"enemies":"3 Darklings","floor":39,"turns":2},{"damage":0,"enemies":"Reptomancer","floor":40,"turns":3},{"damage":3,"enemies":"Transient","floor":42,"turns":5},{"damage":0,"enemies":"Maw","floor":45,"turns":4},{"damage":0,"enemies":"Writhing Mass","floor":46,"turns":5},{"damage":0,"enemies":"Time Eater","floor":50,"turns":16}],"seed_played":"2401235155406093978","potions_obtained":[{"floor":0,"key":"Ancient Potion"},{"floor":0,"key":"Strength Potion"},{"floor":0,"key":"FearPotion"},{"floor":0,"key":"Swift Potion"},{"floor":1,"key":"EssenceOfSteel"},{"floor":5,"key":"SteroidPotion"},{"floor":5,"key":"EssenceOfSteel"},{"floor":7,"key":"infinitespire:BlackPotion"},{"floor":14,"key":"infinitespire:BlackPotion"},{"floor":31,"key":"FearPotion"},{"floor":33,"key":"AttackPotion"},{"floor":40,"key":"SkillPotion"},{"floor":42,"key":"Swift Potion"},{"floor":46,"key":"SpeedPotion"},{"floor":46,"key":"Ancient Potion"}],"is_trial":false,"path_per_floor":["M","?","?","M","M","E","M","M","T","M","R","?","R","M","R","B",null,"M","?","$","?","M","E","R","?","T","M","M","NM","M","E","R","B",null,"M","?","$","?","M","E","R","M","T","R","M","M","T","$","R","B",null],"character_chosen":"DEFECT","items_purchased":["FossilizedHelix","Happy Flower","strawberrySpire:Flashback","Potion Belt","Fruit Juice","Lantern","Undo","Cauldron","Runic Capacitor","Bag of Preparation","Flash of Steel","Loop","Hologram","strawberrySpire:GlyphStone","strawberrySpire:MawJerky","Prayer Wheel","Sling","Dead Branch","strawberrySpire:WhoaramAlpha","Panache+1","Dark Shackles"],"campfire_rested":0,"item_purchase_floors":[0,0,0,0,0,0,0,0,20,20,20,20,20,37,37,37,48,48,48,48,48],"current_hp_per_floor":[84,84,89,89,89,89,89,89,89,89,89,67,67,67,67,73,93,93,93,93,93,93,93,93,93,93,93,93,93,93,93,93,103,103,103,103,103,103,103,107,107,104,104,104,107,107,117,117,117,121],"gold":322,"neow_bonus":"","is_prod":false,"is_daily":false,"chose_seed":false,"campfire_upgraded":8,"win_rate":0,"timestamp":1557340682,"path_taken":["M","?","?","M","M","E","M","M","T","M","R","?","R","M","R","BOSS","M","?","$","?","M","E","R","?","T","M","M","NM","M","E","R","BOSS","M","?","$","?","?","E","R","M","T","R","M","?","?","$","R","BOSS"],"build_version":"2019-01-23","purchased_purges":4,"victory":true,"max_hp_per_floor":[84,84,89,89,89,89,89,89,89,89,89,89,89,89,89,93,93,93,93,93,93,93,93,93,93,93,93,93,93,93,93,93,103,103,103,103,103,103,103,107,107,107,107,107,107,107,117,117,117,121],"card_choices":[{"not_picked":["Compile Driver","Beam Cell"],"picked":"Sweeping Beam+1","floor":1},{"not_picked":["Double Energy","Darkness","strawberrySpire:NeonFlight"],"picked":"SKIP","floor":4},{"not_picked":["Compile Driver","Cold Snap+1"],"picked":"Ball Lightning","floor":5},{"not_picked":["Self Repair","Consume"],"picked":"Beam Cell","floor":6},{"not_picked":["Hologram","Reprogram"],"picked":"Cold Snap","floor":6},{"not_picked":["Redo","strawberrySpire:Ronchyble"],"picked":"Streamline+1","floor":7},{"not_picked":["Chaos","Stack","Cold Snap"],"picked":"SKIP","floor":8},{"not_picked":["Stack","Compile Driver"],"picked":"Loop","floor":10},{"not_picked":["strawberrySpire:DataDump","Self Repair"],"picked":"Reinforced Body","floor":14},{"not_picked":["strawberrySpire:Gammacceleration","Hyperbeam"],"picked":"Echo Form","floor":16},{"not_picked":["Undo","Aggregate"],"picked":"Fission","floor":17},{"not_picked":["Stack","Compile Driver"],"picked":"Glacier","floor":17},{"not_picked":["Beam Cell","Auto Shields+1"],"picked":"Ball Lightning","floor":18},{"not_picked":["Rip and Tear","Go for the Eyes"],"picked":"Doom and Gloom","floor":22},{"not_picked":["Streamline+1","Steam Power+1"],"picked":"Ball Lightning+1","floor":23},{"not_picked":["strawberrySpire:Disconnect","strawberrySpire:Refactor"],"picked":"Melter","floor":23},{"not_picked":["strawberrySpire:NeonFlight+1","Beam Cell"],"picked":"Conserve Battery+1","floor":25},{"not_picked":["Redo","Steam","strawberrySpire:NeonFlight+1"],"picked":"SKIP","floor":27},{"not_picked":["Sweeping Beam","Conserve Battery"],"picked":"strawberrySpire:BlasterWyrm+1","floor":28},{"not_picked":["infinitespire:Punishment","infinitespire:Virus"],"picked":"infinitespire:Menacing","floor":29},{"not_picked":["Reprogram+1","strawberrySpire:HateBit+1"],"picked":"Stack+1","floor":29},{"not_picked":["strawberrySpire:Disconnect","Conserve Battery","strawberrySpire:DataDump+1"],"picked":"SKIP","floor":29},{"not_picked":["BootSequence","Steam+1","Redo"],"picked":"SKIP","floor":30},{"not_picked":["Multi-Cast","Ball Lightning"],"picked":"Sunder+1","floor":31},{"not_picked":["Skim+1","strawberrySpire:Disconnect","Coolheaded+1"],"picked":"SKIP","floor":31},{"not_picked":["Biased Cognition","Machine Learning"],"picked":"Electrodynamics","floor":33},{"not_picked":["strawberrySpire:THEL+1","Cold Snap+1","Leap"],"picked":"SKIP","floor":35},{"not_picked":["Storm+1","Conserve Battery+1","strawberrySpire:THEL+1"],"picked":"SKIP","floor":39},{"not_picked":["Sweeping Beam+1","Hello World+1","Compile Driver+1"],"picked":"SKIP","floor":39},{"not_picked":["Gash+1","Turbo"],"picked":"Hologram+1","floor":40},{"not_picked":["Beam Cell","strawberrySpire:DataDump+1"],"picked":"Stack+1","floor":40},{"not_picked":["Steam+1","Gash+1"],"picked":"Loop+1","floor":42},{"not_picked":["Streamline+1","strawberrySpire:AngeryBot","strawberrySpire:THEL+1"],"picked":"SKIP","floor":42},{"not_picked":["strawberrySpire:Adapter+1","Steam"],"picked":"Turbo+1","floor":45},{"not_picked":["Compile Driver+1","Stack+1"],"picked":"Defragment+1","floor":45},{"not_picked":["Sunder+1","Consume+1"],"picked":"All For One","floor":46},{"not_picked":["Go for the Eyes+1","Stack"],"picked":"Rebound+1","floor":46}],"player_experience":132182,"relics_obtained":[{"floor":6,"key":"infinitespire:Freezer"},{"floor":9,"key":"infinitespire:CheckeredPen"},{"floor":9,"key":"infinitespire:BottledMercury"},{"floor":16,"key":"infinitespire:Magic Flask"},{"floor":18,"key":"Boot"},{"floor":23,"key":"Blue Candle"},{"floor":25,"key":"Red Mask"},{"floor":26,"key":"Regal Pillow"},{"floor":26,"key":"strawberrySpire:ElefentMask"},{"floor":29,"key":"Gremlin Horn"},{"floor":30,"key":"Art of War"},{"floor":31,"key":"infinitespire:Lucky Rock"},{"floor":33,"key":"strawberrySpire:StillNotAdequateHouse"},{"floor":40,"key":"Vajra"},{"floor":40,"key":"Bird Faced Urn"},{"floor":43,"key":"Ancient Tea Set"},{"floor":43,"key":"Frozen Egg 2"},{"floor":47,"key":"Pantograph"},{"floor":47,"key":"Pear"}],"event_choices":[{"damage_healed":0,"gold_gain":0,"player_choice":"Donut","damage_taken":0,"max_hp_gain":5,"max_hp_loss":0,"event_name":"Big Fish","floor":3,"gold_loss":0},{"damage_healed":0,"gold_gain":0,"player_choice":"Take Damage","damage_taken":22,"relics_obtained":["Golden Idol"],"max_hp_gain":0,"max_hp_loss":0,"event_name":"Golden Idol","floor":12,"gold_loss":0},{"damage_healed":0,"gold_gain":0,"player_choice":"Read","damage_taken":0,"max_hp_gain":0,"max_hp_loss":0,"event_name":"The Library","floor":19,"gold_loss":0,"cards_obtained":["strawberrySpire:BlasterWyrm"]},{"damage_healed":0,"gold_gain":0,"player_choice":"Opened","damage_taken":0,"relics_obtained":["infinitespire:Satchel"],"max_hp_gain":0,"max_hp_loss":0,"event_name":"The Mausoleum","floor":21,"gold_loss":0,"cards_obtained":["Writhe"]},{"damage_healed":0,"gold_gain":0,"player_choice":"Fought Bandits","damage_taken":0,"max_hp_gain":0,"max_hp_loss":0,"event_name":"Masked Bandits","floor":25,"gold_loss":0},{"damage_healed":0,"gold_gain":222,"player_choice":"Wore Mask","damage_taken":0,"max_hp_gain":0,"max_hp_loss":0,"event_name":"Tomb of Lord Red Mask","floor":36,"gold_loss":0},{"damage_healed":0,"gold_gain":275,"player_choice":"Desecrate","damage_taken":0,"max_hp_gain":0,"max_hp_loss":0,"event_name":"Golden Shrine","floor":38,"gold_loss":0,"cards_obtained":["Regret"]}],"is_beta":false,"boss_relics":[{"not_picked":["energizedSpire:SpiderWeb","energizedSpire:CursedPentagram"],"picked":"Orrery"},{"not_picked":["Runic Pyramid","Pandora\u0027s Box"],"picked":"Black Star"}],"items_purged_floors":[0,20,37,48],"is_endless":false,"potions_floor_spawned":[5,7,8,22,25,27,35,42,45,46],"ascension_level":-20}