{"gold_per_floor":[112,132,9,22,22,54,54,89,112,125,125,157,157,177,177,272,272,286,39,39,39,57,87,87,117,117,117,136,136,170,24,24,125,125,138,238,238,258,311,344,357,18,91,107,35,64,83,95,95,95,95,95,7,35,35],"floor_reached":56,"playtime":3454,"items_purged":["Strike_R","Anger"],"score":1433,"play_id":"76a81445-bccd-4d94-a076-54c313372e10","local_time":"20190131224139","is_ascension_mode":true,"campfire_choices":[{"data":"Rage","floor":11,"key":"SMITH"},{"data":"Spot Weakness","floor":15,"key":"SMITH"},{"data":"Demon Form","floor":24,"key":"SMITH"},{"data":"strawberrySpire:DraftPunk","floor":27,"key":"SMITH"},{"data":"Shockwave","floor":29,"key":"SMITH"},{"data":"Clothesline","floor":32,"key":"SMITH"},{"floor":49,"key":"RECALL"},{"data":"Heavy Blade","floor":52,"key":"SMITH"}],"neow_cost":"NONE","seed_source_timestamp":351594091402718,"circlet_count":0,"master_deck":["Strike_R","Strike_R","Strike_R","Defend_R","Defend_R+1","Defend_R","Defend_R+1","Bash","Headbutt","Spot Weakness+1","Clothesline+1","Clumsy","strawberrySpire:DraftPunk+1","Rage+1","strawberrySpire:DangerMountain","Bludgeon","Fiend Fire","Swift Strike","Demon Form+1","Offering","Flame Barrier+1","Shockwave+1","strawberrySpire:Incursion+1","Uppercut+1","Blood for Blood+1","Demon Form+1","Demon Form+1","Demon Form+1","Heavy Blade+1","strawberrySpire:PowerStomp+1","Reaper+1","Feel No Pain","Shockwave+1","Impervious","Discovery"],"relics":["Burning Blood","NeowsBlessing","strawberrySpire:MawJerky","strawberrySpire:Sunfruit","Red Skull","Bag of Preparation","Singing Bowl","strawberrySpire:SolarisEssence","Gremlin Horn","Happy Flower","Pen Nib","Paper Frog","War Paint","Anchor","Snecko Eye","Du-Vu Doll","strawberrySpire:BrokenVision","Nunchaku","Smiling Mask","strawberrySpire:CharschorBlot","strawberrySpire:ElefentMask","Orichalcum"],"potions_floor_usage":[8,33,39,40,55,55,55],"damage_taken":[{"damage":0,"enemies":"Cultist","floor":1,"turns":1},{"damage":0,"enemies":"2 Louse","floor":2,"turns":1},{"damage":0,"enemies":"Small Slimes","floor":4,"turns":1},{"damage":32,"enemies":"Gremlin Nob","floor":6,"turns":5},{"damage":32,"enemies":"Lagavulin","floor":8,"turns":6},{"damage":28,"enemies":"3 Louse","floor":10,"turns":3},{"damage":3,"enemies":"3 Sentries","floor":12,"turns":8},{"damage":0,"enemies":"Large Slime","floor":14,"turns":3},{"damage":21,"enemies":"The Guardian","floor":16,"turns":9},{"damage":23,"enemies":"Shell Parasite","floor":18,"turns":5},{"damage":0,"enemies":"theJungle:GiantWrat","floor":22,"turns":2},{"damage":19,"enemies":"theJungle:Cassacara","floor":23,"turns":8},{"damage":65,"enemies":"theJungle:2_Phrogs","floor":25,"turns":5},{"damage":0,"enemies":"theJungle:Lyon","floor":28,"turns":1},{"damage":6,"enemies":"theJungle:Cassacara","floor":30,"turns":5},{"damage":9,"enemies":"theJungle:FunGuy","floor":33,"turns":11},{"damage":0,"enemies":"Orb Walker","floor":35,"turns":3},{"damage":42,"enemies":"Mind Bloom Boss Battle","floor":36,"turns":6},{"damage":5,"enemies":"3 Shapes","floor":38,"turns":3},{"damage":5,"enemies":"2 Orb Walkers","floor":39,"turns":2},{"damage":47,"enemies":"Nemesis","floor":40,"turns":5},{"damage":0,"enemies":"3 Darklings","floor":41,"turns":3},{"damage":16,"enemies":"Maw","floor":44,"turns":6},{"damage":18,"enemies":"strawberrySpire:EssenceStones","floor":46,"turns":3},{"damage":12,"enemies":"Sphere and 2 Shapes","floor":47,"turns":2},{"damage":32,"enemies":"Transient","floor":48,"turns":5},{"damage":54,"enemies":"Awakened One","floor":50,"turns":7},{"damage":51,"enemies":"Shield and Spear","floor":54,"turns":6},{"damage":56,"enemies":"The Heart","floor":55,"turns":7}],"seed_played":"-5236299648069718310","potions_obtained":[{"floor":1,"key":"Weak Potion"},{"floor":6,"key":"EssenceOfSteel"},{"floor":8,"key":"Dexterity Potion"},{"floor":12,"key":"PowerPotion"},{"floor":33,"key":"Regen Potion"},{"floor":36,"key":"PowerPotion"},{"floor":39,"key":"BloodPotion"}],"is_trial":false,"path_per_floor":["M","M","$","M","?","E","R","E","T","M","R","E","?","M","R","B",null,"M","$","?","?","M","E","R","E","T","R","M","R","E","$","R","B",null,"M","?","?","M","?","E","M","$","T","M","$","E","M","M","R","B",null,"R","$","E","B",null],"character_chosen":"IRONCLAD","items_purchased":["Strength Potion","Gremlin Horn","Anchor","strawberrySpire:CharschorBlot","PowerPotion","Feel No Pain","Discovery"],"campfire_rested":0,"item_purchase_floors":[3,19,31,42,42,45,53],"current_hp_per_floor":[80,80,80,80,80,54,54,35,38,19,22,32,35,46,49,37,90,73,76,90,90,92,83,86,34,37,40,49,52,59,62,65,67,106,106,70,37,41,47,25,34,37,40,98,101,120,114,93,96,103,122,122,122,109,62],"gold":35,"neow_bonus":"THREE_ENEMY_KILL","is_prod":false,"is_daily":false,"chose_seed":false,"campfire_upgraded":7,"win_rate":0,"timestamp":1548963699,"path_taken":["M","?","$","M","?","E","R","E","T","M","R","E","?","M","R","BOSS","M","?","?","?","M","E","R","E","T","R","?","R","E","?","R","BOSS","M","?","?","?","?","E","M","?","T","M","$","E","M","M","R","BOSS","R","$","E","BOSS"],"build_version":"2019-01-23","purchased_purges":2,"victory":true,"max_hp_per_floor":[80,80,80,80,80,80,80,84,84,84,84,88,88,90,90,90,90,90,90,90,90,92,96,96,100,100,100,100,100,104,104,104,106,106,106,106,106,106,108,114,114,114,114,116,116,120,120,122,122,122,122,122,122,128,128],"card_choices":[{"not_picked":["Metallicize","strawberrySpire:FireDrill"],"picked":"Headbutt","floor":1},{"not_picked":["Metallicize","Second Wind"],"picked":"Spot Weakness","floor":2},{"not_picked":["Body Slam","Pommel Strike"],"picked":"Clothesline","floor":4},{"not_picked":["Body Slam","strawberrySpire:ZonePlayer"],"picked":"strawberrySpire:DraftPunk","floor":6},{"not_picked":["strawberrySpire:ZonePlayer","Dropkick"],"picked":"Rage","floor":8},{"not_picked":["Rage","True Grit"],"picked":"strawberrySpire:DangerMountain","floor":10},{"not_picked":["strawberrySpire:DangerMountain","Hemokinesis"],"picked":"Bludgeon","floor":12},{"not_picked":["strawberrySpire:DraftPunk","Sword Boomerang","strawberrySpire:Conflagrate"],"picked":"Singing Bowl","floor":14},{"not_picked":["Barricade","Brutality"],"picked":"Demon Form","floor":16},{"not_picked":["Pommel Strike","strawberrySpire:Incursion"],"picked":"Anger","floor":18},{"not_picked":["strawberrySpire:GettingOverIt+1","Twin Strike","Thunderclap"],"picked":"Singing Bowl","floor":22},{"not_picked":["Blood for Blood+1","strawberrySpire:CrashLanding"],"picked":"Offering","floor":23},{"not_picked":["Brutality","Clothesline"],"picked":"Flame Barrier+1","floor":25},{"not_picked":["Sword Boomerang","strawberrySpire:JustAWound"],"picked":"Shockwave","floor":28},{"not_picked":["strawberrySpire:Endurance","Fiend Fire"],"picked":"strawberrySpire:Incursion+1","floor":30},{"not_picked":["Bludgeon","Brutality","Reaper"],"picked":"Singing Bowl","floor":33},{"not_picked":["True Grit+1","Whirlwind+1"],"picked":"Uppercut+1","floor":35},{"not_picked":["strawberrySpire:DraftPunk","strawberrySpire:Endurance"],"picked":"Blood for Blood+1","floor":36},{"not_picked":["Body Slam","Cleave+1"],"picked":"Heavy Blade","floor":38},{"not_picked":["Searing Blow","Clash+1","Inflame+1"],"picked":"Singing Bowl","floor":39},{"not_picked":["strawberrySpire:Aggression+1","Seeing Red+1","Clothesline"],"picked":"Singing Bowl","floor":40},{"not_picked":["Flex+1","Armaments+1"],"picked":"strawberrySpire:PowerStomp+1","floor":41},{"not_picked":["Battle Trance+1","strawberrySpire:Aggression","Shrug It Off"],"picked":"Singing Bowl","floor":44},{"not_picked":["Perfected Strike+1","strawberrySpire:PowerStomp"],"picked":"Shockwave+1","floor":46},{"not_picked":["Heavy Blade+1","Iron Wave"],"picked":"Impervious","floor":47},{"not_picked":["Hemokinesis","strawberrySpire:ZonePlayer+1","Fire Breathing+1"],"picked":"Singing Bowl","floor":48},{"not_picked":["Flex+1","Headbutt+1","Intimidate+1"],"picked":"Singing Bowl","floor":54}],"player_experience":1114204,"relics_obtained":[{"floor":6,"key":"strawberrySpire:MawJerky"},{"floor":7,"key":"strawberrySpire:Sunfruit"},{"floor":8,"key":"Red Skull"},{"floor":9,"key":"Bag of Preparation"},{"floor":12,"key":"Singing Bowl"},{"floor":23,"key":"Happy Flower"},{"floor":25,"key":"Pen Nib"},{"floor":26,"key":"Paper Frog"},{"floor":30,"key":"War Paint"},{"floor":36,"key":"Du-Vu Doll"},{"floor":39,"key":"Nunchaku"},{"floor":40,"key":"Smiling Mask"},{"floor":46,"key":"strawberrySpire:ElefentMask"},{"floor":54,"key":"Orichalcum"}],"event_choices":[{"damage_healed":0,"gold_gain":0,"player_choice":"2 cards matched","damage_taken":0,"max_hp_gain":0,"max_hp_loss":0,"event_name":"Match and Keep!","floor":13,"gold_loss":0,"cards_obtained":["Fiend Fire","Swift Strike"]},{"damage_healed":0,"gold_gain":0,"player_choice":"Got Potions","damage_taken":0,"max_hp_gain":0,"max_hp_loss":0,"event_name":"Lab","floor":21,"gold_loss":0},{"damage_healed":0,"gold_gain":0,"player_choice":"Fight","damage_taken":0,"max_hp_gain":0,"max_hp_loss":0,"event_name":"MindBloom","floor":36,"gold_loss":0},{"damage_healed":0,"gold_gain":0,"player_choice":"Fight","damage_taken":0,"max_hp_gain":0,"max_hp_loss":0,"event_name":"Mysterious Sphere","floor":39,"gold_loss":0}],"is_beta":true,"boss_relics":[{"not_picked":["Tiny House","Orrery"],"picked":"strawberrySpire:SolarisEssence"},{"not_picked":["Busted Crown","White Beast Statue"],"picked":"Snecko Eye"}],"items_purged_floors":[3,42],"is_endless":false,"potions_floor_spawned":[1,6,8,12,25,28,33,36,38,39,46,48],"ascension_level":1}