{"gold_per_floor":[109,184,200,200,211,246,304,332,332,16,16,33,65,84,84,182,132,152,302,315,131,131,131,164,178,178,52,83,83,109,122,122,220,220,238,249,7,26,126,159,159,176,176,206,206,126,175,210,210,210],"floor_reached":51,"playtime":3623,"items_purged":["strawberrySpire:Teyered","Strike_R"],"score":1192,"play_id":"b91a7a7e-3ba0-4547-872c-a2504b20fbc4","local_time":"20190519022222","is_ascension_mode":true,"campfire_choices":[{"data":"Body Slam","floor":11,"key":"SMITH"},{"data":"Body Slam","floor":15,"key":"SMITH"},{"data":"Uppercut","floor":23,"key":"SMITH"},{"data":"Defend_R","floor":29,"key":"SMITH"},{"data":"Defend_R","floor":32,"key":"SMITH"},{"data":"Defend_R","floor":41,"key":"SMITH"},{"data":"Defend_R","floor":45,"key":"SMITH"},{"data":"Clothesline","floor":49,"key":"SMITH"}],"neow_cost":"","seed_source_timestamp":72711825813349,"circlet_count":0,"master_deck":["Strike_R+1","Strike_R","Strike_R","Defend_R+1","Defend_R+1","Defend_R+1","Defend_R+1","Bash","Headbutt","Reckless Charge+1","Armaments+1","Uppercut+1","Body Slam+1","Clothesline+1","Flex","Cleave","Entrench+1","Inflame+1","Body Slam+1","Impervious+1","Pummel","Rage+1","Iron Wave+1","strawberrySpire:ZonePlayer+1","strawberrySpire:FortFortyFour+1","Flame Barrier+1","Ghostly Armor+1","Headbutt+1","Corruption+1","Immolate+1","Ghostly Armor+1","Disarm+1"],"relics":["Burning Blood","Pen Nib","Ancient Tea Set","Frozen Egg 2","Toxic Egg 2","strawberrySpire:TinySteamboat","Lee\u0027s Waffle","The Courier","energizedSpire:HugeHouse","Strawberry","Anchor","Pocketwatch","Vajra","strawberrySpire:IronFlakes","Gremlin Horn","Velvet Choker","PreservedInsect","Oddly Smooth Stone","Dead Branch","Blood Vial","Dodecahedron","Whetstone","Bird Faced Urn","Shuriken"],"potions_floor_usage":[7,7,8,13,13,28,28,28,40,50,50,50],"damage_taken":[{"damage":0,"enemies":"Small Slimes","floor":1,"turns":4},{"damage":1,"enemies":"Cultist","floor":3,"turns":3},{"damage":5,"enemies":"2 Louse","floor":5,"turns":2},{"damage":26,"enemies":"Lagavulin","floor":6,"turns":5},{"damage":5,"enemies":"3 Sentries","floor":7,"turns":7},{"damage":20,"enemies":"Gremlin Nob","floor":8,"turns":4},{"damage":0,"enemies":"Exordium Thugs","floor":12,"turns":2},{"damage":19,"enemies":"strawberrySpire:EnergyPylons","floor":13,"turns":3},{"damage":5,"enemies":"Gremlin Gang","floor":14,"turns":4},{"damage":51,"enemies":"The Guardian","floor":16,"turns":7},{"damage":14,"enemies":"theJungle:MUSHROOMGANG","floor":18,"turns":4},{"damage":16,"enemies":"theJungle:GiantWrat","floor":20,"turns":5},{"damage":12,"enemies":"theJungle:Cassacara","floor":24,"turns":4},{"damage":0,"enemies":"theJungle:Snecko_Cultist_And_Trap","floor":25,"turns":4},{"damage":15,"enemies":"theJungle:MamaSnecko","floor":28,"turns":2},{"damage":12,"enemies":"theJungle:2_Phrogs","floor":30,"turns":3},{"damage":0,"enemies":"theJungle:JungleHuntersEncounter","floor":31,"turns":4},{"damage":0,"enemies":"theJungle:QueenSpyder","floor":33,"turns":4},{"damage":0,"enemies":"3 Shapes","floor":35,"turns":4},{"damage":0,"enemies":"Orb Walker","floor":36,"turns":1},{"damage":7,"enemies":"Maw","floor":38,"turns":6},{"damage":0,"enemies":"Mind Bloom Boss Battle","floor":39,"turns":6},{"damage":0,"enemies":"Nemesis","floor":40,"turns":3},{"damage":0,"enemies":"Transient","floor":42,"turns":5},{"damage":0,"enemies":"Giant Head","floor":44,"turns":8},{"damage":0,"enemies":"2 Orb Walkers","floor":47,"turns":2},{"damage":14,"enemies":"strawberrySpire:EssenceStones","floor":48,"turns":2},{"damage":13,"enemies":"Time Eater","floor":50,"turns":9}],"seed_played":"-6405169505687595988","potions_obtained":[{"floor":3,"key":"Fire Potion"},{"floor":6,"key":"Swift Potion"},{"floor":7,"key":"Weak Potion"},{"floor":8,"key":"Energy Potion"},{"floor":12,"key":"SkillPotion"},{"floor":20,"key":"Swift Potion"},{"floor":31,"key":"Block Potion"},{"floor":36,"key":"PowerPotion"},{"floor":38,"key":"PowerPotion"},{"floor":40,"key":"PowerPotion"}],"is_trial":false,"path_per_floor":["M","?","M","?","M","E","?","E","T","$","R","M","E","M","R","B",null,"M","?","M","$","?","R","E","M","T","$","E","R","E","M","R","B",null,"M","M","$","M","?","E","R","M","T","E","R","$","?","E","R","B",null],"character_chosen":"IRONCLAD","items_purchased":["Pen Nib","Headbutt","Reckless Charge","Armaments","Entrench+1","Lee\u0027s Waffle","Inflame+1","Strawberry","Vajra","PreservedInsect","Oddly Smooth Stone"],"campfire_rested":0,"item_purchase_floors":[0,0,0,0,10,10,10,21,27,37,37],"current_hp_per_floor":[80,72,77,61,62,42,43,29,29,87,87,87,74,75,75,30,82,74,74,64,71,71,71,65,71,71,71,62,62,57,63,63,69,89,89,89,89,89,89,89,89,89,89,89,89,89,89,84,84,89],"gold":210,"neow_bonus":"","is_prod":false,"is_daily":false,"chose_seed":false,"campfire_upgraded":8,"win_rate":0,"timestamp":1558221742,"path_taken":["M","?","?","?","M","E","?","E","T","$","R","M","E","M","R","BOSS","M","?","?","$","?","R","E","M","T","$","E","R","E","M","R","BOSS","M","M","$","M","?","E","R","M","T","E","R","$","?","E","R","BOSS"],"build_version":"2019-01-23","purchased_purges":2,"victory":true,"max_hp_per_floor":[80,80,80,80,80,80,80,80,80,87,87,87,87,87,87,87,82,82,82,82,89,89,89,89,89,89,89,89,89,89,89,89,89,89,89,89,89,89,89,89,89,89,89,89,89,89,89,89,89,89],"card_choices":[{"not_picked":["Second Wind","Warcry"],"picked":"Uppercut","floor":1},{"not_picked":["Bloodletting","strawberrySpire:PowerStomp","strawberrySpire:FireDrill"],"picked":"SKIP","floor":3},{"not_picked":["Pommel Strike","Reckless Charge"],"picked":"Body Slam","floor":5},{"not_picked":["Sentinel","Anger"],"picked":"Clothesline","floor":6},{"not_picked":["Bloodletting","strawberrySpire:FireDrill"],"picked":"Flex","floor":7},{"not_picked":["Twin Strike","Combust+1"],"picked":"Cleave","floor":8},{"not_picked":["Armaments+1","Flex+1","Anger"],"picked":"SKIP","floor":12},{"not_picked":["Combust+1","Infernal Blade+1"],"picked":"Body Slam","floor":13},{"not_picked":["Pommel Strike","strawberrySpire:Spite","Pummel"],"picked":"SKIP","floor":14},{"not_picked":["Immolate","Brutality+1"],"picked":"Impervious+1","floor":16},{"not_picked":["Sword Boomerang","strawberrySpire:Endurance+1"],"picked":"Rage+1","floor":18},{"not_picked":["Spot Weakness+1","Pommel Strike"],"picked":"Iron Wave+1","floor":20},{"not_picked":["Clash+1","Anger","Thunderclap"],"picked":"SKIP","floor":24},{"not_picked":["Heavy Blade","strawberrySpire:DebrisPile+1","Carnage"],"picked":"SKIP","floor":25},{"not_picked":["Sword Boomerang","Feel No Pain+1"],"picked":"strawberrySpire:ZonePlayer+1","floor":28},{"not_picked":["Clothesline","Headbutt"],"picked":"strawberrySpire:FortFortyFour+1","floor":30},{"not_picked":["strawberrySpire:PowerStomp","Perfected Strike+1","strawberrySpire:Aggression+1"],"picked":"SKIP","floor":31},{"not_picked":["strawberrySpire:DebrisPile+1","strawberrySpire:Endurance+1"],"picked":"Flame Barrier+1","floor":35},{"not_picked":["Sever Soul+1","Feel No Pain+1"],"picked":"Ghostly Armor+1","floor":36},{"not_picked":["Heavy Blade","Clash+1"],"picked":"Headbutt+1","floor":38},{"not_picked":["Cleave","Rampage+1"],"picked":"Corruption+1","floor":39},{"not_picked":["Flex+1","strawberrySpire:FireDrill"],"picked":"Immolate","floor":40},{"not_picked":["Heavy Blade+1","strawberrySpire:FireDrill+1"],"picked":"Ghostly Armor+1","floor":42},{"not_picked":["Spot Weakness+1","strawberrySpire:Endurance+1"],"picked":"Disarm+1","floor":44},{"not_picked":["Clothesline+1","strawberrySpire:CrashLanding+1","Headbutt+1"],"picked":"SKIP","floor":48}],"player_experience":142340,"relics_obtained":[{"floor":6,"key":"Ancient Tea Set"},{"floor":7,"key":"Frozen Egg 2"},{"floor":8,"key":"Toxic Egg 2"},{"floor":9,"key":"strawberrySpire:TinySteamboat"},{"floor":13,"key":"The Courier"},{"floor":24,"key":"Anchor"},{"floor":26,"key":"Pocketwatch"},{"floor":28,"key":"strawberrySpire:IronFlakes"},{"floor":30,"key":"Gremlin Horn"},{"floor":39,"key":"Dead Branch"},{"floor":40,"key":"Blood Vial"},{"floor":43,"key":"Dodecahedron"},{"floor":44,"key":"Whetstone"},{"floor":47,"key":"Bird Faced Urn"},{"floor":48,"key":"Shuriken"}],"event_choices":[{"damage_healed":0,"gold_gain":75,"player_choice":"Touch","damage_taken":8,"max_hp_gain":0,"max_hp_loss":0,"event_name":"FaceTrader","floor":2,"gold_loss":0},{"damage_healed":0,"gold_gain":0,"player_choice":"Entered Light","damage_taken":16,"max_hp_gain":0,"max_hp_loss":0,"event_name":"Shining Light","floor":4,"gold_loss":0,"cards_upgraded":["Strike_R","Armaments"]},{"damage_healed":0,"gold_gain":0,"player_choice":"Searched \u00272\u0027 times","damage_taken":0,"max_hp_gain":0,"max_hp_loss":0,"event_name":"Dead Adventurer","floor":7,"gold_loss":0},{"damage_healed":0,"gold_gain":0,"player_choice":"Fight","damage_taken":0,"max_hp_gain":0,"max_hp_loss":0,"event_name":"MindBloom","floor":39,"gold_loss":0},{"damage_healed":0,"gold_gain":0,"player_choice":"Fight","damage_taken":0,"max_hp_gain":0,"max_hp_loss":0,"event_name":"Mysterious Sphere","floor":47,"gold_loss":0}],"is_beta":false,"boss_relics":[{"not_picked":["Runic Pyramid","strawberrySpire:SolarisEssence"],"picked":"energizedSpire:HugeHouse"},{"not_picked":["strawberrySpire:JuiceKeg","Snecko Eye"],"picked":"Velvet Choker"}],"items_purged_floors":[21,46],"is_endless":false,"potions_floor_spawned":[3,6,7,8,12,20,24,25,31,36,38,40,42],"ascension_level":1}