{"gold_per_floor":[115,115,115,141,66,91,91,166,166,179,26,26,26,26,26,128,128,143,18,18,18,38,38,49,49,49,49,59,59,59,71,71,173,173,183,183,199,213,213,213,63,77,77,102,102],"floor_reached":45,"playtime":665,"items_purged":["Strike_R","Defend_R","Strike_R","Parasite"],"score":512,"play_id":"d7ad64a4-87ec-4bbd-bb30-38562ffba808","local_time":"20190916233902","is_ascension_mode":false,"campfire_choices":[{"data":"Clash","floor":7.0,"key":"SMITH"},{"data":"Clash","floor":13.0,"key":"SMITH"},{"data":"Clash","floor":15.0,"key":"SMITH"},{"data":"True Grit","floor":23.0,"key":"SMITH"},{"data":"Feed","floor":27.0,"key":"SMITH"},{"data":"Strike_R","floor":30.0,"key":"SMITH"},{"data":"Strike_R","floor":32.0,"key":"SMITH"},{"data":"Strike_R","floor":40,"key":"SMITH"}],"neow_cost":"NONE","seed_source_timestamp":2927689247075,"circlet_count":0,"master_deck":["Strike_R+1","Strike_R+1","Strike_R+1","Defend_R+1","Defend_R+1","Bash+1","Clash+1","Clash+1","Clash+1","Feed+1","True Grit+1","Immolate+1","Clash+1","Clumsy"],"special_seed":0,"relics":["Burning Blood","NeowsBlessing","War Paint","MealTicket","Anchor","Cursed Key","Pantograph","MutagenicStrength","SlaversCollar","Smiling Mask","Gremlin Horn"],"potions_floor_usage":[],"damage_taken":[{"damage":0.0,"enemies":"2 Louse","floor":1.0,"turns":1.0},{"damage":0.0,"enemies":"Gremlin Nob","floor":6.0,"turns":1.0},{"damage":0.0,"enemies":"Small Slimes","floor":10.0,"turns":1.0},{"damage":42.0,"enemies":"Hexaghost","floor":16.0,"turns":5.0},{"damage":0.0,"enemies":"Chosen","floor":18.0,"turns":4.0},{"damage":2.0,"enemies":"2 Thieves","floor":22.0,"turns":3.0},{"damage":0.0,"enemies":"Cultist and Chosen","floor":24.0,"turns":4.0},{"damage":1.0,"enemies":"Centurion and Healer","floor":28.0,"turns":4.0},{"damage":0.0,"enemies":"Snake Plant","floor":31.0,"turns":1.0},{"damage":62.0,"enemies":"Automaton","floor":33.0,"turns":9.0},{"damage":11.0,"enemies":"3 Shapes","floor":35.0,"turns":5.0},{"damage":4.0,"enemies":"3 Darklings","floor":37.0,"turns":3.0},{"damage":12.0,"enemies":"Sphere and 2 Shapes","floor":38.0,"turns":4.0},{"damage":0,"enemies":"Transient","floor":42,"turns":5},{"damage":86,"enemies":"Giant Head","floor":44,"turns":8},{"damage":33,"enemies":"Spire Growth","floor":45,"turns":3}],"seed_played":"-4554607117208595909","potions_obtained":[{"floor":6.0,"key":"SkillPotion"},{"floor":16.0,"key":"SteroidPotion"},{"floor":22.0,"key":"Fire Potion"},{"floor":28.0,"key":"Weak Potion"},{"floor":31.0,"key":"Ancient Potion"},{"floor":39,"key":"Strength Potion"}],"is_trial":false,"path_per_floor":["M","?","?","T","$","E","R","?","T","M","$","$","R","?","R","B",null,"M","$","?","?","M","R","M","$","T","R","M","?","R","M","R","B",null,"M","?","M","M","?","R","$","M","T","E","M"],"character_chosen":"IRONCLAD","items_purchased":["Clash"],"campfire_rested":0,"item_purchase_floors":[11],"current_hp_per_floor":[80,80,85,85,85,85,85,74,74,80,85,85,85,85,85,49,85,88,88,88,88,88,88,91,91,91,91,95,95,95,95,95,39,95,94,94,96,94,94,94,100,100,100,20,0],"gold":102,"neow_bonus":"THREE_ENEMY_KILL","is_prod":false,"is_daily":false,"chose_seed":false,"campfire_upgraded":8,"win_rate":0,"timestamp":1568698742,"path_taken":["M","?","?","?","$","E","R","?","T","M","?","$","R","?","R","BOSS","M","$","?","?","M","R","M","$","T","R","M","?","R","M","R","BOSS","M","?","M","?","?","R","$","?","T","E","?"],"build_version":"2019-09-16","purchased_purges":4,"victory":false,"max_hp_per_floor":[80,80,85,85,85,85,85,85,85,85,85,85,85,85,85,85,85,88,88,88,88,88,88,91,91,91,91,95,95,95,95,95,95,95,99,99,99,103,103,103,100,100,100,100,100],"card_choices":[{"not_picked":["Wild Strike","Fire Breathing","True Grit"],"picked":"SKIP","floor":1.0},{"not_picked":["Anger","Dark Embrace"],"picked":"Clash","floor":6.0},{"not_picked":["Armaments","Shrug It Off"],"picked":"Clash","floor":10.0},{"not_picked":["Juggernaut","Offering"],"picked":"Feed","floor":16.0},{"not_picked":["Warcry","Iron Wave","Flex"],"picked":"SKIP","floor":18.0},{"not_picked":["Heavy Blade","Intimidate","Sword Boomerang"],"picked":"SKIP","floor":22.0},{"not_picked":["Dual Wield","Anger","Thunderclap"],"picked":"SKIP","floor":24.0},{"not_picked":["Twin Strike","Thunderclap","Iron Wave"],"picked":"SKIP","floor":28.0},{"not_picked":["Dropkick","Pommel Strike","Clothesline+1"],"picked":"SKIP","floor":31.0},{"not_picked":["Berserk","Fiend Fire"],"picked":"Immolate","floor":33.0},{"not_picked":["Heavy Blade","Twin Strike+1","Shrug It Off+1"],"picked":"SKIP","floor":35.0},{"not_picked":["Heavy Blade","Twin Strike+1","Shrug It Off+1"],"picked":"SKIP","floor":35.0},{"not_picked":["Anger","True Grit"],"picked":"Clash+1","floor":37.0},{"not_picked":["Havoc+1","Flame Barrier","Iron Wave+1"],"picked":"SKIP","floor":38.0},{"not_picked":["Rampage","Perfected Strike+1","Flame Barrier+1"],"picked":"SKIP","floor":42},{"not_picked":["Corruption+1","Twin Strike","Offering"],"picked":"SKIP","floor":44}],"player_experience":1541210,"relics_obtained":[{"floor":4.0,"key":"War Paint"},{"floor":6.0,"key":"MealTicket"},{"floor":9.0,"key":"Anchor"},{"floor":26.0,"key":"Pantograph"},{"floor":43,"key":"Smiling Mask"},{"floor":44,"key":"Gremlin Horn"}],"event_choices":[{"damage_healed":0.0,"max_hp_gain":0.0,"max_hp_loss":0.0,"gold_gain":0.0,"event_name":"Living Wall","player_choice":"Grow","floor":2.0,"gold_loss":0.0,"damage_taken":0.0,"cards_upgraded":["Bash"]},{"damage_healed":0.0,"max_hp_gain":5.0,"max_hp_loss":0.0,"gold_gain":0.0,"event_name":"Big Fish","player_choice":"Donut","floor":3.0,"gold_loss":0.0,"damage_taken":0.0},{"damage_healed":0.0,"max_hp_gain":0.0,"max_hp_loss":0.0,"gold_gain":75.0,"event_name":"World of Goop","player_choice":"Gather Gold","floor":8.0,"gold_loss":0.0,"damage_taken":11.0},{"cards_removed":["Defend_R"],"damage_healed":0.0,"max_hp_gain":0.0,"max_hp_loss":0.0,"gold_gain":0.0,"event_name":"Bonfire Elementals","player_choice":"Offered Basic","floor":14.0,"gold_loss":0.0,"damage_taken":0.0},{"damage_healed":0.0,"max_hp_gain":0.0,"max_hp_loss":0.0,"gold_gain":0.0,"event_name":"Ghosts","player_choice":"Ignored","floor":20.0,"gold_loss":0.0,"damage_taken":0.0},{"damage_healed":0.0,"max_hp_gain":0.0,"max_hp_loss":0.0,"gold_gain":0.0,"event_name":"The Library","player_choice":"Read","floor":21.0,"gold_loss":0.0,"damage_taken":0.0,"cards_obtained":["True Grit"]},{"damage_healed":0.0,"max_hp_gain":0.0,"max_hp_loss":0.0,"gold_gain":0.0,"event_name":"Drug Dealer","player_choice":"Inject Mutagens","floor":29.0,"gold_loss":0.0,"damage_taken":0.0,"relics_obtained":["MutagenicStrength"]},{"damage_healed":0.0,"max_hp_gain":0.0,"max_hp_loss":0.0,"gold_gain":0.0,"event_name":"Upgrade Shrine","player_choice":"Upgraded","floor":36.0,"gold_loss":0.0,"damage_taken":0.0,"cards_upgraded":["Immolate"]},{"damage_healed":0,"gold_gain":0,"player_choice":"Got Potions","damage_taken":0,"max_hp_gain":0,"max_hp_loss":0,"event_name":"Lab","floor":39,"gold_loss":0}],"is_beta":true,"boss_relics":[{"not_picked":["Astrolabe","Ectoplasm"],"picked":"Cursed Key"},{"not_picked":["Mark of Pain","Fusion Hammer"],"picked":"SlaversCollar"}],"items_purged_floors":[5,11,19,41],"is_endless":false,"potions_floor_spawned":[6,16,22,28,31,33,35,38,44],"killed_by":"Spire Growth","ascension_level":0}