{"path_per_floor":["M","?","?","?","?","R","E","M","T","R","M","R","M","M","R","B",null,"M","?","$","M","M","R","E","?","T","M","E","R","?","M","R","B",null,"M","?","?","M","M","R","$","R","T","R","M","M","M","E","R","B"],"character_chosen":"DEFECT","items_purchased":["Bottled Flame","Lantern","Centennial Puzzle","Bandage Up","Mango","Hologram"],"gold_per_floor":[117,117,117,117,77,77,109,127,127,127,139,139,149,163,163,261,261,281,731,13,33,46,46,72,72,125,140,170,170,196,216,216,321,321,339,339,339,359,371,371,21,21,21,21,31,45,56,87,87,87],"floor_reached":51,"campfire_rested":2,"playtime":2832,"item_purchase_floors":[20,20,20,20,41,41],"current_hp_per_floor":[74,74,74,67,67,67,58,58,58,58,58,58,57,57,57,24,75,75,27,27,31,35,57,70,75,75,73,72,72,75,65,65,52,75,75,75,75,66,67,67,81,81,81,81,71,63,62,38,79,51],"items_purged":[],"gold":87,"score":717,"play_id":"0988b9bd-f035-47d6-b9e7-33b67705ec74","local_time":"20180531090616","is_prod":false,"is_daily":false,"chose_seed":true,"is_ascension_mode":false,"campfire_upgraded":9,"win_rate":0,"timestamp":1527746776,"campfire_choices":[{"data":"Steam","floor":6,"key":"SMITH"},{"data":"Beam Cell","floor":10,"key":"SMITH"},{"data":"Streamline","floor":12,"key":"SMITH"},{"data":"Redo","floor":15,"key":"SMITH"},{"floor":23,"key":"REST"},{"data":"White Noise","floor":29,"key":"SMITH"},{"data":"Dualcast","floor":32,"key":"SMITH"},{"data":"All For One","floor":40,"key":"SMITH"},{"data":"Electrodynamics","floor":42,"key":"SMITH"},{"data":"Hologram","floor":44,"key":"SMITH"},{"floor":49,"key":"REST"}],"path_taken":["M","?","?","?","?","R","E","M","T","R","?","R","?","M","R","BOSS","M","?","$","M","M","R","E","?","T","M","E","R","?","M","R","BOSS","M","?","?","M","?","R","?","R","T","R","M","M","?","E","R","BOSS"],"build_version":"2018-05-30","seed_source_timestamp":42886907372764,"purchased_purges":0,"victory":true,"master_deck":["Zap+1","Dualcast+1","Steam+1","Steam","Beam Cell+1","Streamline+1","Redo+1","Electrodynamics+1","Sweeping Beam+1","Rainbow+1","Defragment+1","Bandage Up","Self Repair+1","White Noise+1","Go for the Eyes+1","All For One+1","Beam Cell","Rebound","Loop+1","Thunder Strike","Hologram+1","Reprogram+1","FTL"],"max_hp_per_floor":[75,75,75,75,75,75,75,75,75,75,75,75,75,75,75,75,75,75,75,75,75,75,75,75,75,75,75,75,75,75,75,75,75,75,75,75,75,75,75,75,89,89,89,89,89,89,89,89,89,89],"relics":["Cracked Core","Oddly Smooth Stone","Omamori","Thread and Needle","Astrolabe","Bottled Flame","Lantern","Centennial Puzzle","Regal Pillow","Tiny Chest","Sundial","Red Mask","Pandora\u0027s Box","Mango","Mercury Hourglass","Toolbox"],"card_choices":[{"not_picked":["Rebound","Leap"],"picked":"Steam","floor":1},{"not_picked":["Cold Snap","Reinforced Body"],"picked":"Steam","floor":7},{"not_picked":["Storm","Barrage"],"picked":"Beam Cell","floor":8},{"not_picked":["Rebound","Leap"],"picked":"Streamline","floor":11},{"not_picked":["Stack","Streamline"],"picked":"Redo","floor":13},{"not_picked":["Doom and Gloom","Sunder","Skim"],"picked":"SKIP","floor":14},{"not_picked":["Multi-Cast","Rainbow"],"picked":"Electrodynamics","floor":16},{"not_picked":["Double Energy","Barrage+1","Leap"],"picked":"SKIP","floor":18},{"not_picked":["Sweeping Beam","Recycle","Barrage"],"picked":"SKIP","floor":21},{"not_picked":["Melter","Compile Driver"],"picked":"Self Repair+1","floor":22},{"not_picked":["Turbo","Fusion","Hello World+1"],"picked":"SKIP","floor":24},{"not_picked":["Leap","Skim"],"picked":"Steam Power","floor":27},{"not_picked":["Beam Cell","Cold Snap"],"picked":"White Noise","floor":28},{"not_picked":["Streamline","Reprogram"],"picked":"Go for the Eyes+1","floor":30},{"not_picked":["Compile Driver","Hello World","Double Energy+1"],"picked":"SKIP","floor":31},{"not_picked":["Seek","Thunder Strike"],"picked":"All For One","floor":33},{"not_picked":["Beam Cell","Go for the Eyes+1","Sweeping Beam+1"],"picked":"SKIP","floor":35},{"not_picked":["Stack","Compile Driver+1"],"picked":"Loop+1","floor":38},{"not_picked":["Stack+1","Scrape"],"picked":"Thunder Strike","floor":39},{"not_picked":["Stack","Melter+1","Barrage+1"],"picked":"SKIP","floor":45},{"not_picked":["Beam Cell","Consume","Coolheaded"],"picked":"SKIP","floor":46},{"not_picked":["Turbo+1","Coolheaded+1"],"picked":"Reprogram+1","floor":47},{"not_picked":["Double Energy+1","Hologram"],"picked":"FTL","floor":48}],"player_experience":471242,"potions_floor_usage":[7,16,22,24,24,24,24,24,28,33,48,50,50,50],"damage_taken":[{"damage":1,"enemies":"Small Slimes","floor":1,"turns":4},{"damage":9,"enemies":"Gremlin Nob","floor":7,"turns":3},{"damage":0,"enemies":"Cultist","floor":8,"turns":3},{"damage":0,"enemies":"Jaw Worm","floor":11,"turns":3},{"damage":1,"enemies":"2 Fungi Beasts","floor":13,"turns":3},{"damage":0,"enemies":"Large Slime","floor":14,"turns":2},{"damage":40,"enemies":"Hexaghost","floor":16,"turns":8},{"damage":0,"enemies":"Spheric Guardian","floor":18,"turns":3},{"damage":0,"enemies":"Chosen","floor":21,"turns":4},{"damage":0,"enemies":"Slaver and Parasite","floor":22,"turns":4},{"damage":1,"enemies":"Book of Stabbing","floor":24,"turns":3},{"damage":12,"enemies":"Sentry and Sphere","floor":27,"turns":4},{"damage":13,"enemies":"Gremlin Leader","floor":28,"turns":5},{"damage":0,"enemies":"Masked Bandits","floor":30,"turns":3},{"damage":10,"enemies":"Centurion and Healer","floor":31,"turns":2},{"damage":34,"enemies":"Champ","floor":33,"turns":9},{"damage":10,"enemies":"Flame Bruiser 1 Orb","floor":35,"turns":4},{"damage":13,"enemies":"3 Darklings","floor":38,"turns":3},{"damage":13,"enemies":"Flame Bruiser 2 Orb","floor":39,"turns":5},{"damage":14,"enemies":"Spire Growth","floor":45,"turns":3},{"damage":8,"enemies":"4 Shapes","floor":46,"turns":3},{"damage":15,"enemies":"Maw","floor":47,"turns":5},{"damage":38,"enemies":"Giant Head","floor":48,"turns":7},{"damage":32,"enemies":"Awakened One","floor":50,"turns":6}],"relics_obtained":[{"floor":7,"key":"Omamori"},{"floor":9,"key":"Thread and Needle"},{"floor":24,"key":"Regal Pillow"},{"floor":26,"key":"Tiny Chest"},{"floor":28,"key":"Sundial"},{"floor":30,"key":"Red Mask"},{"floor":43,"key":"Mercury Hourglass"},{"floor":48,"key":"Toolbox"}],"event_choices":[{"event_name":"Upgrade Shrine","player_choice":"Upgraded","floor":2,"damage_taken":0},{"event_name":"Living Wall","player_choice":"Forget","floor":3,"damage_taken":0},{"event_name":"Golden Wing","player_choice":"Card Removal","floor":4,"damage_taken":0},{"event_name":"The Woman in Blue","player_choice":"Bought 3 Potions","floor":5,"damage_taken":0},{"event_name":"Knowing Skull","player_choice":"GOLD GOLD GOLD GOLD GOLD ","floor":19,"damage_taken":0},{"event_name":"Wheel of Change","player_choice":"Full Heal","floor":25,"damage_taken":0},{"event_name":"Masked Bandits","player_choice":"Fought over 170 gold","floor":30,"damage_taken":0},{"event_name":"Purifier","player_choice":"One Purge","floor":37,"damage_taken":0}],"boss_relics":[{"not_picked":["Velvet Choker","White Beast Statue"],"picked":"Astrolabe"},{"not_picked":["Snecko Eye","Calling Bell"],"picked":"Pandora\u0027s Box"}],"items_purged_floors":[],"potions_floor_spawned":[8,13,16,24,28,30,33,35,45,46,48],"seed_played":"-3320497826844219243","ascension_level":0,"potions_obtained":[{"floor":5,"key":"Fire Potion"},{"floor":5,"key":"FocusPotion"},{"floor":5,"key":"FairyPotion"},{"floor":8,"key":"PowerPotion"},{"floor":13,"key":"SkillPotion"},{"floor":16,"key":"EntropicBrew"},{"floor":24,"key":"EssenceOfSteel"},{"floor":28,"key":"LiquidBronze"},{"floor":30,"key":"Weak Potion"},{"floor":33,"key":"Strength Potion"},{"floor":35,"key":"Fire Potion"},{"floor":45,"key":"FocusPotion"},{"floor":48,"key":"FearPotion"}],"is_trial":false}