{"gold_per_floor":[368,543,5,21,39,39,73,73,119,119,149,169,169,169,169,267,267,287,299,314,413,131,131,131,131,131,131,148,148,148,168,168,168],"floor_reached":33,"playtime":529,"items_purged":["Doubt","Strike_R"],"score":243,"play_id":"e0d35607-fb9d-4965-86b9-c4a11176643c","local_time":"20190916231535","is_ascension_mode":false,"campfire_choices":[{"data":"Uppercut","floor":6.0,"key":"SMITH"},{"data":"Thunderclap","floor":8.0,"key":"SMITH"},{"data":"Bash","floor":10.0,"key":"SMITH"},{"data":"Headbutt","floor":15.0,"key":"SMITH"},{"data":"Heavy Blade","floor":23.0,"key":"SMITH"},{"data":"Heavy Blade","floor":25.0,"key":"SMITH"},{"data":"Offering","floor":27.0,"key":"SMITH"},{"data":"Flex","floor":32,"key":"SMITH"}],"neow_cost":"PERCENT_DAMAGE","seed_source_timestamp":1581258144647,"circlet_count":0,"master_deck":["Strike_R","Strike_R","Defend_R","Defend_R","Defend_R","Defend_R","Bash+1","Heavy Blade+1","Inflame+1","Thunderclap+1","Headbutt+1","Headbutt","Headbutt","Uppercut+1","Shrug It Off","Offering+1","Shockwave+1","Heavy Blade+1","Heavy Blade+1","Feed","Flex+1","Armaments+1"],"special_seed":0,"relics":["Burning Blood","Frozen Egg 2","Orrery","MealTicket","Pen Nib","Odd Mushroom","Velvet Choker","Membership Card","Happy Flower","Meat on the Bone","MutagenicStrength"],"potions_floor_usage":[],"damage_taken":[{"damage":2.0,"enemies":"2 Louse","floor":1.0,"turns":4.0},{"damage":17.0,"enemies":"Small Slimes","floor":4.0,"turns":3.0},{"damage":1.0,"enemies":"Cultist","floor":5.0,"turns":3.0},{"damage":14.0,"enemies":"Gremlin Nob","floor":7.0,"turns":3.0},{"damage":13.0,"enemies":"The Mushroom Lair","floor":11.0,"turns":3.0},{"damage":10.0,"enemies":"Looter","floor":12.0,"turns":3.0},{"damage":10.0,"enemies":"Slime Boss","floor":16.0,"turns":6.0},{"damage":13.0,"enemies":"2 Thieves","floor":18.0,"turns":2.0},{"damage":0.0,"enemies":"Chosen","floor":19.0,"turns":3.0},{"damage":9.0,"enemies":"Shelled Parasite and Fungi","floor":20.0,"turns":3.0},{"damage":21.0,"enemies":"Snake Plant","floor":28.0,"turns":3.0},{"damage":16,"enemies":"Chosen and Byrds","floor":31,"turns":3},{"damage":60,"enemies":"Collector","floor":33,"turns":7}],"seed_played":"2298170408919185079","potions_obtained":[{"floor":11.0,"key":"FearPotion"},{"floor":12.0,"key":"Energy Potion"},{"floor":19.0,"key":"Poison Potion"}],"is_trial":false,"path_per_floor":["M","?","$","M","M","R","E","R","T","R","?","M","?","?","R","B",null,"M","M","M","?","$","R","?","R","T","R","M","?","?","M","R","B"],"character_chosen":"IRONCLAD","items_purchased":["Frozen Egg 2","Inflame+1","Orrery","Membership Card","Happy Flower","Heavy Blade"],"campfire_rested":0,"item_purchase_floors":[3,3,3,22,22,22],"current_hp_per_floor":[60,60,60,49,54,54,46,46,46,46,39,35,28,28,28,24,80,73,79,76,76,80,80,80,80,80,80,65,65,65,58,58,0],"gold":168,"neow_bonus":"TWO_FIFTY_GOLD","is_prod":false,"is_daily":false,"chose_seed":false,"campfire_upgraded":8,"win_rate":0,"timestamp":1568697335,"path_taken":["M","?","$","M","M","R","E","R","T","R","?","M","?","?","R","BOSS","M","M","M","?","$","R","?","R","T","R","?","?","?","?","R","BOSS"],"build_version":"2019-09-16","purchased_purges":2,"victory":false,"max_hp_per_floor":[80,80,80,80,80,80,80,80,80,80,80,80,80,80,80,80,80,80,80,80,80,80,80,80,80,80,80,80,80,80,83,83,83],"card_choices":[{"not_picked":["Cleave","Body Slam"],"picked":"Heavy Blade","floor":1.0},{"not_picked":["Twin Strike","Rupture+1"],"picked":"Thunderclap","floor":3.0},{"not_picked":["Anger","Fiend Fire"],"picked":"Headbutt","floor":3.0},{"not_picked":["Armaments","Hemokinesis"],"picked":"Headbutt","floor":3.0},{"not_picked":["Flame Barrier","Carnage"],"picked":"Headbutt","floor":3.0},{"not_picked":["Fiend Fire","Clothesline","Anger"],"picked":"SKIP","floor":4.0},{"not_picked":["Bloodletting","Twin Strike"],"picked":"Uppercut","floor":5.0},{"not_picked":["Rampage","Perfected Strike","Armaments"],"picked":"SKIP","floor":7.0},{"not_picked":["Dropkick","Bludgeon"],"picked":"Shrug It Off","floor":12.0},{"not_picked":["Impervious","Brutality+1"],"picked":"Offering","floor":16.0},{"not_picked":["Warcry","Perfected Strike+1"],"picked":"Shockwave+1","floor":18.0},{"not_picked":["Sword Boomerang","True Grit","Warcry"],"picked":"SKIP","floor":19.0},{"not_picked":["Evolve+1","Sentinel"],"picked":"Heavy Blade","floor":20.0},{"not_picked":["Pommel Strike+1","Uppercut"],"picked":"Feed","floor":28.0},{"not_picked":["Pommel Strike","Thunderclap"],"picked":"Armaments+1","floor":31}],"player_experience":1540037,"relics_obtained":[{"floor":7.0,"key":"MealTicket"},{"floor":9.0,"key":"Pen Nib"},{"floor":11.0,"key":"Odd Mushroom"},{"floor":26.0,"key":"Meat on the Bone"}],"event_choices":[{"damage_healed":0.0,"max_hp_gain":0.0,"max_hp_loss":0.0,"gold_gain":175.0,"event_name":"Liars Game","player_choice":"AGREE","floor":2.0,"gold_loss":0.0,"damage_taken":0.0,"cards_obtained":["Doubt"]},{"damage_healed":0.0,"max_hp_gain":0.0,"max_hp_loss":0.0,"gold_gain":0.0,"event_name":"Mushrooms","player_choice":"Fought Mushrooms","floor":11.0,"gold_loss":0.0,"damage_taken":0.0},{"cards_removed":["Strike_R"],"damage_healed":0.0,"max_hp_gain":0.0,"max_hp_loss":0.0,"gold_gain":0.0,"event_name":"Golden Wing","player_choice":"Card Removal","floor":13.0,"gold_loss":0.0,"damage_taken":7.0},{"damage_healed":0.0,"max_hp_gain":0.0,"max_hp_loss":0.0,"gold_gain":0.0,"event_name":"Living Wall","player_choice":"Grow","floor":14.0,"gold_loss":0.0,"damage_taken":0.0,"cards_upgraded":["Heavy Blade"]},{"damage_healed":0.0,"max_hp_gain":0.0,"max_hp_loss":0.0,"gold_gain":99.0,"event_name":"Nest","player_choice":"Stole From Cult","floor":21.0,"gold_loss":0.0,"damage_taken":0.0},{"cards_removed":["Strike_R"],"damage_healed":0.0,"max_hp_gain":0.0,"max_hp_loss":0.0,"gold_gain":0.0,"event_name":"Purifier","player_choice":"Purged","floor":24.0,"gold_loss":0.0,"damage_taken":0.0},{"damage_healed":0.0,"max_hp_gain":0.0,"max_hp_loss":0.0,"gold_gain":0.0,"event_name":"The Library","player_choice":"Read","floor":29.0,"gold_loss":0.0,"damage_taken":0.0,"cards_obtained":["Flex"]},{"damage_healed":0.0,"max_hp_gain":0.0,"max_hp_loss":0.0,"gold_gain":0.0,"event_name":"Drug Dealer","player_choice":"Inject Mutagens","floor":30.0,"gold_loss":0.0,"damage_taken":0.0,"relics_obtained":["MutagenicStrength"]}],"is_beta":true,"boss_relics":[{"not_picked":["Runic Cube","SlaversCollar"],"picked":"Velvet Choker"}],"items_purged_floors":[3,22],"is_endless":false,"potions_floor_spawned":[11,12,19],"killed_by":"Collector","ascension_level":0}