{"gold_per_floor":[116,41,41,66,66,66,84,84,108,108,127,145,163,20,20,145,145,163,211,111,111,111,111,127,127,127,127,151,191,191,210,210,329,329,344,219,120,120,133,171,171,21,21,37,80,80,0,0,0,0],"floor_reached":51,"playtime":1805,"items_purged":["Strike_R","Strike_R","Defend_R","Defend_R"],"score":736,"play_id":"49446e45-01b0-433a-b190-312c1a4af5de","local_time":"20190920035216","is_ascension_mode":false,"campfire_choices":[{"data":"Flex","floor":6.0,"key":"SMITH"},{"data":"Bash","floor":8.0,"key":"SMITH"},{"data":"Flex","floor":10.0,"key":"SMITH"},{"data":"Heavy Blade","floor":15.0,"key":"SMITH"},{"data":"Limit Break","floor":23,"key":"SMITH"},{"data":"Flex","floor":27,"key":"SMITH"},{"data":"Pummel","floor":30,"key":"SMITH"},{"data":"Defend_R","floor":32,"key":"SMITH"},{"floor":41,"key":"REST"},{"floor":46,"key":"REST"},{"floor":49,"key":"REST"}],"neow_cost":"NONE","seed_source_timestamp":17806067244811,"circlet_count":0,"master_deck":["Strike_R","Strike_R","Defend_R+1","Bash+1","Flex+1","Flex+1","Flex+1","Heavy Blade+1","Limit Break+1","Pummel+1","True Grit+1","Offering","Metallicize+1","Thunderclap","Battle Trance+1","Sword Boomerang+1"],"special_seed":0,"relics":["Burning Blood","NeowsBlessing","Golden Idol","Boot","Chemical X","SlaversCollar","Vajra","PreservedInsect","Self Forming Clay","Fusion Hammer","StoneCalendar","Frozen Egg 2","Bottled Lightning","Singing Bowl","Red Mask"],"potions_floor_usage":[16,16,16,16,16,24,33,33,33,44,50],"damage_taken":[{"damage":0.0,"enemies":"2 Louse","floor":1.0,"turns":1.0},{"damage":0.0,"enemies":"Jaw Worm","floor":4.0,"turns":1.0},{"damage":0.0,"enemies":"Cultist","floor":7.0,"turns":1.0},{"damage":6.0,"enemies":"Red Slaver","floor":11.0,"turns":3.0},{"damage":0.0,"enemies":"Exordium Wildlife","floor":12.0,"turns":3.0},{"damage":12.0,"enemies":"3 Louse","floor":13.0,"turns":2.0},{"damage":39,"enemies":"Hexaghost","floor":16,"turns":8},{"damage":10,"enemies":"Chosen","floor":18,"turns":4},{"damage":5,"enemies":"3 Byrds","floor":24,"turns":4},{"damage":13,"enemies":"Shelled Parasite and Fungi","floor":28,"turns":3},{"damage":12,"enemies":"Book of Stabbing","floor":29,"turns":2},{"damage":0,"enemies":"Sentry and Sphere","floor":31,"turns":2},{"damage":20,"enemies":"Automaton","floor":33,"turns":6},{"damage":12,"enemies":"3 Shapes","floor":35,"turns":3},{"damage":6,"enemies":"3 Darklings","floor":39,"turns":4},{"damage":11,"enemies":"Giant Head","floor":40,"turns":3},{"damage":12,"enemies":"4 Shapes","floor":44,"turns":3},{"damage":42,"enemies":"Nemesis","floor":45,"turns":5},{"damage":18,"enemies":"Awakened One","floor":50,"turns":4}],"seed_played":"1251838556981062155","potions_obtained":[{"floor":7.0,"key":"Energy Potion"},{"floor":11.0,"key":"Ancient Potion"},{"floor":13.0,"key":"EntropicBrew"},{"floor":18,"key":"Energy Potion"},{"floor":28,"key":"Explosive Potion"},{"floor":31,"key":"Swift Potion"},{"floor":40,"key":"Swift Potion"},{"floor":44,"key":"Explosive Potion"}],"is_trial":false,"path_per_floor":["M","$","?","M","?","R","M","R","T","R","M","M","M","$","R","B",null,"M","T","$","?","?","R","M","?","T","R","M","E","R","M","R","B",null,"M","$","?","$","M","E","R","$","T","M","E","R","?","$","R","B",null],"character_chosen":"IRONCLAD","items_purchased":["Chemical X"],"campfire_rested":3,"item_purchase_floors":[14],"current_hp_per_floor":[80,80,74,74,74,74,74,74,74,74,74,74,68,68,68,35,74,70,70,70,70,70,70,71,71,71,71,64,58,58,64,64,50,74,68,68,68,68,68,63,74,74,74,68,32,54,54,54,74,62],"gold":0,"neow_bonus":"THREE_ENEMY_KILL","is_prod":false,"is_daily":false,"chose_seed":false,"campfire_upgraded":8,"win_rate":0,"timestamp":1568973136,"path_taken":["M","$","?","M","?","R","?","R","T","R","M","M","M","?","R","BOSS","M","?","$","?","?","R","?","?","T","R","M","E","R","M","R","BOSS","M","$","?","$","?","E","R","$","T","M","E","R","?","?","R","BOSS"],"build_version":"2019-09-19","purchased_purges":4,"victory":true,"max_hp_per_floor":[80,80,74,74,74,74,74,74,74,74,74,74,74,74,74,74,74,74,74,74,74,74,74,74,74,74,74,74,74,74,74,74,74,74,74,74,74,74,74,74,74,74,74,74,74,74,74,74,74,74],"card_choices":[{"not_picked":["Carnage","Second Wind"],"picked":"Flex","floor":1.0},{"not_picked":["Clothesline","Pommel Strike"],"picked":"Flex","floor":4.0},{"not_picked":["Body Slam","Sentinel","Carnage"],"picked":"SKIP","floor":7.0},{"not_picked":["Pommel Strike","Clothesline"],"picked":"Flex","floor":11.0},{"not_picked":["Searing Blow","Shrug It Off"],"picked":"Heavy Blade","floor":12.0},{"not_picked":["Iron Wave","Second Wind","Sever Soul"],"picked":"SKIP","floor":13.0},{"not_picked":["Brutality","Fiend Fire"],"picked":"Limit Break","floor":16},{"not_picked":["Dual Wield","True Grit","Fire Breathing"],"picked":"SKIP","floor":18},{"not_picked":["Clothesline","Iron Wave+1"],"picked":"Pummel","floor":24},{"not_picked":["Infernal Blade","Clash+1","Wild Strike+1"],"picked":"SKIP","floor":28},{"not_picked":["Combust","Warcry"],"picked":"True Grit+1","floor":29},{"not_picked":["Hemokinesis","Corruption","Clothesline"],"picked":"SKIP","floor":31},{"not_picked":["Berserk","Barricade"],"picked":"Offering","floor":33},{"not_picked":["Twin Strike","Ghostly Armor"],"picked":"Metallicize+1","floor":35},{"not_picked":["Fire Breathing+1","Clothesline"],"picked":"Thunderclap","floor":39},{"not_picked":["Wild Strike","Headbutt"],"picked":"Battle Trance+1","floor":40},{"not_picked":["Shrug It Off+1","Feel No Pain+1","Anger"],"picked":"SKIP","floor":44},{"not_picked":["Fire Breathing+1","Evolve+1"],"picked":"Sword Boomerang+1","floor":45}],"player_experience":1556186,"relics_obtained":[{"floor":9.0,"key":"Boot"},{"floor":19,"key":"Vajra"},{"floor":26,"key":"PreservedInsect"},{"floor":29,"key":"Self Forming Clay"},{"floor":40,"key":"Frozen Egg 2"},{"floor":43,"key":"Bottled Lightning"},{"floor":45,"key":"Singing Bowl"}],"event_choices":[{"damage_healed":0.0,"max_hp_gain":0.0,"max_hp_loss":6.0,"gold_gain":0.0,"event_name":"Golden Idol","player_choice":"Lose Max HP","floor":3.0,"gold_loss":0.0,"damage_taken":0.0,"relics_obtained":["Golden Idol"]},{"cards_removed":["Defend_R"],"damage_healed":0.0,"max_hp_gain":0.0,"max_hp_loss":0.0,"gold_gain":0.0,"event_name":"Purifier","player_choice":"Purged","floor":5.0,"gold_loss":0.0,"damage_taken":0.0},{"cards_removed":["Strike_R"],"damage_healed":0,"gold_gain":0,"player_choice":"Elegance","damage_taken":0,"max_hp_gain":0,"max_hp_loss":0,"event_name":"Back to Basics","floor":21,"gold_loss":0},{"damage_healed":0,"gold_gain":0,"player_choice":"0 cards matched","damage_taken":0,"max_hp_gain":0,"max_hp_loss":0,"event_name":"Match and Keep!","floor":22,"gold_loss":0,"cards_obtained":[]},{"damage_healed":0,"gold_gain":0,"player_choice":"Ignored","damage_taken":0,"max_hp_gain":0,"max_hp_loss":0,"event_name":"Ghosts","floor":25,"gold_loss":0},{"damage_healed":0,"gold_gain":0,"player_choice":"Paid Gold","damage_taken":0,"relics_obtained":["StoneCalendar"],"max_hp_gain":0,"max_hp_loss":0,"event_name":"WeMeetAgain","floor":37,"gold_loss":99},{"damage_healed":0,"gold_gain":0,"player_choice":"Paid","damage_taken":0,"relics_obtained":["Red Mask"],"max_hp_gain":0,"max_hp_loss":0,"event_name":"Tomb of Lord Red Mask","floor":47,"gold_loss":80}],"is_beta":true,"boss_relics":[{"not_picked":["Empty Cage","Snecko Eye"],"picked":"SlaversCollar"},{"not_picked":["SacredBark","Black Star"],"picked":"Fusion Hammer"}],"items_purged_floors":[2,20,36,42],"is_endless":false,"potions_floor_spawned":[7,11,13,18,28,31,40,44],"ascension_level":0}