{"gold_per_floor":[117,134,134,61,81,81,114,131,203,203,222,280,280,19,19,114,114,129,129,145,162,14,40,40,40,340,48,82,82,82,101,101,196,196,209,225,30,45,60,7,7,23,23,98,109,120,120,16,16,16],"floor_reached":51,"playtime":1175,"items_purged":["Regret","Strike_R","Hemokinesis"],"score":787,"play_id":"09d10f4a-6543-481f-b63d-37775afea82c","local_time":"20190907013426","is_ascension_mode":false,"campfire_choices":[{"data":"Inflame","floor":6.0,"key":"SMITH"},{"data":"Bash","floor":10.0,"key":"SMITH"},{"data":"Metallicize","floor":15.0,"key":"SMITH"},{"floor":24.0,"key":"REST"},{"floor":32.0,"key":"REST"},{"floor":41.0,"key":"REST"},{"floor":49.0,"key":"REST"}],"neow_cost":"NONE","seed_source_timestamp":391360424244,"circlet_count":0,"master_deck":["Bash+1","Disarm+1","Inflame+1","Metallicize+1","Clash","Clash+1","Thunderclap","Battle Trance","Demon Form","Headbutt+1","Flex+1","Limit Break","Heavy Blade+1","Clash+1","Uppercut+1","Limit Break","Double Tap","Evolve","Clash","Fiend Fire","Flex","Clash+1","Corruption","Clash+1","Heavy Blade","Good Instincts"],"special_seed":0,"relics":["Burning Blood","Red Skull","Champion Belt","Self Forming Clay","Pen Nib","War Paint","Happy Flower","Fusion Hammer","Ancient Tea Set","Old Coin","ClockworkSouvenir","Kunai","Pandora\u0027s Box","Membership Card","Whetstone"],"potions_floor_usage":[50,50],"damage_taken":[{"damage":11.0,"enemies":"Jaw Worm","floor":1.0,"turns":3.0},{"damage":0.0,"enemies":"Cultist","floor":2.0,"turns":6.0},{"damage":0.0,"enemies":"2 Louse","floor":5.0,"turns":3.0},{"damage":34.0,"enemies":"3 Sentries","floor":7.0,"turns":11.0},{"damage":0.0,"enemies":"Blue Slaver","floor":8.0,"turns":6.0},{"damage":1.0,"enemies":"Exordium Wildlife","floor":11.0,"turns":3.0},{"damage":0.0,"enemies":"Gremlin Nob","floor":12.0,"turns":4.0},{"damage":21.0,"enemies":"Hexaghost","floor":16.0,"turns":8.0},{"damage":1.0,"enemies":"Shell Parasite","floor":18.0,"turns":2.0},{"damage":10.0,"enemies":"2 Thieves","floor":20.0,"turns":3.0},{"damage":0.0,"enemies":"3 Cultists","floor":21.0,"turns":4.0},{"damage":18.0,"enemies":"Gremlin Leader","floor":23.0,"turns":4.0},{"damage":6.0,"enemies":"Slavers","floor":28.0,"turns":4.0},{"damage":2.0,"enemies":"Snecko","floor":31.0,"turns":3.0},{"damage":10.0,"enemies":"Champ","floor":33.0,"turns":5.0},{"damage":16.0,"enemies":"3 Shapes","floor":35.0,"turns":4.0},{"damage":21.0,"enemies":"3 Darklings","floor":36.0,"turns":4.0},{"damage":12.0,"enemies":"Jaw Worm Horde","floor":38.0,"turns":3.0},{"damage":13.0,"enemies":"Spire Growth","floor":39.0,"turns":3.0},{"damage":18.0,"enemies":"Maw","floor":42.0,"turns":4.0},{"damage":12.0,"enemies":"Sphere and 2 Shapes","floor":45.0,"turns":3.0},{"damage":10.0,"enemies":"Jaw Worm Horde","floor":46.0,"turns":3.0},{"damage":36,"enemies":"Donu and Deca","floor":50,"turns":4}],"seed_played":"-2244526867419506268","potions_obtained":[{"floor":5.0,"key":"Swift Potion"},{"floor":8.0,"key":"Fire Potion"},{"floor":11.0,"key":"Block Potion"},{"floor":16.0,"key":"GamblersBrew"},{"floor":20.0,"key":"GamblersBrew"},{"floor":23.0,"key":"FearPotion"},{"floor":33.0,"key":"EssenceOfSteel"},{"floor":36.0,"key":"Weak Potion"},{"floor":38.0,"key":"GamblersBrew"},{"floor":45.0,"key":"FairyPotion"}],"is_trial":false,"path_per_floor":["M","M","?","$","M","R","E","M","T","R","M","?","?","$","R","B",null,"M","?","M","M","$","E","R","?","T","$","E","?","$","M","R","B",null,"M","M","$","M","M","$","R","M","T","?","M","M","?","$","R","B",null],"character_chosen":"IRONCLAD","items_purchased":["Inflame","Battle Trance","Happy Flower","Limit Break","ClockworkSouvenir","Membership Card","Heavy Blade","PowerPotion","Good Instincts"],"campfire_rested":4,"item_purchase_floors":[4,14,14,22,27,37,40,40,48],"current_hp_per_floor":[75,80,80,80,80,80,52,58,58,58,63,69,69,69,69,54,80,80,80,76,80,80,68,80,80,80,80,80,65,65,69,85,81,85,75,60,60,54,47,47,72,60,60,52,46,42,42,42,67,37],"gold":16,"neow_bonus":"RANDOM_COMMON_RELIC","is_prod":false,"is_daily":false,"chose_seed":false,"campfire_upgraded":3,"win_rate":0,"timestamp":1567841666,"path_taken":["M","M","?","?","?","R","E","M","T","R","M","?","?","$","R","BOSS","M","?","M","M","$","E","R","?","T","?","E","?","$","?","R","BOSS","M","?","$","M","M","$","R","M","T","?","M","?","?","?","R","BOSS"],"build_version":"2019-07-17","purchased_purges":3,"victory":true,"max_hp_per_floor":[80,80,80,80,80,80,80,80,80,80,80,80,80,80,80,80,80,80,80,80,80,80,80,80,80,80,80,80,85,85,85,85,85,85,85,85,85,85,85,85,85,85,85,85,85,85,85,85,85,85],"card_choices":[{"not_picked":["Cleave","Havoc"],"picked":"Disarm","floor":1.0},{"not_picked":["Anger","Armaments","Wild Strike"],"picked":"SKIP","floor":2.0},{"not_picked":["Perfected Strike","Wild Strike","Brutality"],"picked":"SKIP","floor":5.0},{"not_picked":["Impervious","Body Slam"],"picked":"Metallicize","floor":7.0},{"not_picked":["Cleave","Corruption"],"picked":"Clash","floor":8.0},{"not_picked":["Body Slam","Power Through"],"picked":"Clash","floor":11.0},{"not_picked":["Anger","Sword Boomerang"],"picked":"Thunderclap","floor":12.0},{"not_picked":["Berserk","Immolate"],"picked":"Demon Form","floor":16.0},{"not_picked":["Shrug It Off","Wild Strike"],"picked":"Headbutt+1","floor":18.0},{"not_picked":["Warcry+1","Spot Weakness"],"picked":"Flex+1","floor":20.0},{"not_picked":["Fiend Fire","Iron Wave","Ghostly Armor"],"picked":"SKIP","floor":21.0},{"not_picked":["Iron Wave+1","Headbutt","Seeing Red"],"picked":"SKIP","floor":23.0},{"not_picked":["Flex","Rupture"],"picked":"Clash+1","floor":28.0},{"not_picked":["Bloodletting","Body Slam+1"],"picked":"Uppercut+1","floor":31.0},{"not_picked":["Headbutt","Armaments+1"],"picked":"Clash+1","floor":35.0},{"not_picked":["Intimidate+1","Havoc+1"],"picked":"Corruption","floor":36.0},{"not_picked":["Evolve","Pommel Strike+1","Battle Trance"],"picked":"SKIP","floor":38.0},{"not_picked":["Pommel Strike","Anger+1"],"picked":"Clash+1","floor":39.0},{"not_picked":["Second Wind+1","Clothesline","Sword Boomerang"],"picked":"SKIP","floor":42.0},{"not_picked":["Searing Blow+1","Havoc","Wild Strike"],"picked":"SKIP","floor":45.0},{"not_picked":["Armaments+1","Headbutt+1","Havoc"],"picked":"SKIP","floor":46.0}],"player_experience":1722240,"relics_obtained":[{"floor":7.0,"key":"Champion Belt"},{"floor":9.0,"key":"Self Forming Clay"},{"floor":12.0,"key":"Pen Nib"},{"floor":23.0,"key":"Ancient Tea Set"},{"floor":26.0,"key":"Old Coin"},{"floor":28.0,"key":"Kunai"},{"floor":43.0,"key":"Whetstone"}],"event_choices":[{"cards_removed":["Strike_R"],"damage_healed":0.0,"max_hp_gain":0.0,"max_hp_loss":0.0,"gold_gain":0.0,"event_name":"Purifier","player_choice":"Purged","floor":3.0,"gold_loss":0.0,"damage_taken":0.0},{"damage_healed":0.0,"max_hp_gain":0.0,"max_hp_loss":0.0,"gold_gain":0.0,"event_name":"Dead Adventurer","player_choice":"Searched \u00272\u0027 times","floor":12.0,"gold_loss":0.0,"damage_taken":0.0},{"damage_healed":0.0,"max_hp_gain":0.0,"max_hp_loss":0.0,"gold_gain":0.0,"event_name":"Big Fish","player_choice":"Box","floor":13.0,"gold_loss":0.0,"damage_taken":0.0,"relics_obtained":["War Paint"],"cards_obtained":["Regret"]},{"damage_healed":0.0,"max_hp_gain":0.0,"max_hp_loss":0.0,"gold_gain":0.0,"event_name":"Vampires","player_choice":"Ignored","floor":19.0,"gold_loss":0.0,"damage_taken":0.0},{"damage_healed":0.0,"max_hp_gain":0.0,"max_hp_loss":0.0,"gold_gain":0.0,"event_name":"The Library","player_choice":"Read","floor":25.0,"gold_loss":0.0,"damage_taken":0.0,"cards_obtained":["Heavy Blade"]},{"damage_healed":0.0,"max_hp_gain":5.0,"max_hp_loss":0.0,"gold_gain":0.0,"event_name":"Forgotten Altar","player_choice":"Shed Blood","floor":29.0,"gold_loss":0.0,"damage_taken":20.0},{"damage_healed":0.0,"max_hp_gain":0.0,"max_hp_loss":0.0,"gold_gain":75.0,"event_name":"FaceTrader","player_choice":"Touch","floor":44.0,"gold_loss":0.0,"damage_taken":8.0},{"damage_healed":0.0,"max_hp_gain":0.0,"max_hp_loss":0.0,"gold_gain":0.0,"event_name":"Mysterious Sphere","player_choice":"Ignored","floor":47.0,"gold_loss":0.0,"damage_taken":0.0}],"is_beta":false,"boss_relics":[{"not_picked":["Cursed Key","Empty Cage"],"picked":"Fusion Hammer"},{"not_picked":["Eternal Feather","Lizard Tail"],"picked":"Pandora\u0027s Box"}],"items_purged_floors":[14,27,48],"is_endless":false,"potions_floor_spawned":[5,8,11,16,20,21,23,33,36,38,39,45],"ascension_level":0}