{"gold_per_floor":[117,192,39,39,16,16,33,48,48,48,48,63,76,90,90,191,191,209,209,134,134,134,134,162,182,182,182,200,200,213,223,223,223],"floor_reached":33,"playtime":1614,"items_purged":["Pain"],"score":411,"play_id":"5061b436-1d12-4e0d-8fe9-ecb1bac6f719","local_time":"20190922112224","is_ascension_mode":true,"campfire_choices":[{"data":"Coolheaded","floor":6.0,"key":"SMITH"},{"data":"Go for the Eyes","floor":11.0,"key":"SMITH"},{"floor":15.0,"key":"REST"},{"data":"Biased Cognition","floor":23,"key":"SMITH"},{"data":"Glacier","floor":27,"key":"SMITH"},{"data":"Skim","floor":29,"key":"SMITH"},{"floor":32,"key":"REST"}],"neow_cost":"NONE","seed_source_timestamp":89242561357012,"circlet_count":0,"master_deck":["AscendersBane","Strike_B","Strike_B","Strike_B","Strike_B","Defend_B","Defend_B","Defend_B","Defend_B","Zap","Dualcast","Coolheaded+1","Ball Lightning","Hello World","Go for the Eyes+1","Gash","Glacier+1","Melter","Biased Cognition+1","Skim+1","Double Energy","Cold Snap","Barrage","Leap","Gash+1"],"special_seed":0,"relics":["Cracked Core","Juzu Bracelet","Mummified Hand","Happy Flower","Nuclear Battery","WarpedTongs","MutagenicStrength","Art of War","Potion Belt"],"potions_floor_usage":[24,31],"damage_taken":[{"damage":13.0,"enemies":"Small Slimes","floor":1.0,"turns":4.0},{"damage":2.0,"enemies":"Jaw Worm","floor":7.0,"turns":4.0},{"damage":0.0,"enemies":"Cultist","floor":8.0,"turns":3.0},{"damage":0.0,"enemies":"Large Slime","floor":12.0,"turns":5.0},{"damage":6.0,"enemies":"Looter","floor":13.0,"turns":3.0},{"damage":0.0,"enemies":"Exordium Thugs","floor":14.0,"turns":4.0},{"damage":15.0,"enemies":"Hexaghost","floor":16.0,"turns":9.0},{"damage":7.0,"enemies":"Chosen","floor":18.0,"turns":4.0},{"damage":17,"enemies":"Book of Stabbing","floor":24,"turns":6},{"damage":0,"enemies":"3 Byrds","floor":25,"turns":4},{"damage":7,"enemies":"Cultist and Chosen","floor":28,"turns":7},{"damage":8,"enemies":"Centurion and Healer","floor":30,"turns":6},{"damage":4,"enemies":"Snecko","floor":31,"turns":5},{"damage":56,"enemies":"Collector","floor":33,"turns":13}],"seed_played":"7553983308999021784","potions_obtained":[{"floor":13.0,"key":"FocusPotion"},{"floor":14.0,"key":"GamblersBrew"},{"floor":16.0,"key":"Weak Potion"},{"floor":18.0,"key":"FocusPotion"},{"floor":25,"key":"GamblersBrew"}],"is_trial":false,"path_per_floor":["M","?","$","?","$","R","M","M","T","T","R","M","M","M","R","B",null,"M","?","$","?","?","R","E","M","T","R","M","R","M","M","R","B"],"character_chosen":"DEFECT","items_purchased":["Juzu Bracelet","Ball Lightning"],"campfire_rested":2,"item_purchase_floors":[3,5],"current_hp_per_floor":[62,51,51,51,51,51,49,49,49,49,49,49,43,43,67,52,75,68,68,68,68,68,68,51,51,51,51,44,44,36,32,56,0],"gold":223,"neow_bonus":"TEN_PERCENT_HP_BONUS","is_prod":false,"is_daily":false,"chose_seed":false,"campfire_upgraded":5,"win_rate":0,"timestamp":1569176544,"path_taken":["M","?","$","?","?","R","M","M","T","?","R","M","M","M","R","BOSS","M","?","$","?","?","R","E","M","T","R","M","R","M","M","R","BOSS"],"build_version":"2019-07-17","purchased_purges":1,"victory":false,"max_hp_per_floor":[82,82,82,82,82,82,82,82,82,82,82,82,82,82,82,82,82,82,82,82,82,82,82,82,82,82,82,82,82,82,82,82,82],"card_choices":[{"not_picked":["Turbo","Redo"],"picked":"Coolheaded","floor":1.0},{"not_picked":["Conserve Battery","Reprogram"],"picked":"Hello World","floor":7.0},{"not_picked":["Storm","Beam Cell"],"picked":"Go for the Eyes","floor":8.0},{"not_picked":["Genetic Algorithm","Redo"],"picked":"Gash","floor":12.0},{"not_picked":["Hologram","Coolheaded"],"picked":"Glacier","floor":13.0},{"not_picked":["Static Discharge","Go for the Eyes"],"picked":"Melter","floor":14.0},{"not_picked":["Meteor Strike","Seek"],"picked":"Biased Cognition","floor":16.0},{"not_picked":["Barrage","Redo"],"picked":"Skim","floor":18.0},{"not_picked":["Compile Driver","Chaos"],"picked":"Double Energy","floor":24},{"not_picked":["FTL","Coolheaded"],"picked":"Cold Snap","floor":25},{"not_picked":["Cold Snap","Ball Lightning"],"picked":"Barrage","floor":28},{"not_picked":["Consume","Go for the Eyes"],"picked":"Leap","floor":30},{"not_picked":["Hello World+1","Lockon"],"picked":"Gash+1","floor":31}],"player_experience":625876,"relics_obtained":[{"floor":9.0,"key":"Mummified Hand"},{"floor":10.0,"key":"Happy Flower"},{"floor":24,"key":"Art of War"},{"floor":26,"key":"Potion Belt"}],"event_choices":[{"damage_healed":0.0,"max_hp_gain":0.0,"max_hp_loss":0.0,"gold_gain":75.0,"event_name":"World of Goop","player_choice":"Gather Gold","floor":2.0,"gold_loss":0.0,"damage_taken":11.0},{"damage_healed":0.0,"max_hp_gain":0.0,"max_hp_loss":0.0,"gold_gain":0.0,"event_name":"Shining Light","player_choice":"Ignored","floor":4.0,"gold_loss":0.0,"damage_taken":0.0},{"damage_healed":0.0,"max_hp_gain":0.0,"max_hp_loss":0.0,"gold_gain":0.0,"event_name":"Accursed Blacksmith","player_choice":"Rummage","floor":19.0,"gold_loss":0.0,"damage_taken":0.0,"relics_obtained":["WarpedTongs"],"cards_obtained":["Pain"]},{"damage_healed":0,"gold_gain":0,"player_choice":"Ignored","damage_taken":0,"max_hp_gain":0,"max_hp_loss":0,"event_name":"Cursed Tome","floor":21,"gold_loss":0},{"damage_healed":0,"gold_gain":0,"player_choice":"Inject Mutagens","damage_taken":0,"relics_obtained":["MutagenicStrength"],"max_hp_gain":0,"max_hp_loss":0,"event_name":"Drug Dealer","floor":22,"gold_loss":0}],"is_beta":false,"boss_relics":[{"not_picked":["Orrery","Calling Bell"],"picked":"Nuclear Battery"}],"items_purged_floors":[20],"is_endless":false,"potions_floor_spawned":[13,14,16,18,25],"killed_by":"Collector","ascension_level":12}