{"gold_per_floor":[112,112,126,136,156,156,182,182,231,294,305,318,331,345,345,446,446,460,460,460,460,473,505,505,520,520,520],"floor_reached":27,"playtime":871,"items_purged":[],"score":259,"play_id":"c97cffbb-16b8-4cc1-87df-511dfd4a2e4c","local_time":"20181202093650","is_ascension_mode":true,"campfire_choices":[{"data":"Streamline","floor":6.0,"key":"SMITH"},{"data":"Streamline","floor":8.0,"key":"SMITH"},{"data":"Capacitor","floor":15.0,"key":"SMITH"},{"floor":24,"key":"REST"}],"neow_cost":"NONE","seed_source_timestamp":0,"circlet_count":0,"master_deck":["Strike_B","Strike_B","Strike_B","Strike_B","Defend_B","Defend_B","Defend_B","Defend_B","Zap+1","Dualcast+1","Sweeping Beam","Glacier","Streamline+1","Rebound","Streamline+1","Ball Lightning","Beam Cell","Capacitor+1","Ball Lightning","Cold Snap","Echo Form","Hologram","Conserve Battery","Hologram","Turbo"],"special_seed":0,"relics":["Cracked Core","Ornamental Fan","Tiny Chest","Black Star","Unceasing Top","Strawberry","Happy Flower","Art of War","Matryoshka"],"potions_floor_usage":[16,16,23],"damage_taken":[{"damage":9.0,"enemies":"2 Louse","floor":1.0,"turns":3.0},{"damage":8.0,"enemies":"Small Slimes","floor":3.0,"turns":3.0},{"damage":6.0,"enemies":"Jaw Worm","floor":4.0,"turns":2.0},{"damage":0.0,"enemies":"3 Louse","floor":5.0,"turns":2.0},{"damage":6.0,"enemies":"Gremlin Nob","floor":7.0,"turns":3.0},{"damage":13.0,"enemies":"3 Sentries","floor":10.0,"turns":6.0},{"damage":7.0,"enemies":"Blue Slaver","floor":11.0,"turns":2.0},{"damage":0.0,"enemies":"Looter","floor":12.0,"turns":2.0},{"damage":1.0,"enemies":"Gremlin Gang","floor":13.0,"turns":3.0},{"damage":3.0,"enemies":"Exordium Wildlife","floor":14.0,"turns":2.0},{"damage":21,"enemies":"The Guardian","floor":16,"turns":13},{"damage":5,"enemies":"Chosen","floor":18,"turns":3},{"damage":4,"enemies":"Spheric Guardian","floor":22,"turns":3},{"damage":62,"enemies":"Slavers","floor":23,"turns":6},{"damage":8,"enemies":"Centurion and Healer","floor":25,"turns":7},{"damage":28,"enemies":"Book of Stabbing","floor":27,"turns":4}],"seed_played":"-7023701521372181615","potions_obtained":[{"floor":4.0,"key":"SteroidPotion"},{"floor":7.0,"key":"Fire Potion"},{"floor":10.0,"key":"SkillPotion"},{"floor":12.0,"key":"Fire Potion"},{"floor":18,"key":"Fire Potion"},{"floor":22,"key":"SmokeBomb"}],"is_trial":false,"path_per_floor":["M","?","M","M","M","R","E","R","T","E","M","M","M","M","R","B",null,"M","?","T","?","M","E","R","M","T","E"],"character_chosen":"DEFECT","items_purchased":[],"campfire_rested":1,"item_purchase_floors":[],"current_hp_per_floor":[66,66,58,52,52,52,46,46,46,33,26,26,25,22,22,1,75,70,70,70,77,73,11,35,27,27,0],"gold":520,"neow_bonus":"UPGRADE_CARD","is_prod":false,"is_daily":false,"chose_seed":false,"campfire_upgraded":3,"win_rate":0,"timestamp":1543732610,"path_taken":["M","?","M","M","M","R","E","R","T","E","M","M","M","M","R","BOSS","M","?","?","?","?","E","R","M","T","E"],"build_version":"2018-11-15","purchased_purges":0,"victory":false,"max_hp_per_floor":[75,75,75,75,75,75,75,75,75,75,75,75,75,75,75,75,75,75,75,75,82,82,82,82,82,82,82],"card_choices":[{"not_picked":["Redo","Heatsinks"],"picked":"Sweeping Beam","floor":1.0},{"not_picked":["Redo","Hologram"],"picked":"Glacier","floor":3.0},{"not_picked":["Conserve Battery","Redo"],"picked":"Streamline","floor":4.0},{"not_picked":["Redo","Steam"],"picked":"Rebound","floor":5.0},{"not_picked":["Sweeping Beam","Barrage"],"picked":"Streamline","floor":7.0},{"not_picked":["Aggregate","Steam Power"],"picked":"Ball Lightning","floor":10.0},{"not_picked":["Multi-Cast","Skim"],"picked":"Beam Cell","floor":11.0},{"not_picked":["Compile Driver","Barrage"],"picked":"Capacitor","floor":12.0},{"not_picked":["Turbo","Reprogram"],"picked":"Ball Lightning","floor":13.0},{"not_picked":["Scrape","Stack"],"picked":"Cold Snap","floor":14.0},{"not_picked":["Hyperbeam","Reboot"],"picked":"Echo Form","floor":16},{"not_picked":["Beam Cell","Cold Snap"],"picked":"Hologram","floor":18},{"not_picked":["Turbo","Beam Cell"],"picked":"Conserve Battery","floor":22},{"not_picked":["Rebound+1","Machine Learning"],"picked":"Hologram","floor":23},{"not_picked":["Recycle","Steam"],"picked":"Turbo","floor":25}],"player_experience":950429,"relics_obtained":[{"floor":7.0,"key":"Ornamental Fan"},{"floor":10.0,"key":"Tiny Chest"},{"floor":20,"key":"Unceasing Top"},{"floor":23,"key":"Happy Flower"},{"floor":23,"key":"Art of War"},{"floor":26,"key":"Matryoshka"}],"event_choices":[{"damage_healed":0.0,"max_hp_gain":0.0,"max_hp_loss":0.0,"gold_gain":0.0,"event_name":"Living Wall","player_choice":"Grow","floor":2.0,"gold_loss":0.0,"damage_taken":0.0,"cards_upgraded":["Dualcast"]},{"damage_healed":0,"gold_gain":0,"player_choice":"Ignored","damage_taken":0,"max_hp_gain":0,"max_hp_loss":0,"event_name":"Vampires","floor":19,"gold_loss":0},{"damage_healed":0,"gold_gain":0,"player_choice":"Opened","damage_taken":0,"relics_obtained":["Strawberry"],"max_hp_gain":0,"max_hp_loss":0,"event_name":"The Mausoleum","floor":21,"gold_loss":0}],"is_beta":true,"boss_relics":[{"not_picked":["Fusion Hammer","Cursed Key"],"picked":"Black Star"}],"items_purged_floors":[],"is_endless":false,"potions_floor_spawned":[4,7,10,12,13,18,22],"killed_by":"Book of Stabbing","ascension_level":1}