{"gold_per_floor":[109,119,21,37,56,81,96,109,109,109,284,316,316,316,316,444,444,463,483,582,582,582,613,636,669,746,746,762,783,783,798,798,923,923,941,941,957,40,61,61,97,97,143,177,177,177,177,211,211,211],"floor_reached":51,"playtime":3045,"items_purged":["Regret","Strike_R+1"],"score":910,"play_id":"d791d3ff-a204-4744-9617-5ba87311b5a9","local_time":"20181101213428","is_ascension_mode":false,"campfire_choices":[{"data":"Double Tap","floor":10,"key":"SMITH"},{"data":"Flame Barrier","floor":15,"key":"SMITH"},{"data":"1","floor":27,"key":"LIFT"},{"data":"2","floor":30,"key":"LIFT"},{"data":"3","floor":32,"key":"LIFT"},{"data":"Barricade","floor":40,"key":"SMITH"},{"data":"Body Slam","floor":42,"key":"SMITH"},{"data":"Armaments","floor":45,"key":"SMITH"},{"data":"Rage","floor":47,"key":"SMITH"},{"data":"Flame Barrier","floor":49,"key":"SMITH"}],"neow_cost":"CURSE","seed_source_timestamp":303405148625865,"circlet_count":0,"master_deck":["Strike_R+1","Strike_R+1","Strike_R+1","Strike_R+1","Defend_R+1","Defend_R+1","Defend_R+1","Defend_R+1","Rage+1","Twin Strike","Clash","Anger","Armaments+1","Flame Barrier+1","Cleave","Double Tap+1","Pommel Strike","Offering","Flame Barrier+1","Body Slam+1","Dropkick","Intimidate","Battle Trance+1","Metallicize+1","Pommel Strike+1","Headbutt","Iron Wave","Barricade+1","Uppercut+1","Metallicize+1","Havoc+1","Body Slam+1","Corruption+1"],"relics":["Black Blood","Thread and Needle","Potion Belt","Girya","Shuriken","Golden Idol","WingedGreaves","Toxic Egg 2","Dodecahedron","Black Star","Medical Kit","Singing Bowl","Letter Opener","Anchor","Bag of Marbles","Centennial Puzzle","Frozen Egg 2","Paper Frog","Strawberry","Regal Pillow"],"potions_floor_usage":[2,16,16,23,29,33,33,50,50],"damage_taken":[{"damage":5,"enemies":"Cultist","floor":1,"turns":4},{"damage":1,"enemies":"Small Slimes","floor":2,"turns":3},{"damage":0,"enemies":"2 Louse","floor":4,"turns":2},{"damage":0,"enemies":"Blue Slaver","floor":5,"turns":4},{"damage":11,"enemies":"Gremlin Nob","floor":6,"turns":4},{"damage":0,"enemies":"3 Louse","floor":7,"turns":2},{"damage":1,"enemies":"Looter","floor":8,"turns":2},{"damage":28,"enemies":"3 Sentries","floor":12,"turns":9},{"damage":25,"enemies":"Hexaghost","floor":16,"turns":9},{"damage":6,"enemies":"Shell Parasite","floor":18,"turns":5},{"damage":6,"enemies":"Chosen","floor":19,"turns":3},{"damage":39,"enemies":"Slavers","floor":23,"turns":3},{"damage":7,"enemies":"Sentry and Sphere","floor":24,"turns":5},{"damage":17,"enemies":"Gremlin Leader","floor":25,"turns":8},{"damage":6,"enemies":"Cultist and Chosen","floor":28,"turns":5},{"damage":8,"enemies":"Centurion and Healer","floor":29,"turns":5},{"damage":0,"enemies":"Snecko","floor":31,"turns":6},{"damage":19,"enemies":"Collector","floor":33,"turns":8},{"damage":9,"enemies":"3 Darklings","floor":35,"turns":9},{"damage":8,"enemies":"3 Shapes","floor":37,"turns":4},{"damage":6,"enemies":"Transient","floor":39,"turns":5},{"damage":37,"enemies":"Giant Head","floor":41,"turns":9},{"damage":6,"enemies":"Nemesis","floor":44,"turns":5},{"damage":6,"enemies":"Giant Head","floor":48,"turns":7},{"damage":6,"enemies":"Donu and Deca","floor":50,"turns":8}],"seed_played":"7833236059274992726","potions_obtained":[{"floor":1,"key":"AttackPotion"},{"floor":5,"key":"BloodPotion"},{"floor":6,"key":"SpeedPotion"},{"floor":16,"key":"Weak Potion"},{"floor":18,"key":"AttackPotion"},{"floor":25,"key":"Dexterity Potion"},{"floor":28,"key":"AttackPotion"},{"floor":33,"key":"Energy Potion"},{"floor":37,"key":"Regen Potion"},{"floor":41,"key":"Fire Potion"}],"is_trial":false,"path_per_floor":["M","M","$","M","M","E","M","M","T","R","?","E","?","?","R","B",null,"M","M","?","?","?","E","M","E","T","R","M","M","R","M","R","B",null,"M","?","M","$","M","R","E","R","T","E","R","?","R","E","R","B",null],"character_chosen":"IRONCLAD","items_purchased":["Clash","Havoc+1","Medical Kit","Singing Bowl","Body Slam","Letter Opener"],"campfire_rested":0,"item_purchase_floors":[3,38,38,38,38,38],"current_hp_per_floor":[80,80,80,80,80,75,80,80,80,80,80,58,51,31,31,20,80,80,80,80,80,80,51,54,47,47,47,51,53,53,63,63,54,80,80,80,80,80,82,82,57,57,57,61,61,61,61,74,74,89],"gold":211,"neow_bonus":"ONE_RARE_RELIC","is_prod":false,"is_daily":false,"chose_seed":false,"campfire_upgraded":7,"win_rate":0,"timestamp":1541097268,"path_taken":["M","M","$","M","M","E","M","M","T","R","?","E","?","?","R","BOSS","M","M","?","?","?","E","M","E","T","R","M","M","R","M","R","BOSS","M","?","M","$","M","R","E","R","T","E","R","?","R","E","R","BOSS"],"build_version":"2018-10-31v2","purchased_purges":2,"victory":true,"max_hp_per_floor":[80,80,80,80,80,80,80,80,80,80,80,80,80,80,80,80,80,80,80,80,80,80,80,80,80,80,80,80,80,80,80,80,80,80,80,80,80,80,82,82,84,84,84,84,84,80,80,89,89,89],"card_choices":[{"not_picked":["Twin Strike","Heavy Blade"],"picked":"Rage","floor":1},{"not_picked":["Body Slam","Havoc"],"picked":"Twin Strike","floor":2},{"not_picked":["Wild Strike","Flex"],"picked":"Anger","floor":4},{"not_picked":["Pummel","Power Through"],"picked":"Armaments","floor":5},{"not_picked":["Evolve","Clash"],"picked":"Flame Barrier","floor":6},{"not_picked":["Flex","Fire Breathing"],"picked":"Cleave","floor":7},{"not_picked":["Rupture","Blood for Blood"],"picked":"Double Tap","floor":8},{"not_picked":["Warcry","Heavy Blade"],"picked":"Pommel Strike","floor":12},{"not_picked":["Demon Form","Immolate"],"picked":"Offering","floor":16},{"not_picked":["Flex+1","Sword Boomerang+1"],"picked":"Flame Barrier","floor":18},{"not_picked":["Clothesline","Burning Pact"],"picked":"Body Slam+1","floor":19},{"not_picked":["Cleave","Thunderclap+1"],"picked":"Intimidate","floor":23},{"not_picked":["True Grit","Body Slam"],"picked":"Battle Trance+1","floor":24},{"not_picked":["Havoc","Clash"],"picked":"Metallicize+1","floor":25},{"not_picked":["Blood for Blood","Rage+1"],"picked":"Pommel Strike+1","floor":28},{"not_picked":["Anger","Havoc+1"],"picked":"Headbutt","floor":29},{"not_picked":["Armaments+1","Heavy Blade"],"picked":"Iron Wave","floor":31},{"not_picked":["Double Tap+1","Brutality"],"picked":"Barricade","floor":33},{"not_picked":["Anger+1","Sword Boomerang+1"],"picked":"Uppercut+1","floor":35},{"not_picked":["True Grit+1","Carnage"],"picked":"Metallicize+1","floor":37},{"not_picked":["Wild Strike","Pommel Strike+1","Anger"],"picked":"Singing Bowl","floor":39},{"not_picked":["Perfected Strike+1","Iron Wave","Rampage+1"],"picked":"Singing Bowl","floor":41},{"not_picked":["Pummel+1","Seeing Red+1"],"picked":"Corruption+1","floor":44},{"not_picked":["Armaments+1","Perfected Strike","Clothesline+1"],"picked":"Singing Bowl","floor":48}],"player_experience":862597,"relics_obtained":[{"floor":6,"key":"Potion Belt"},{"floor":9,"key":"Girya"},{"floor":12,"key":"Shuriken"},{"floor":23,"key":"WingedGreaves"},{"floor":25,"key":"Toxic Egg 2"},{"floor":26,"key":"Dodecahedron"},{"floor":41,"key":"Anchor"},{"floor":41,"key":"Bag of Marbles"},{"floor":43,"key":"Centennial Puzzle"},{"floor":44,"key":"Frozen Egg 2"},{"floor":44,"key":"Paper Frog"},{"floor":48,"key":"Strawberry"},{"floor":48,"key":"Regal Pillow"}],"event_choices":[{"damage_healed":0,"gold_gain":175,"player_choice":"AGREE","damage_taken":0,"max_hp_gain":0,"max_hp_loss":0,"event_name":"Liars Game","floor":11,"gold_loss":0,"cards_obtained":["Doubt"]},{"cards_removed":["Doubt"],"damage_healed":0,"gold_gain":0,"player_choice":"Card Removal","damage_taken":7,"max_hp_gain":0,"max_hp_loss":0,"event_name":"Golden Wing","floor":13,"gold_loss":0},{"damage_healed":0,"gold_gain":0,"player_choice":"Take Damage","damage_taken":20,"relics_obtained":["Golden Idol"],"max_hp_gain":0,"max_hp_loss":0,"event_name":"Golden Idol","floor":14,"gold_loss":0},{"damage_healed":0,"gold_gain":99,"player_choice":"Stole From Cult","damage_taken":0,"max_hp_gain":0,"max_hp_loss":0,"event_name":"Nest","floor":20,"gold_loss":0},{"damage_healed":0,"gold_gain":0,"player_choice":"Read","damage_taken":0,"max_hp_gain":0,"max_hp_loss":0,"event_name":"The Library","floor":21,"gold_loss":0,"cards_obtained":["Dropkick"]},{"damage_healed":0,"gold_gain":0,"player_choice":"Simplicity","damage_taken":0,"max_hp_gain":0,"max_hp_loss":0,"event_name":"Back to Basics","floor":22,"gold_loss":0,"cards_upgraded":["Strike_R","Strike_R","Strike_R","Strike_R","Strike_R","Defend_R","Defend_R","Defend_R","Defend_R"]},{"cards_removed":["Bash"],"damage_healed":0,"gold_gain":0,"player_choice":"Removed Attack","damage_taken":0,"max_hp_gain":0,"max_hp_loss":0,"event_name":"Falling","floor":36,"gold_loss":0},{"damage_healed":0,"gold_gain":0,"player_choice":"Max HP","damage_taken":0,"max_hp_gain":0,"max_hp_loss":4,"event_name":"Winding Halls","floor":46,"gold_loss":0}],"is_beta":true,"boss_relics":[{"not_picked":["Snecko Eye","Fusion Hammer"],"picked":"Black Blood"},{"not_picked":["Empty Cage","Tiny House"],"picked":"Black Star"}],"items_purged_floors":[3,38],"is_endless":false,"potions_floor_spawned":[1,5,6,16,18,25,28,33,37,41],"ascension_level":0}