{"gold_per_floor":[109,124,135,148,223,258,258,287,287,287,299,315,345,358,358,462,462,462,475,475,475,491,491,523,523,523,7,7,42,54,89,89,188,188,207,207,32,52,107,107,136,156,180,199,88,88,8,19,19,19],"floor_reached":51,"playtime":2672,"items_purged":["Strike_G","Strike_G","Strike_G"],"score":1209,"play_id":"873e3543-c501-4e9e-b997-e72b5db55e90","local_time":"20190226115730","is_ascension_mode":true,"campfire_choices":[{"data":"strawberrySpire:Insectonator","floor":7,"key":"SMITH"},{"data":"Predator","floor":10,"key":"SMITH"},{"data":"Noxious Fumes","floor":15,"key":"SMITH"},{"floor":23,"key":"REST"},{"data":"Cloak And Dagger","floor":25,"key":"SMITH"},{"data":"Discovery","floor":28,"key":"SMITH"},{"data":"strawberrySpire:DreamfoilDart","floor":32,"key":"SMITH"},{"data":"Adrenaline","floor":40,"key":"SMITH"},{"data":"Blade Dance","floor":46,"key":"SMITH"},{"data":"Footwork","floor":49,"key":"SMITH"}],"neow_cost":"","seed_source_timestamp":1124764464150916,"circlet_count":0,"master_deck":["Defend_G","Defend_G","Defend_G","Defend_G","Defend_G","Strike_G","Strike_G","Survivor","Neutralize","Predator+1","Escape Plan","Flying Knee","Dodge and Roll","Dagger Spray","Poisoned Stab","strawberrySpire:Insectonator+1","Blur","strawberrySpire:Fastroyer","Cloak And Dagger+1","Die Die Die","Dash","Noxious Fumes+1","Adrenaline+1","strawberrySpire:Disreguard","Discovery+1","Deflect+1","Infinite Blades+1","strawberrySpire:DreamfoilDart+1","Enlightenment","Infinite Blades+1","After Image","Footwork+1","Deflect+1","Infinite Blades","Blade Dance","Infinite Blades","Terror+1","Deflect+1","Dodge and Roll+1","Blade Dance+1","PiercingWail+1","Flash of Steel","Footwork+1","Finisher","Outmaneuver","Blade Dance+1"],"relics":["Ring of the Serpent","Membership Card","Pear","Question Card","Torii","Gremlin Horn","Omamori","Ancient Tea Set","Sundial","Mango","strawberrySpire:ElefentMask","Shuriken","Ornamental Fan","Prayer Wheel","FossilizedHelix","Chemical X","Regal Pillow","Bottled Flame","Cursed Key","Vajra","Ginger","strawberrySpire:ShipInABottle","Anchor"],"potions_floor_usage":[6,6,6,6,13,16,18,22,24,29,29,33,38,50,50,50],"damage_taken":[{"damage":0,"enemies":"2 Louse","floor":1,"turns":2},{"damage":0,"enemies":"Small Slimes","floor":2,"turns":2},{"damage":0,"enemies":"Cultist","floor":3,"turns":3},{"damage":0,"enemies":"2 Fungi Beasts","floor":4,"turns":3},{"damage":18,"enemies":"Lagavulin","floor":6,"turns":5},{"damage":18,"enemies":"3 Sentries","floor":8,"turns":6},{"damage":0,"enemies":"Exordium Thugs","floor":11,"turns":2},{"damage":0,"enemies":"3 Louse","floor":12,"turns":1},{"damage":3,"enemies":"strawberrySpire:EnergyPylons","floor":13,"turns":2},{"damage":1,"enemies":"Blue Slaver","floor":14,"turns":2},{"damage":20,"enemies":"The Guardian","floor":16,"turns":9},{"damage":0,"enemies":"3 Byrds","floor":18,"turns":1},{"damage":21,"enemies":"Chosen","floor":19,"turns":5},{"damage":22,"enemies":"Sentry and Sphere","floor":22,"turns":5},{"damage":18,"enemies":"Book of Stabbing","floor":24,"turns":5},{"damage":0,"enemies":"Slavers","floor":29,"turns":3},{"damage":0,"enemies":"Cultist and Chosen","floor":30,"turns":5},{"damage":0,"enemies":"Gremlin Leader","floor":31,"turns":5},{"damage":1,"enemies":"Automaton","floor":33,"turns":7},{"damage":0,"enemies":"3 Darklings","floor":35,"turns":3},{"damage":0,"enemies":"Orb Walker","floor":38,"turns":3},{"damage":16,"enemies":"2 Orb Walkers","floor":39,"turns":5},{"damage":0,"enemies":"Giant Head","floor":41,"turns":6},{"damage":1,"enemies":"Sphere and 2 Shapes","floor":42,"turns":4},{"damage":0,"enemies":"3 Darklings","floor":44,"turns":4},{"damage":0,"enemies":"Maw","floor":48,"turns":4},{"damage":0,"enemies":"Awakened One","floor":50,"turns":8}],"seed_played":"6616866342312030324","potions_obtained":[{"floor":1,"key":"SkillPotion"},{"floor":2,"key":"EntropicBrew"},{"floor":4,"key":"SmokeBomb"},{"floor":8,"key":"Block Potion"},{"floor":11,"key":"SpeedPotion"},{"floor":14,"key":"AttackPotion"},{"floor":19,"key":"Weak Potion"},{"floor":24,"key":"SkillPotion"},{"floor":30,"key":"SteroidPotion"},{"floor":31,"key":"AttackPotion"},{"floor":36,"key":"Ancient Potion"},{"floor":36,"key":"SkillPotion"},{"floor":38,"key":"Fire Potion"},{"floor":41,"key":"SteroidPotion"}],"is_trial":false,"path_per_floor":["M","M","M","M","?","E","R","E","T","R","M","M","E","M","R","B",null,"M","M","?","?","M","R","E","R","T","$","R","E","M","E","R","B",null,"M","?","$","M","?","R","E","M","T","M","$","R","$","M","R","B",null],"character_chosen":"THE_SILENT","items_purchased":["Membership Card","Predator","Pear","Question Card","Escape Plan","Flying Knee","Gremlin Horn","Dodge and Roll","strawberrySpire:DreamfoilDart","Prayer Wheel","FossilizedHelix","Chemical X","Enlightenment","EssenceOfSteel","Vajra","Infinite Blades","Blade Dance","Flash of Steel","Footwork","Finisher","Outmaneuver"],"campfire_rested":1,"item_purchase_floors":[0,0,0,0,0,0,0,0,27,27,27,27,27,27,37,37,37,45,47,47,47],"current_hp_per_floor":[80,80,80,80,69,51,51,33,33,33,33,33,44,43,43,23,94,94,73,73,37,15,43,25,25,25,25,25,25,25,25,25,24,94,94,94,94,94,78,78,78,77,77,77,77,77,77,77,77,77],"gold":19,"neow_bonus":"","is_prod":false,"is_daily":false,"chose_seed":false,"campfire_upgraded":9,"win_rate":0,"timestamp":1551171450,"path_taken":["M","M","M","M","?","E","R","E","T","R","M","M","E","M","R","BOSS","M","M","?","?","?","R","E","R","T","$","R","E","M","E","R","BOSS","M","?","?","M","?","R","E","M","T","M","$","R","$","M","R","BOSS"],"build_version":"2019-02-06","purchased_purges":3,"victory":true,"max_hp_per_floor":[80,80,80,80,80,80,80,80,80,80,80,80,94,94,94,94,94,94,94,94,94,94,94,94,94,94,94,94,94,94,94,94,94,94,94,94,94,94,94,94,94,94,94,94,94,94,94,94,94,94],"card_choices":[{"not_picked":["Sucker Punch","PiercingWail","Terror"],"picked":"Dagger Spray","floor":1},{"not_picked":["Bane","PiercingWail","Dodge and Roll"],"picked":"Poisoned Stab","floor":2},{"not_picked":["Die Die Die","Blade Dance","strawberrySpire:SpinKick"],"picked":"strawberrySpire:Insectonator","floor":3},{"not_picked":["strawberrySpire:Rummage","Flying Knee","Heel Hook","strawberrySpire:Slide"],"picked":"SKIP","floor":4},{"not_picked":["Deadly Poison","strawberrySpire:Rummage","Catalyst"],"picked":"Blur","floor":6},{"not_picked":["Acrobatics","Finisher","strawberrySpire:HopSkipAndJump"],"picked":"strawberrySpire:Fastroyer","floor":8},{"not_picked":["Reflex","Acrobatics","Sucker Punch"],"picked":"Cloak And Dagger","floor":11},{"not_picked":["Caltrops","Dagger Spray","Catalyst"],"picked":"Die Die Die","floor":12},{"not_picked":["Cloak And Dagger","strawberrySpire:Insectonator","Expertise"],"picked":"Dash","floor":13},{"not_picked":["Dagger Throw","Deadly Poison","Sucker Punch"],"picked":"Noxious Fumes","floor":14},{"not_picked":["Venomology","Storm of Steel","Malaise"],"picked":"Adrenaline","floor":16},{"not_picked":["Backflip","Slice+1","strawberrySpire:Grapple+1","Infinite Blades"],"picked":"SKIP","floor":19},{"not_picked":["strawberrySpire:Rummage+1","PiercingWail","strawberrySpire:Insectonator"],"picked":"Deflect+1","floor":22},{"not_picked":["Deadly Poison","strawberrySpire:Fastroyer","strawberrySpire:Swampstar"],"picked":"Infinite Blades+1","floor":24},{"not_picked":["strawberrySpire:Slide","Noxious Fumes","PiercingWail","strawberrySpire:Marathoner"],"picked":"SKIP","floor":29},{"not_picked":["strawberrySpire:Plunge","Flying Knee","Setup","strawberrySpire:Urgency"],"picked":"SKIP","floor":30},{"not_picked":["strawberrySpire:Grapple","Sucker Punch+1","Underhanded Strike","Dodge and Roll+1"],"picked":"SKIP","floor":30},{"not_picked":["PiercingWail","A Thousand Cuts","strawberrySpire:Swampstar"],"picked":"Infinite Blades+1","floor":31},{"not_picked":["Malaise","Tools of the Trade","Die Die Die"],"picked":"After Image","floor":33},{"not_picked":["Deflect","Dodge and Roll+1","Blade Dance"],"picked":"Footwork+1","floor":35},{"not_picked":["strawberrySpire:Insectonator","strawberrySpire:Pant+1","Bouncing Flask"],"picked":"Deflect+1","floor":35},{"not_picked":["strawberrySpire:SpinKick+1","Slice","strawberrySpire:Fastroyer"],"picked":"Infinite Blades","floor":38},{"not_picked":["strawberrySpire:DeltaFlow","Bouncing Flask","Setup","Poisoned Stab"],"picked":"SKIP","floor":38},{"not_picked":["strawberrySpire:SideSwipe+1","Outmaneuver+1","strawberrySpire:Fastroyer"],"picked":"Terror+1","floor":39},{"not_picked":["strawberrySpire:Rummage","Poisoned Stab","Storm of Steel"],"picked":"Deflect+1","floor":41},{"not_picked":["Terror+1","strawberrySpire:DeltaFlow","Tactician"],"picked":"Dodge and Roll+1","floor":42},{"not_picked":["Well Laid Plans+1","Endless Agony+1","Riddle With Holes+1"],"picked":"Blade Dance","floor":42},{"not_picked":["Dagger Throw+1","Accuracy+1","A Thousand Cuts"],"picked":"PiercingWail+1","floor":44},{"not_picked":["Well Laid Plans+1","Dagger Throw","Flying Knee","strawberrySpire:Rummage"],"picked":"SKIP","floor":44},{"not_picked":["Dagger Throw+1","strawberrySpire:Urgency+1","Underhanded Strike+1"],"picked":"Blade Dance+1","floor":48},{"not_picked":["Caltrops+1","strawberrySpire:DeltaFlow","PiercingWail","Sucker Punch+1"],"picked":"SKIP","floor":48}],"player_experience":1166573,"relics_obtained":[{"floor":6,"key":"Omamori"},{"floor":8,"key":"Ancient Tea Set"},{"floor":9,"key":"Sundial"},{"floor":13,"key":"Mango"},{"floor":24,"key":"Shuriken"},{"floor":26,"key":"Ornamental Fan"},{"floor":29,"key":"Regal Pillow"},{"floor":31,"key":"Bottled Flame"},{"floor":39,"key":"Ginger"},{"floor":41,"key":"strawberrySpire:ShipInABottle"},{"floor":43,"key":"Anchor"}],"event_choices":[{"damage_healed":0,"gold_gain":75,"player_choice":"Gather Gold","damage_taken":11,"max_hp_gain":0,"max_hp_loss":0,"event_name":"World of Goop","floor":5,"gold_loss":0},{"damage_healed":0,"gold_gain":0,"player_choice":"Opened","damage_taken":0,"relics_obtained":["strawberrySpire:ElefentMask"],"max_hp_gain":0,"max_hp_loss":0,"event_name":"The Mausoleum","floor":20,"gold_loss":0,"cards_obtained":["Writhe"]},{"damage_healed":0,"gold_gain":0,"player_choice":"POTION CARD CARD ","damage_taken":36,"max_hp_gain":0,"max_hp_loss":0,"event_name":"Knowing Skull","floor":21,"potions_obtained":["Swift Potion"],"gold_loss":0,"cards_obtained":["strawberrySpire:Disreguard","Discovery"]},{"damage_healed":0,"gold_gain":0,"player_choice":"Got Potions","damage_taken":0,"max_hp_gain":0,"max_hp_loss":0,"event_name":"Lab","floor":36,"gold_loss":0},{"damage_healed":0,"gold_gain":0,"player_choice":"Fight","damage_taken":0,"max_hp_gain":0,"max_hp_loss":0,"event_name":"Mysterious Sphere","floor":39,"gold_loss":0}],"is_beta":true,"boss_relics":[{"not_picked":["HoveringKite","energizedSpire:RedRose"],"picked":"Ring of the Serpent"},{"not_picked":["Orrery","Calling Bell"],"picked":"Cursed Key"}],"items_purged_floors":[0,37,45],"is_endless":false,"potions_floor_spawned":[1,2,4,8,11,14,19,24,30,31,38,41,42],"ascension_level":1}