{"gold_per_floor":[115,126,141,156,170,170,245,245,245,256,221,248,264,264,264,369,369,389,406,421,421,433,433],"floor_reached":23,"playtime":1460,"items_purged":[],"score":232,"play_id":"42e46869-fe75-4bfa-a40f-a840b616d776","local_time":"20181202091836","is_ascension_mode":true,"campfire_choices":[{"data":"Zap","floor":6,"key":"SMITH"},{"data":"Dualcast","floor":8,"key":"SMITH"},{"data":"Redo","floor":15,"key":"SMITH"}],"neow_cost":"NONE","seed_source_timestamp":1040881716621726,"circlet_count":0,"master_deck":["Strike_B","Strike_B","Strike_B","Strike_B","Defend_B","Defend_B","Defend_B","Defend_B","Zap+1","Dualcast+1","Thunder Strike","Reinforced Body","Storm","Ball Lightning","Capacitor","Redo+1","Stack","Hologram","Fission","BootSequence","Ball Lightning","Chill","Ghostly","Ghostly","Ghostly","Ghostly","Ghostly","Auto Shields"],"relics":["Cracked Core","Cables","Meat on the Bone","Letter Opener","Inserter"],"potions_floor_usage":[5,16,16,18],"damage_taken":[{"damage":12,"enemies":"Small Slimes","floor":1,"turns":4},{"damage":0,"enemies":"Jaw Worm","floor":2,"turns":4},{"damage":5,"enemies":"2 Louse","floor":3,"turns":2},{"damage":14,"enemies":"Exordium Wildlife","floor":4,"turns":4},{"damage":12,"enemies":"3 Louse","floor":5,"turns":4},{"damage":1,"enemies":"2 Fungi Beasts","floor":10,"turns":3},{"damage":17,"enemies":"Lagavulin","floor":12,"turns":5},{"damage":0,"enemies":"Lots of Slimes","floor":13,"turns":4},{"damage":24,"enemies":"Slime Boss","floor":16,"turns":7},{"damage":34,"enemies":"2 Thieves","floor":18,"turns":3},{"damage":7,"enemies":"Shell Parasite","floor":19,"turns":5},{"damage":44,"enemies":"Sentry and Sphere","floor":20,"turns":8},{"damage":1,"enemies":"Snecko","floor":22,"turns":5},{"damage":30,"enemies":"Book of Stabbing","floor":23,"turns":7}],"seed_played":"-289384730839443638","potions_obtained":[{"floor":1,"key":"EssenceOfSteel"},{"floor":5,"key":"GamblersBrew"},{"floor":12,"key":"LiquidBronze"},{"floor":13,"key":"Poison Potion"},{"floor":20,"key":"GamblersBrew"}],"is_trial":false,"path_per_floor":["M","M","M","M","M","R","?","R","T","M","?","E","M","?","R","B",null,"M","M","M","?","M","E"],"character_chosen":"DEFECT","items_purchased":[],"campfire_rested":0,"item_purchase_floors":[],"current_hp_per_floor":[63,63,58,44,32,32,21,21,21,20,38,21,33,30,30,18,75,41,46,14,14,25,0],"gold":433,"neow_bonus":"ONE_RANDOM_RARE_CARD","is_prod":false,"is_daily":false,"chose_seed":false,"campfire_upgraded":3,"win_rate":0,"timestamp":1543731516,"path_taken":["M","M","M","M","M","R","?","R","T","M","?","E","M","?","R","BOSS","M","M","M","?","M","E"],"build_version":"2018-11-15","purchased_purges":0,"victory":false,"max_hp_per_floor":[75,75,75,75,75,75,75,75,75,75,75,75,75,75,75,75,75,75,75,75,37,37,37],"card_choices":[{"not_picked":["Lockon","Steam"],"picked":"Reinforced Body","floor":1},{"not_picked":["Barrage","Genetic Algorithm"],"picked":"Storm","floor":2},{"not_picked":["Hologram","Rebound"],"picked":"Ball Lightning","floor":3},{"not_picked":["Steam","Force Field"],"picked":"Capacitor","floor":4},{"not_picked":["Recycle","Cold Snap","Skim"],"picked":"SKIP","floor":5},{"not_picked":["Hologram","Hello World"],"picked":"Redo","floor":10},{"not_picked":["Melter","FTL"],"picked":"Stack","floor":12},{"not_picked":["Redo","Turbo"],"picked":"Hologram","floor":13},{"not_picked":["Amplify","Seek"],"picked":"Fission","floor":16},{"not_picked":["Compile Driver","Stack"],"picked":"BootSequence","floor":18},{"not_picked":["Steam Power+1","Gash"],"picked":"Ball Lightning","floor":19},{"not_picked":["Turbo","Streamline+1"],"picked":"Chill","floor":20},{"not_picked":["Hologram","Chaos"],"picked":"Auto Shields","floor":22}],"player_experience":948969,"relics_obtained":[{"floor":9,"key":"Cables"},{"floor":12,"key":"Meat on the Bone"}],"event_choices":[{"damage_healed":0,"gold_gain":75,"player_choice":"Gather Gold","damage_taken":11,"max_hp_gain":0,"max_hp_loss":0,"event_name":"World of Goop","floor":7,"gold_loss":0},{"damage_healed":18,"gold_gain":0,"player_choice":"Healed","damage_taken":0,"max_hp_gain":0,"max_hp_loss":0,"event_name":"The Cleric","floor":11,"gold_loss":35},{"damage_healed":0,"gold_gain":0,"player_choice":"Success","damage_taken":3,"relics_obtained":["Letter Opener"],"max_hp_gain":0,"max_hp_loss":0,"event_name":"Scrap Ooze","floor":14,"gold_loss":0},{"damage_healed":0,"gold_gain":0,"player_choice":"Became a Ghost","damage_taken":0,"max_hp_gain":0,"max_hp_loss":38,"event_name":"Ghosts","floor":21,"gold_loss":0,"cards_obtained":["Ghostly","Ghostly","Ghostly","Ghostly","Ghostly"]}],"is_beta":true,"boss_relics":[{"not_picked":["Cursed Key","Ectoplasm"],"picked":"Inserter"}],"items_purged_floors":[],"is_endless":false,"potions_floor_spawned":[1,5,12,13,20],"killed_by":"Book of Stabbing","ascension_level":1}