{"gold_per_floor":[114,114,114,127,137,169,169,169,194,224,35,53,72,72,72,171,171,191,65,65,65,65,96,96,107,107,124,124,144,172,184,184,287,287,298,298,308,318,418,449,449,449,449,476,25,43,43,77,77,77],"floor_reached":51,"playtime":4043,"items_purged":[],"score":933,"play_id":"0bcdc4e8-b057-4992-a128-3b65938542d1","local_time":"20190914043409","is_ascension_mode":false,"campfire_choices":[{"data":"WindmillStrike","floor":8.0,"key":"SMITH"},{"data":"ForeignInfluence","floor":15.0,"key":"SMITH"},{"data":"Devotion","floor":24.0,"key":"SMITH"},{"floor":28.0,"key":"REST"},{"floor":32.0,"key":"REST"},{"data":"Pray","floor":41.0,"key":"SMITH"},{"data":"Apotheosis","floor":49,"key":"SMITH"}],"neow_cost":"PERCENT_DAMAGE","seed_source_timestamp":0,"circlet_count":0,"master_deck":["Defend_P","Defend_P","Defend_P","Eruption","Vigilance","FollowUp","DeusExMachina","ForeignInfluence","Consecrate","WindmillStrike+1","WaveOfTheHand+1","ForeignInfluence+1","BowlingBash","Shrug It Off","Pray+1","Prostrate","Devotion+1","FlyingSleeves+1","Parasite","ThirdEye+1","Collect","Perseverance","EmptyFist","Brilliance+1","DeusExMachina+1","Vault+1","InnerPeace+1","Collect+1","Crescendo","Writhe","ForeignInfluence","Fasting","Apotheosis+1","Enlightenment","Crescendo","TalkToTheHand+1"],"special_seed":0,"relics":["PureWater","Bag of Preparation","Lantern","Vajra","Bag of Marbles","Sozu","Orichalcum","Oddly Smooth Stone","Dead Branch","Matryoshka","Gremlin Horn","Astrolabe","TungstenRod","Toy Ornithopter","Happy Flower","Bottled Flame","White Beast Statue","ClockworkSouvenir","Strawberry","Omamori","Du-Vu Doll"],"potions_floor_usage":[50],"damage_taken":[{"damage":2.0,"enemies":"Jaw Worm","floor":1.0,"turns":4.0},{"damage":0.0,"enemies":"Cultist","floor":4.0,"turns":2.0},{"damage":0.0,"enemies":"Small Slimes","floor":5.0,"turns":2.0},{"damage":8.0,"enemies":"Gremlin Nob","floor":6.0,"turns":3.0},{"damage":5.0,"enemies":"Lagavulin","floor":10.0,"turns":5.0},{"damage":0.0,"enemies":"Exordium Thugs","floor":12.0,"turns":3.0},{"damage":3.0,"enemies":"Lots of Slimes","floor":13.0,"turns":3.0},{"damage":3.0,"enemies":"Hexaghost","floor":16.0,"turns":4.0},{"damage":5.0,"enemies":"3 Byrds","floor":18.0,"turns":3.0},{"damage":31.0,"enemies":"Book of Stabbing","floor":23.0,"turns":3.0},{"damage":0.0,"enemies":"Shell Parasite","floor":25.0,"turns":2.0},{"damage":23.0,"enemies":"Snake Plant","floor":27.0,"turns":7.0},{"damage":0.0,"enemies":"Snecko","floor":29.0,"turns":5.0},{"damage":19.0,"enemies":"Slavers","floor":30.0,"turns":6.0},{"damage":1.0,"enemies":"Centurion and Healer","floor":31.0,"turns":2.0},{"damage":23.0,"enemies":"Automaton","floor":33.0,"turns":10.0},{"damage":17.0,"enemies":"3 Darklings","floor":35.0,"turns":6.0},{"damage":0.0,"enemies":"Orb Walker","floor":37.0,"turns":3.0},{"damage":14.0,"enemies":"Jaw Worm Horde","floor":38.0,"turns":3.0},{"damage":0.0,"enemies":"Mind Bloom Boss Battle","floor":39.0,"turns":10.0},{"damage":20.0,"enemies":"Reptomancer","floor":40.0,"turns":6.0},{"damage":0.0,"enemies":"Giant Head","floor":44.0,"turns":2.0},{"damage":0.0,"enemies":"4 Shapes","floor":46.0,"turns":2.0},{"damage":7,"enemies":"Reptomancer","floor":48,"turns":4},{"damage":0,"enemies":"Awakened One","floor":50,"turns":6}],"seed_played":"-8625652084841618304","potions_obtained":[{"floor":5.0,"key":"SpeedPotion"},{"floor":6.0,"key":"Strength Potion"},{"floor":16.0,"key":"Fruit Juice"}],"is_trial":false,"path_per_floor":["M","?","?","M","M","E","?","R","T","E","$","M","M","?","R","B",null,"M","$","?","?","?","E","R","M","T","M","R","M","E","M","R","B",null,"M","?","M","M","?","E","R","?","T","E","$","M","T","E","R","B",null],"character_chosen":"WATCHER","items_purchased":["Devotion","Bag of Marbles","Devotion","FlyingSleeves","Fasting","Apotheosis","ClockworkSouvenir","Enlightenment"],"campfire_rested":2,"item_purchase_floors":[11,11,19,19,45,45,45,45],"current_hp_per_floor":[45,50,50,50,50,42,35,35,35,30,30,30,27,27,27,24,75,70,70,70,70,70,39,39,39,39,16,38,38,19,18,40,17,75,58,58,58,44,44,24,24,43,43,43,43,43,50,43,43,48],"gold":77,"neow_bonus":"TRANSFORM_TWO_CARDS","is_prod":false,"is_daily":false,"chose_seed":false,"campfire_upgraded":5,"win_rate":0.0,"timestamp":1568424849,"path_taken":["M","?","?","M","?","E","?","R","T","E","?","?","M","?","R","BOSS","M","$","?","?","?","E","R","M","T","M","R","?","E","M","R","BOSS","M","?","M","?","?","E","R","?","T","E","$","M","?","E","R","BOSS"],"build_version":"2019-09-12","purchased_purges":0,"victory":true,"max_hp_per_floor":[65,70,70,70,70,70,70,70,70,70,70,70,70,70,70,70,75,75,75,75,75,75,75,75,75,75,75,75,75,75,75,75,75,75,75,75,75,75,75,75,75,75,75,75,75,75,82,82,82,82],"card_choices":[{"not_picked":["FlyingSleeves","CarveReality"],"picked":"ForeignInfluence","floor":1.0},{"not_picked":["CarveReality","Weave"],"picked":"Consecrate","floor":4.0},{"not_picked":["Sanctity","ClearTheMind"],"picked":"WindmillStrike","floor":5.0},{"not_picked":["Scrawl","Conclude","EmptyMind"],"picked":"SKIP","floor":6.0},{"not_picked":["Sanctity","FollowUp"],"picked":"WaveOfTheHand","floor":10.0},{"not_picked":["EmptyMind","ClearTheMind"],"picked":"ForeignInfluence","floor":12.0},{"not_picked":["CleanseEvil","EmptyBody"],"picked":"BowlingBash","floor":13.0},{"not_picked":["Wallop","Unraveling"],"picked":"Pray","floor":16.0},{"not_picked":["ThirdEye","Meditate"],"picked":"Prostrate","floor":18.0},{"not_picked":["StepAndStrike+1","CrushJoints+1","WindmillStrike"],"picked":"SKIP","floor":23.0},{"not_picked":["FearNoEvil","Conclude+1"],"picked":"ThirdEye+1","floor":25.0},{"not_picked":["FlurryOfBlows","CrushJoints"],"picked":"Collect","floor":27.0},{"not_picked":["Adaptation","Tantrum","Consecrate"],"picked":"SKIP","floor":29.0},{"not_picked":["Vault","EmptyMind+1"],"picked":"Perseverance","floor":30.0},{"not_picked":["SandsOfTime","BowlingBash"],"picked":"EmptyFist","floor":31.0},{"not_picked":["Wallop","Vault"],"picked":"Brilliance","floor":33.0},{"not_picked":["CutThroughFate+1","Scrawl+1","FlurryOfBlows+1"],"picked":"SKIP","floor":35.0},{"not_picked":["Crescendo","SandsOfTime+1","EmptyBody"],"picked":"SKIP","floor":37.0},{"not_picked":["FollowUp","CrushJoints+1"],"picked":"Collect+1","floor":38.0},{"not_picked":["ThirdEye","Prostrate+1"],"picked":"Crescendo","floor":40.0},{"not_picked":["DeceiveReality+1","JustLucky"],"picked":"ForeignInfluence","floor":44.0},{"not_picked":["EmptyBody+1","EmptyMind"],"picked":"Crescendo","floor":46.0},{"not_picked":["MasterReality","Consecrate+1"],"picked":"TalkToTheHand+1","floor":48}],"player_experience":276445,"relics_obtained":[{"floor":6.0,"key":"Bag of Preparation"},{"floor":9.0,"key":"Lantern"},{"floor":10.0,"key":"Vajra"},{"floor":23.0,"key":"Dead Branch"},{"floor":26.0,"key":"Matryoshka"},{"floor":30.0,"key":"Gremlin Horn"},{"floor":39.0,"key":"TungstenRod"},{"floor":40.0,"key":"Toy Ornithopter"},{"floor":43.0,"key":"Happy Flower"},{"floor":43.0,"key":"Bottled Flame"},{"floor":44.0,"key":"White Beast Statue"},{"floor":47.0,"key":"Strawberry"},{"floor":47.0,"key":"Omamori"},{"floor":48,"key":"Du-Vu Doll"}],"event_choices":[{"damage_healed":0.0,"max_hp_gain":5.0,"max_hp_loss":0.0,"gold_gain":0.0,"event_name":"Big Fish","player_choice":"Donut","floor":2.0,"gold_loss":0.0,"damage_taken":0.0},{"damage_healed":0.0,"max_hp_gain":0.0,"max_hp_loss":0.0,"gold_gain":0.0,"event_name":"Match and Keep!","player_choice":"0 cards matched","floor":3.0,"gold_loss":0.0,"damage_taken":0.0,"cards_obtained":[]},{"damage_healed":0.0,"max_hp_gain":0.0,"max_hp_loss":0.0,"gold_gain":0.0,"event_name":"Wheel of Change","player_choice":"Damaged","floor":7.0,"gold_loss":0.0,"damage_taken":7.0},{"cards_removed":["Devotion"],"damage_healed":0.0,"max_hp_gain":0.0,"max_hp_loss":0.0,"gold_gain":0.0,"event_name":"NoteForYourself","player_choice":"Took Card","floor":14.0,"gold_loss":0.0,"damage_taken":0.0,"cards_obtained":["Shrug It Off"]},{"damage_healed":0.0,"max_hp_gain":0.0,"max_hp_loss":0.0,"gold_gain":0.0,"event_name":"The Mausoleum","player_choice":"Opened","floor":20.0,"gold_loss":0.0,"damage_taken":0.0,"relics_obtained":["Orichalcum"]},{"damage_healed":0.0,"max_hp_gain":0.0,"max_hp_loss":0.0,"gold_gain":0.0,"event_name":"Addict","player_choice":"Stole Relic","floor":21.0,"gold_loss":0.0,"damage_taken":0.0,"relics_obtained":["Oddly Smooth Stone"],"cards_obtained":["Shame"]},{"damage_healed":0.0,"max_hp_gain":0.0,"max_hp_loss":0.0,"gold_gain":0.0,"cards_transformed":["Shame"],"event_name":"Transmorgrifier","player_choice":"Transformed","floor":22.0,"gold_loss":0.0,"damage_taken":0.0,"cards_obtained":["Parasite"]},{"damage_healed":0.0,"max_hp_gain":0.0,"max_hp_loss":0.0,"gold_gain":0.0,"event_name":"The Woman in Blue","player_choice":"Bought 0 Potions","floor":36.0,"gold_loss":0.0,"damage_taken":0.0},{"damage_healed":0.0,"max_hp_gain":0.0,"max_hp_loss":0.0,"gold_gain":0.0,"event_name":"MindBloom","player_choice":"Fight","floor":39.0,"gold_loss":0.0,"damage_taken":0.0},{"damage_healed":19.0,"max_hp_gain":0.0,"max_hp_loss":0.0,"gold_gain":0.0,"event_name":"Winding Halls","player_choice":"Writhe","floor":42.0,"gold_loss":0.0,"damage_taken":0.0,"cards_obtained":["Writhe"]}],"is_beta":true,"boss_relics":[{"not_picked":["Philosopher\u0027s Stone","Calling Bell"],"picked":"Sozu"},{"not_picked":["VioletLotus","SacredBark"],"picked":"Astrolabe"}],"items_purged_floors":[],"is_endless":false,"potions_floor_spawned":[5,6,16,23,25,29,31,37,44,46,48],"ascension_level":0}