{"gold_per_floor":[112,127,147,160,335,335,352,352],"floor_reached":8,"playtime":464,"items_purged":[],"score":63,"play_id":"2a41cbff-d371-4dda-ae64-d99633929dac","local_time":"20181125015600","is_ascension_mode":true,"campfire_choices":[],"neow_cost":"PERCENT_DAMAGE","seed_source_timestamp":410524299323873,"circlet_count":0,"master_deck":["Defend_G","Defend_G","Defend_G","Defend_G","Defend_G","Strike_G","Strike_G","Strike_G","Strike_G","Strike_G","Survivor","Neutralize","Adrenaline","Flying Knee","Cloak And Dagger","Leg Sweep","Riddle With Holes","Doubt","Deflect"],"relics":["Ring of the Snake"],"potions_floor_usage":[3,6],"damage_taken":[{"damage":0,"enemies":"Jaw Worm","floor":1,"turns":6},{"damage":0,"enemies":"2 Louse","floor":2,"turns":3},{"damage":10,"enemies":"Small Slimes","floor":3,"turns":3},{"damage":4,"enemies":"Looter","floor":4,"turns":4},{"damage":0,"enemies":"Lagavulin","floor":6,"turns":2},{"damage":6,"enemies":"Lots of Slimes","floor":7,"turns":7},{"damage":53,"enemies":"Gremlin Nob","floor":8,"turns":6}],"seed_played":"6774769031205285364","potions_obtained":[{"floor":2,"key":"AttackPotion"},{"floor":3,"key":"SmokeBomb"},{"floor":7,"key":"FairyPotion"}],"is_trial":false,"path_per_floor":["M","M","M","M","?","E","M","E"],"character_chosen":"THE_SILENT","items_purchased":[],"campfire_rested":0,"item_purchase_floors":[],"current_hp_per_floor":[49,49,39,35,35,35,29,0],"gold":352,"neow_bonus":"THREE_RARE_CARDS","is_prod":false,"is_daily":false,"chose_seed":false,"campfire_upgraded":0,"win_rate":0,"timestamp":1543100160,"path_taken":["M","M","M","M","?","E","M","E"],"build_version":"2018-11-15","purchased_purges":0,"victory":false,"max_hp_per_floor":[70,70,70,70,70,70,70,70],"card_choices":[{"not_picked":["Doppelganger","Grand Finale"],"picked":"Adrenaline","floor":0},{"not_picked":["Dodge and Roll","Backflip"],"picked":"Flying Knee","floor":1},{"not_picked":["Caltrops","Backflip"],"picked":"Cloak And Dagger","floor":2},{"not_picked":["Blade Dance","Dagger Spray"],"picked":"Leg Sweep","floor":3},{"not_picked":["Poisoned Stab","Infinite Blades"],"picked":"Riddle With Holes","floor":4},{"not_picked":["Leg Sweep","Outmaneuver"],"picked":"Deflect","floor":7}],"player_experience":934608,"relics_obtained":[],"event_choices":[{"damage_healed":0,"gold_gain":175,"player_choice":"AGREE","damage_taken":0,"max_hp_gain":0,"max_hp_loss":0,"event_name":"Liars Game","floor":5,"gold_loss":0,"cards_obtained":["Doubt"]}],"is_beta":true,"boss_relics":[],"items_purged_floors":[],"is_endless":false,"potions_floor_spawned":[2,3,7],"killed_by":"Gremlin Nob","ascension_level":1}