{"gold_per_floor":[114,134,150,163,173,173,191,226,307,336,371,403,432,382,382,483,483,498,418,436,436,40,73,73,100,100,115,115,142,142,173,173,275,275,288,388,388,406,406,406,440,453,453,453,478,478,478,513,513,513],"floor_reached":51,"playtime":3858,"items_purged":[],"score":1230,"play_id":"9d1b88f0-34d1-43c0-a073-9b41dc4b1f67","local_time":"20190423111753","is_ascension_mode":true,"campfire_choices":[{"data":"Zap","floor":6,"key":"SMITH"},{"data":"Fission","floor":15,"key":"SMITH"},{"data":"Defragment","floor":30,"key":"SMITH"},{"data":"strawberrySpire:BlasterWyrm","floor":32,"key":"SMITH"},{"data":"Enlightenment","floor":40,"key":"SMITH"},{"data":"Loop","floor":44,"key":"SMITH"},{"data":"Capacitor","floor":46,"key":"SMITH"},{"data":"strawberrySpire:Refactor","floor":49,"key":"SMITH"}],"neow_cost":"","seed_source_timestamp":851679238756870,"circlet_count":0,"master_deck":["Strike_B+1","Strike_B+1","Defend_B+1","Defend_B+1","Defend_B+1","Defend_B+1","Zap+1","Dualcast","Cold Snap","Leap","Self Repair","Capacitor+1","Rebound+1","Undo","Turbo","Glacier","strawberrySpire:BlasterWyrm+1","Ball Lightning+1","Go for the Eyes","Fission+1","strawberrySpire:Refactor+1","Turbo","Streamline","All For One","Gash","Redo","All For One","Loop+1","Steam","Defragment+1","Loop","Buffer","Auto Shields+1","Conserve Battery+1","Enlightenment+1","strawberrySpire:Dropbox","Panache","Hologram+1","Compile Driver","Aggregate+1"],"relics":["FrozenCore","Calipers","Ornamental Fan","Strange Spoon","WingedGreaves","Shuriken","Gremlin Horn","Thread and Needle","Ancient Tea Set","Pear","energizedSpire:OldTV","strawberrySpire:HandKnitScarf","Whetstone","Smiling Mask","Letter Opener","strawberrySpire:Treaders","Girya","Orichalcum","Du-Vu Doll","strawberrySpire:MawJerky","Toxic Egg 2","Juzu Bracelet","Omamori"],"potions_floor_usage":[2,5,16,23,25,29,31,42,45,45,48,50,50,50,50,50],"damage_taken":[{"damage":0,"enemies":"Small Slimes","floor":1,"turns":3},{"damage":1,"enemies":"Jaw Worm","floor":2,"turns":5},{"damage":0,"enemies":"2 Louse","floor":3,"turns":3},{"damage":0,"enemies":"Large Slime","floor":4,"turns":6},{"damage":0,"enemies":"Blue Slaver","floor":5,"turns":3},{"damage":0,"enemies":"Looter","floor":7,"turns":3},{"damage":9,"enemies":"Lagavulin","floor":8,"turns":9},{"damage":11,"enemies":"3 Sentries","floor":10,"turns":9},{"damage":17,"enemies":"Gremlin Nob","floor":11,"turns":6},{"damage":0,"enemies":"3 Sentries","floor":12,"turns":6},{"damage":5,"enemies":"Lagavulin","floor":13,"turns":7},{"damage":0,"enemies":"Hexaghost","floor":16,"turns":8},{"damage":0,"enemies":"3 Byrds","floor":18,"turns":5},{"damage":0,"enemies":"Chosen","floor":20,"turns":7},{"damage":14,"enemies":"Gremlin Leader","floor":23,"turns":9},{"damage":16,"enemies":"strawberrySpire:AncientClocktower","floor":25,"turns":9},{"damage":2,"enemies":"3 Cultists","floor":27,"turns":5},{"damage":12,"enemies":"Book of Stabbing","floor":29,"turns":5},{"damage":3,"enemies":"strawberrySpire:AncientClocktower","floor":31,"turns":10},{"damage":12,"enemies":"Collector","floor":33,"turns":10},{"damage":0,"enemies":"Orb Walker","floor":35,"turns":4},{"damage":24,"enemies":"Mind Bloom Boss Battle","floor":36,"turns":9},{"damage":0,"enemies":"3 Shapes","floor":38,"turns":5},{"damage":3,"enemies":"Nemesis","floor":41,"turns":13},{"damage":0,"enemies":"3 Darklings","floor":42,"turns":6},{"damage":0,"enemies":"Giant Head","floor":45,"turns":11},{"damage":0,"enemies":"Nemesis","floor":48,"turns":11},{"damage":14,"enemies":"Awakened One","floor":50,"turns":21}],"seed_played":"-1702396489354832797","potions_obtained":[{"floor":1,"key":"Block Potion"},{"floor":2,"key":"Energy Potion"},{"floor":7,"key":"SteroidPotion"},{"floor":8,"key":"LiquidBronze"},{"floor":16,"key":"Weak Potion"},{"floor":23,"key":"Block Potion"},{"floor":25,"key":"Energy Potion"},{"floor":27,"key":"LiquidBronze"},{"floor":42,"key":"Block Potion"},{"floor":45,"key":"Fire Potion"},{"floor":48,"key":"Swift Potion"}],"is_trial":false,"path_per_floor":["M","M","M","M","M","R","M","E","T","E","E","E","E","?","R","B",null,"M","?","M","?","$","E","?","E","T","M","?","E","R","E","R","B",null,"M","?","?","M","?","R","E","M","T","R","E","R","?","E","R","B",null],"character_chosen":"DEFECT","items_purchased":["Calipers","Ornamental Fan","Cold Snap","Leap","Self Repair","Strange Spoon","Whetstone","All For One","Gash","Redo"],"campfire_rested":0,"item_purchase_floors":[0,0,0,0,0,0,22,22,22,22],"current_hp_per_floor":[75,75,75,75,75,75,75,73,73,69,59,66,78,78,78,85,85,85,85,85,69,69,62,62,46,46,51,51,46,46,50,50,45,90,90,73,73,80,70,70,86,90,90,90,94,94,94,98,98,98],"gold":513,"neow_bonus":"","is_prod":false,"is_daily":false,"chose_seed":false,"campfire_upgraded":8,"win_rate":0,"timestamp":1556007473,"path_taken":["M","M","M","M","M","R","M","E","T","E","E","E","E","?","R","BOSS","M","?","M","?","$","E","?","E","T","M","?","E","R","E","R","BOSS","M","?","?","?","?","R","E","M","T","R","E","R","?","E","R","BOSS"],"build_version":"2019-01-23","purchased_purges":0,"victory":true,"max_hp_per_floor":[75,75,75,75,75,75,75,75,75,75,75,75,85,85,85,85,85,85,85,85,90,90,90,90,90,90,90,90,90,90,90,90,90,90,90,90,90,90,90,90,90,90,90,90,94,94,94,98,98,98],"card_choices":[{"not_picked":["Compile Driver","strawberrySpire:HateBit"],"picked":"Capacitor","floor":1},{"not_picked":["strawberrySpire:Disconnect","strawberrySpire:SearchEngine"],"picked":"Rebound","floor":2},{"not_picked":["strawberrySpire:HateBit","Self Repair"],"picked":"Undo","floor":3},{"not_picked":["strawberrySpire:GearCrunch","Stack"],"picked":"Turbo","floor":4},{"not_picked":["Doom and Gloom","Gash"],"picked":"Glacier","floor":5},{"not_picked":["Self Repair","Rebound"],"picked":"strawberrySpire:BlasterWyrm","floor":7},{"not_picked":["Redo","Rip and Tear"],"picked":"Ball Lightning","floor":8},{"not_picked":["Fusion","Chill"],"picked":"Go for the Eyes","floor":10},{"not_picked":["Redo","Sweeping Beam"],"picked":"Fission","floor":11},{"not_picked":["Reprogram","strawberrySpire:SearchEngine","Fusion"],"picked":"SKIP","floor":12},{"not_picked":["Auto Shields","strawberrySpire:Disconnect"],"picked":"Sweeping Beam","floor":13},{"not_picked":["Thunder Strike","Reboot"],"picked":"strawberrySpire:Refactor","floor":16},{"not_picked":["Sweeping Beam","Cold Snap"],"picked":"Turbo","floor":18},{"not_picked":["Gash","strawberrySpire:ReturnNull"],"picked":"Streamline","floor":20},{"not_picked":["BootSequence+1","Chaos"],"picked":"All For One","floor":23},{"not_picked":["Go for the Eyes","Barrage"],"picked":"Loop","floor":25},{"not_picked":["Sweeping Beam","Reprogram+1"],"picked":"Steam","floor":27},{"not_picked":["Stack","Hologram"],"picked":"Defragment","floor":29},{"not_picked":["Coolheaded","Scrape"],"picked":"Loop","floor":31},{"not_picked":["strawberrySpire:BiBeamBolt","Biased Cognition"],"picked":"Buffer","floor":33},{"not_picked":["Chill","strawberrySpire:THEL+1"],"picked":"Auto Shields+1","floor":35},{"not_picked":["strawberrySpire:NeonFlight+1","Double Energy+1"],"picked":"Conserve Battery+1","floor":36},{"not_picked":["Rebound","Go for the Eyes","strawberrySpire:NeonFlight"],"picked":"SKIP","floor":38},{"not_picked":["PanicButton","Apotheosis"],"picked":"Enlightenment","floor":39},{"not_picked":["Trip","Transmutation"],"picked":"strawberrySpire:Dropbox","floor":39},{"not_picked":["Deep Breath","Trip"],"picked":"Panache","floor":39},{"not_picked":["Consume","Sweeping Beam+1","Rebound+1"],"picked":"SKIP","floor":41},{"not_picked":["Gash+1","Chill+1"],"picked":"Hologram+1","floor":42},{"not_picked":["Cold Snap+1","Sweeping Beam+1"],"picked":"Compile Driver","floor":45},{"not_picked":["Lockon","Stack+1"],"picked":"Aggregate+1","floor":48}],"player_experience":110222,"relics_obtained":[{"floor":8,"key":"WingedGreaves"},{"floor":9,"key":"Shuriken"},{"floor":10,"key":"Gremlin Horn"},{"floor":11,"key":"Thread and Needle"},{"floor":12,"key":"Ancient Tea Set"},{"floor":13,"key":"Pear"},{"floor":23,"key":"Smiling Mask"},{"floor":25,"key":"Letter Opener"},{"floor":26,"key":"strawberrySpire:Treaders"},{"floor":29,"key":"Girya"},{"floor":31,"key":"Orichalcum"},{"floor":36,"key":"Du-Vu Doll"},{"floor":41,"key":"strawberrySpire:MawJerky"},{"floor":43,"key":"Toxic Egg 2"},{"floor":45,"key":"Juzu Bracelet"},{"floor":48,"key":"Omamori"}],"event_choices":[{"cards_removed":["Strike_B"],"damage_healed":0,"gold_gain":0,"player_choice":"Card Removal","damage_taken":0,"max_hp_gain":0,"max_hp_loss":0,"event_name":"The Cleric","floor":14,"gold_loss":50},{"damage_healed":0,"gold_gain":0,"player_choice":"Shed Blood","damage_taken":21,"max_hp_gain":5,"max_hp_loss":0,"event_name":"Forgotten Altar","floor":21,"gold_loss":0},{"damage_healed":0,"gold_gain":0,"player_choice":"Simplicity","damage_taken":0,"max_hp_gain":0,"max_hp_loss":0,"event_name":"Back to Basics","floor":24,"gold_loss":0,"cards_upgraded":["Strike_B","Strike_B","Strike_B","Defend_B","Defend_B","Defend_B","Defend_B"]},{"damage_healed":0,"gold_gain":0,"player_choice":"Ignored","damage_taken":0,"max_hp_gain":0,"max_hp_loss":0,"event_name":"Vampires","floor":28,"gold_loss":0},{"damage_healed":0,"gold_gain":0,"player_choice":"Fight","damage_taken":0,"max_hp_gain":0,"max_hp_loss":0,"event_name":"MindBloom","floor":36,"gold_loss":0},{"damage_healed":0,"gold_gain":0,"player_choice":"Ignored","damage_taken":0,"max_hp_gain":0,"max_hp_loss":0,"event_name":"Tomb of Lord Red Mask","floor":37,"gold_loss":0},{"damage_healed":0,"gold_gain":0,"player_choice":"Memory 3","damage_taken":10,"max_hp_gain":0,"max_hp_loss":0,"event_name":"SensoryStone","floor":39,"gold_loss":0},{"cards_removed":["Strike_B"],"damage_healed":0,"gold_gain":0,"player_choice":"Removed Attack","damage_taken":0,"max_hp_gain":0,"max_hp_loss":0,"event_name":"Falling","floor":47,"gold_loss":0}],"is_beta":false,"boss_relics":[{"not_picked":["Eternal Feather","Orrery"],"picked":"energizedSpire:OldTV"},{"not_picked":["energizedSpire:DeadBattery","Calling Bell"],"picked":"FrozenCore"}],"items_purged_floors":[],"is_endless":false,"potions_floor_spawned":[1,2,7,8,16,23,25,27,41,42,45,48],"ascension_level":1}