{"gold_per_floor":[115,115,125,75,0,31,49,82,128,128,128,148,164,15,15,119,119,135,10,21,34,48,83,43,43,43,43,70,70,83,113,113,113],"floor_reached":33,"playtime":1120,"items_purged":["Strike_B","Strike_B","Strike_B"],"score":331,"play_id":"ec5a98cb-7d66-4739-8b83-1c7ba5e50d25","local_time":"20190905072114","is_ascension_mode":true,"campfire_choices":[{"data":"Dualcast","floor":10,"key":"SMITH"},{"data":"Hologram","floor":15,"key":"SMITH"},{"data":"Redo","floor":25,"key":"SMITH"},{"data":"Genetic Algorithm","floor":27,"key":"SMITH"},{"data":"Creative AI","floor":29,"key":"SMITH"},{"data":"Reinforced Body","floor":32,"key":"SMITH"}],"neow_cost":"NONE","seed_source_timestamp":204396945323600,"circlet_count":0,"master_deck":["Defend_B","Defend_B","Defend_B","Defend_B","Zap+1","Dualcast+1","Ball Lightning","Rebound","Gash+1","Turbo","Conserve Battery","Hologram+1","Redo+1","Cold Snap","Creative AI+1","Leap","FTL","Go for the Eyes+1","Leap","Genetic Algorithm+1","Decay","Reinforced Body+1"],"relics":["Cracked Core","Mercury Hourglass","Orichalcum","Potion Belt","Cursed Key","Meat on the Bone","Emotion Chip","Happy Flower","Anchor"],"potions_floor_usage":[6,6,8,16,21,23,28,28,28,30,31,33],"damage_taken":[{"damage":6,"enemies":"Jaw Worm","floor":1,"turns":3},{"damage":0,"enemies":"Cultist","floor":3,"turns":2},{"damage":9,"enemies":"Lagavulin","floor":6,"turns":5},{"damage":0,"enemies":"2 Louse","floor":7,"turns":1},{"damage":18,"enemies":"Gremlin Nob","floor":8,"turns":3},{"damage":11,"enemies":"Exordium Thugs","floor":12,"turns":3},{"damage":2,"enemies":"2 Fungi Beasts","floor":13,"turns":2},{"damage":11,"enemies":"Hexaghost","floor":16,"turns":7},{"damage":15,"enemies":"2 Thieves","floor":18,"turns":3},{"damage":4,"enemies":"Chosen","floor":20,"turns":3},{"damage":14,"enemies":"3 Cultists","floor":21,"turns":6},{"damage":13,"enemies":"Cultist and Chosen","floor":22,"turns":5},{"damage":5,"enemies":"Book of Stabbing","floor":23,"turns":5},{"damage":21,"enemies":"Slavers","floor":28,"turns":5},{"damage":4,"enemies":"Snecko","floor":30,"turns":7},{"damage":21,"enemies":"Gremlin Leader","floor":31,"turns":6},{"damage":47,"enemies":"Collector","floor":33,"turns":7}],"seed_played":"8125663603100221647","potions_obtained":[{"floor":2,"key":"Weak Potion"},{"floor":2,"key":"Weak Potion"},{"floor":2,"key":"EssenceOfSteel"},{"floor":6,"key":"AttackPotion"},{"floor":12,"key":"Strength Potion"},{"floor":16,"key":"Swift Potion"},{"floor":21,"key":"GamblersBrew"},{"floor":23,"key":"Fruit Juice"},{"floor":24,"key":"Strength Potion"},{"floor":24,"key":"Regen Potion"},{"floor":24,"key":"Weak Potion"},{"floor":30,"key":"Poison Potion"},{"floor":31,"key":"SteroidPotion"}],"is_trial":false,"path_per_floor":["M","?","M","?","$","E","M","E","T","R","?","M","M","$","R","B",null,"M","$","M","M","M","E","?","R","T","R","E","R","M","E","R","B"],"character_chosen":"DEFECT","items_purchased":["Cold Snap"],"campfire_rested":0,"item_purchase_floors":[14],"current_hp_per_floor":[69,69,69,69,69,60,60,42,42,42,42,31,29,29,29,18,75,60,60,56,42,29,29,29,29,29,29,34,34,42,33,33,0],"gold":113,"neow_bonus":"UPGRADE_CARD","is_prod":false,"is_daily":false,"chose_seed":false,"campfire_upgraded":6,"win_rate":0,"timestamp":1567657274,"path_taken":["M","?","?","?","?","E","?","E","T","R","?","M","?","$","R","BOSS","M","$","?","M","M","E","?","R","T","R","E","R","M","E","R","BOSS"],"build_version":"2019-07-17","purchased_purges":3,"victory":false,"max_hp_per_floor":[75,75,75,75,75,75,75,75,75,75,75,75,75,75,75,75,75,75,75,75,75,75,80,80,80,80,80,80,80,80,80,80,80],"card_choices":[{"not_picked":["Stack","Turbo"],"picked":"Ball Lightning","floor":1},{"not_picked":["BootSequence","Sunder"],"picked":"Rebound","floor":3},{"not_picked":["Storm","Sweeping Beam"],"picked":"Gash","floor":6},{"not_picked":["Stack","Barrage"],"picked":"Turbo","floor":7},{"not_picked":["Coolheaded","Consume"],"picked":"Conserve Battery","floor":8},{"not_picked":["Coolheaded","Redo"],"picked":"Hologram","floor":12},{"not_picked":["Recycle","Buffer"],"picked":"Redo","floor":13},{"not_picked":["Core Surge","Thunder Strike"],"picked":"Creative AI","floor":16},{"not_picked":["Ball Lightning","Barrage"],"picked":"Leap","floor":18},{"not_picked":["Cold Snap","Stack"],"picked":"FTL","floor":20},{"not_picked":["Turbo","Steam"],"picked":"Go for the Eyes+1","floor":21},{"not_picked":["BootSequence","Go for the Eyes"],"picked":"Leap","floor":22},{"not_picked":["Cold Snap","Redo"],"picked":"Genetic Algorithm","floor":23},{"not_picked":["Turbo","Buffer"],"picked":"Reinforced Body","floor":28},{"not_picked":["Storm","Streamline","Redo"],"picked":"SKIP","floor":30},{"not_picked":["Compile Driver+1","Hello World","Lockon+1"],"picked":"SKIP","floor":31}],"player_experience":246569,"relics_obtained":[{"floor":6,"key":"Mercury Hourglass"},{"floor":8,"key":"Orichalcum"},{"floor":9,"key":"Potion Belt"},{"floor":23,"key":"Meat on the Bone"},{"floor":26,"key":"Emotion Chip"},{"floor":28,"key":"Happy Flower"},{"floor":31,"key":"Anchor"}],"event_choices":[{"damage_healed":0,"gold_gain":0,"player_choice":"Got Potions","damage_taken":0,"max_hp_gain":0,"max_hp_loss":0,"event_name":"Lab","floor":2,"gold_loss":0},{"cards_removed":["Strike_B"],"damage_healed":0,"gold_gain":0,"player_choice":"Card Removal","damage_taken":0,"max_hp_gain":0,"max_hp_loss":0,"event_name":"The Cleric","floor":4,"gold_loss":50},{"damage_healed":0,"gold_gain":0,"player_choice":"Upgraded","damage_taken":0,"max_hp_gain":0,"max_hp_loss":0,"event_name":"Upgrade Shrine","floor":11,"gold_loss":0,"cards_upgraded":["Gash"]},{"damage_healed":0,"gold_gain":0,"player_choice":"Bought 3 Potions","damage_taken":0,"max_hp_gain":0,"max_hp_loss":0,"event_name":"The Woman in Blue","floor":24,"gold_loss":0}],"is_beta":false,"boss_relics":[{"not_picked":["Empty Cage","White Beast Statue"],"picked":"Cursed Key"}],"items_purged_floors":[5,14,19],"is_endless":false,"potions_floor_spawned":[6,12,16,21,23,30,31],"killed_by":"Collector","ascension_level":1}