{"gold_per_floor":[118,118,118,137,162,162,195,195,195,210,210],"floor_reached":11,"playtime":1416,"items_purged":[],"score":77,"play_id":"c5042154-0c6e-4d4a-a164-bf909ae475c3","local_time":"20190806043603","is_ascension_mode":true,"campfire_choices":[{"data":"Searing Blow","floor":6,"key":"SMITH"},{"data":"Searing Blow+1","floor":8,"key":"SMITH"}],"neow_cost":"TEN_PERCENT_HP_LOSS","seed_source_timestamp":252056612580526,"circlet_count":0,"master_deck":["Strike_R","Strike_R","Strike_R","Strike_R+1","Strike_R","Defend_R","Defend_R+1","Bash","Carnage","Searing Blow+2"],"relics":["Burning Blood","Golden Idol","Shuriken","Juzu Bracelet"],"potions_floor_usage":[11],"damage_taken":[{"damage":0,"enemies":"Small Slimes","floor":1,"turns":3},{"damage":2,"enemies":"2 Louse","floor":4,"turns":3},{"damage":1,"enemies":"Cultist","floor":5,"turns":3},{"damage":40,"enemies":"3 Sentries","floor":7,"turns":9},{"damage":8,"enemies":"Lots of Slimes","floor":10,"turns":5},{"damage":22,"enemies":"Gremlin Nob","floor":11,"turns":3}],"seed_played":"8886898982746162711","potions_obtained":[{"floor":10,"key":"SkillPotion"}],"is_trial":false,"path_per_floor":["M","?","?","M","M","R","E","R","T","M","E"],"character_chosen":"IRONCLAD","items_purchased":[],"campfire_rested":0,"item_purchase_floors":[],"current_hp_per_floor":[72,58,40,44,49,49,15,15,15,13,0],"gold":210,"neow_bonus":"REMOVE_TWO","is_prod":false,"is_daily":false,"chose_seed":false,"campfire_upgraded":2,"win_rate":0,"timestamp":1565055363,"path_taken":["M","?","?","M","M","R","E","R","T","M","E"],"build_version":"2019-07-17","purchased_purges":0,"victory":false,"max_hp_per_floor":[72,72,72,72,72,72,72,72,72,72,72],"card_choices":[{"not_picked":["Cleave","True Grit"],"picked":"Carnage","floor":1},{"not_picked":["Perfected Strike","Shrug It Off"],"picked":"Searing Blow","floor":4},{"not_picked":["Burning Pact","Iron Wave","Body Slam"],"picked":"SKIP","floor":5},{"not_picked":["Rage","Sever Soul","Carnage"],"picked":"SKIP","floor":7},{"not_picked":["Whirlwind","Anger","Searing Blow"],"picked":"SKIP","floor":10}],"player_experience":189452,"relics_obtained":[{"floor":7,"key":"Shuriken"},{"floor":9,"key":"Juzu Bracelet"}],"event_choices":[{"damage_healed":0,"gold_gain":0,"player_choice":"Entered Light","damage_taken":14,"max_hp_gain":0,"max_hp_loss":0,"event_name":"Shining Light","floor":2,"gold_loss":0,"cards_upgraded":["Defend_R","Strike_R"]},{"damage_healed":0,"gold_gain":0,"player_choice":"Take Damage","damage_taken":18,"relics_obtained":["Golden Idol"],"max_hp_gain":0,"max_hp_loss":0,"event_name":"Golden Idol","floor":3,"gold_loss":0}],"is_beta":false,"boss_relics":[],"items_purged_floors":[],"is_endless":false,"potions_floor_spawned":[10],"killed_by":"Gremlin Nob","ascension_level":1}