{"gold_per_floor":[113,113,133,133,133,133,176,201,228,228,248,267,267,86,86,205,205,218,218,19,19,44,44,57,57,105,126,140,140,163,179,179,179],"floor_reached":33,"playtime":1552,"items_purged":["Strike_R"],"score":324,"play_id":"ad6d6dc2-b7d3-4f2e-97f6-00097c820937","local_time":"20190908205604","is_ascension_mode":false,"campfire_choices":[{"data":"Shrug It Off","floor":6,"key":"SMITH"},{"data":"True Grit","floor":10,"key":"SMITH"},{"data":"Body Slam","floor":13,"key":"SMITH"},{"data":"Flame Barrier","floor":15,"key":"SMITH"},{"data":"Havoc","floor":23,"key":"SMITH"},{"data":"Ghostly","floor":32,"key":"SMITH"}],"neow_cost":"NONE","seed_source_timestamp":5007304171130,"circlet_count":0,"master_deck":["Defend_R","Defend_R","Defend_R","Defend_R","Bash+1","Body Slam+1","Shrug It Off+1","True Grit+1","Ghostly Armor","Havoc+1","Body Slam+1","Flame Barrier+1","Feel No Pain","Shrug It Off+1","Ghostly+1","Ghostly","Ghostly","Ghostly","Ghostly","Feel No Pain","Writhe","Writhe","Power Through","Bite","Bite","Bite","Bite","Bite","Body Slam+1"],"relics":["Burning Blood","NeowsBlessing","Golden Idol","Centennial Puzzle","Bag of Marbles","Cursed Key","Membership Card","Smiling Mask","Strawberry"],"potions_floor_usage":[12,31],"damage_taken":[{"damage":0,"enemies":"Small Slimes","floor":1,"turns":1},{"damage":0,"enemies":"2 Louse","floor":3,"turns":1},{"damage":0,"enemies":"Lagavulin","floor":7,"turns":1},{"damage":1,"enemies":"Jaw Worm","floor":8,"turns":3},{"damage":9,"enemies":"Exordium Thugs","floor":11,"turns":5},{"damage":0,"enemies":"2 Fungi Beasts","floor":12,"turns":3},{"damage":15,"enemies":"The Guardian","floor":16,"turns":11},{"damage":3,"enemies":"Shell Parasite","floor":18,"turns":3},{"damage":0,"enemies":"Spheric Guardian","floor":22,"turns":5},{"damage":0,"enemies":"Snake Plant","floor":24,"turns":5},{"damage":11,"enemies":"Cultist and Chosen","floor":27,"turns":10},{"damage":10,"enemies":"Shelled Parasite and Fungi","floor":28,"turns":8},{"damage":0,"enemies":"3 Cultists","floor":30,"turns":9},{"damage":13,"enemies":"Chosen and Byrds","floor":31,"turns":7},{"damage":37,"enemies":"Automaton","floor":33,"turns":6}],"seed_played":"-2251244112074327631","potions_obtained":[{"floor":7,"key":"Swift Potion"},{"floor":8,"key":"Dexterity Potion"},{"floor":12,"key":"SteroidPotion"},{"floor":16,"key":"Swift Potion"},{"floor":28,"key":"Block Potion"}],"is_trial":false,"path_per_floor":["M","?","M","?","?","R","E","M","T","R","M","M","R","$","R","B",null,"M","?","$","?","M","R","M","?","T","M","M","?","M","M","R","B"],"character_chosen":"IRONCLAD","items_purchased":["Flame Barrier","Feel No Pain","Membership Card"],"campfire_rested":0,"item_purchase_floors":[14,14,20],"current_hp_per_floor":[80,80,80,74,59,59,65,70,70,70,67,73,73,73,73,64,74,74,74,74,37,37,37,37,37,44,39,35,30,30,30,30,0],"gold":179,"neow_bonus":"THREE_ENEMY_KILL","is_prod":false,"is_daily":false,"chose_seed":false,"campfire_upgraded":6,"win_rate":0,"timestamp":1567997764,"path_taken":["M","?","M","?","?","R","E","M","T","R","M","?","R","$","R","BOSS","M","?","?","?","M","R","M","?","T","M","M","?","?","M","R","BOSS"],"build_version":"2019-07-17","purchased_purges":1,"victory":false,"max_hp_per_floor":[80,80,80,74,74,74,74,74,74,74,74,74,74,74,74,74,74,74,74,74,37,37,37,37,37,44,44,44,30,30,30,30,30],"card_choices":[{"not_picked":["Hemokinesis","Infernal Blade"],"picked":"Body Slam","floor":1},{"not_picked":["Pommel Strike","Carnage"],"picked":"Shrug It Off","floor":3},{"not_picked":["Pummel","Thunderclap"],"picked":"True Grit","floor":7},{"not_picked":["Bloodletting","Perfected Strike"],"picked":"Ghostly Armor","floor":8},{"not_picked":["Twin Strike","Armaments"],"picked":"Havoc","floor":11},{"not_picked":["Shrug It Off","Bloodletting"],"picked":"Body Slam","floor":12},{"not_picked":["Reaper","Limit Break"],"picked":"Immolate","floor":16},{"not_picked":["Armaments","Shockwave"],"picked":"Shrug It Off+1","floor":18},{"not_picked":["Twin Strike+1","Anger+1"],"picked":"Feel No Pain","floor":22},{"not_picked":["Corruption","Intimidate","Infernal Blade"],"picked":"SKIP","floor":24},{"not_picked":["Clothesline","Shockwave","Armaments"],"picked":"SKIP","floor":27},{"not_picked":["Perfected Strike+1","Dual Wield+1"],"picked":"Power Through","floor":28},{"not_picked":["Fiend Fire","Flex"],"picked":"Body Slam+1","floor":30},{"not_picked":["Clash","Rampage+1","Havoc"],"picked":"SKIP","floor":31}],"player_experience":1727503,"relics_obtained":[{"floor":7,"key":"Centennial Puzzle"},{"floor":9,"key":"Bag of Marbles"},{"floor":26,"key":"Strawberry"}],"event_choices":[{"damage_healed":0,"gold_gain":0,"player_choice":"Grow","damage_taken":0,"max_hp_gain":0,"max_hp_loss":0,"event_name":"Living Wall","floor":2,"gold_loss":0,"cards_upgraded":["Body Slam"]},{"damage_healed":0,"gold_gain":0,"player_choice":"Lose Max HP","damage_taken":0,"relics_obtained":["Golden Idol"],"max_hp_gain":0,"max_hp_loss":6,"event_name":"Golden Idol","floor":4,"gold_loss":0},{"damage_healed":0,"gold_gain":0,"player_choice":"Entered Light","damage_taken":15,"max_hp_gain":0,"max_hp_loss":0,"event_name":"Shining Light","floor":5,"gold_loss":0,"cards_upgraded":["Bash","Strike_R"]},{"cards_removed":["Immolate"],"damage_healed":0,"gold_gain":0,"player_choice":"Took Card","damage_taken":0,"max_hp_gain":0,"max_hp_loss":0,"event_name":"NoteForYourself","floor":19,"gold_loss":0,"cards_obtained":["Strike_R"]},{"damage_healed":0,"gold_gain":0,"player_choice":"Became a Ghost","damage_taken":0,"max_hp_gain":0,"max_hp_loss":37,"event_name":"Ghosts","floor":21,"gold_loss":0,"cards_obtained":["Ghostly","Ghostly","Ghostly","Ghostly","Ghostly"]},{"damage_healed":0,"gold_gain":0,"player_choice":"Opened","damage_taken":0,"relics_obtained":["Smiling Mask"],"max_hp_gain":0,"max_hp_loss":0,"event_name":"The Mausoleum","floor":25,"gold_loss":0,"cards_obtained":["Writhe"]},{"damage_healed":0,"gold_gain":0,"player_choice":"Became a vampire","damage_taken":0,"max_hp_gain":0,"max_hp_loss":14,"event_name":"Vampires","floor":29,"gold_loss":0,"cards_obtained":["Bite","Bite","Bite","Bite","Bite"]}],"is_beta":false,"boss_relics":[{"not_picked":["Tiny House","Busted Crown"],"picked":"Cursed Key"}],"items_purged_floors":[14],"is_endless":false,"potions_floor_spawned":[7,8,12,16,18,28],"killed_by":"Automaton","ascension_level":0}