{"gold_per_floor":[119,119,139,155,173,173,198,217,265,246,246,4,22,38,38,137,137,149,149,26,40,40,40,69,69,93,105,134,164,196,218,230,242],"floor_reached":33,"playtime":1899,"items_purged":["Strike_B"],"score":273,"play_id":"5f575fcb-4ce0-472e-adb0-7ecb5b077ab0","local_time":"20180825024359","is_ascension_mode":false,"campfire_choices":[{"data":"Zap","floor":6.0,"key":"SMITH"},{"data":"Dualcast","floor":11.0,"key":"SMITH"},{"data":"Hologram","floor":15.0,"key":"SMITH"},{"data":"Buffer","floor":23.0,"key":"SMITH"},{"data":"Beam Cell","floor":25.0,"key":"SMITH"},{"floor":32.0,"key":"REST"}],"neow_cost":"PERCENT_DAMAGE","seed_source_timestamp":0,"circlet_count":0,"master_deck":["Strike_B","Strike_B","Defend_B","Defend_B","Defend_B","Defend_B","Zap+1","Dualcast+1","Ball Lightning","Beam Cell+1","Gash","Hologram+1","Glacier","Conserve Battery","Steam Power","Barrage","Turbo","Buffer+1","BootSequence","Ball Lightning","Steam","Gash+1","Scrape+1","Cold Snap+1","Buffer","Gash+1"],"special_seed":0,"relics":["Cracked Core","Dead Branch","Omamori","Happy Flower","Lee\u0027s Waffle","Eternal Feather","Molten Egg 2","MawBank"],"potions_floor_usage":[33],"damage_taken":[{"damage":6.0,"enemies":"Jaw Worm","floor":1.0,"turns":3.0},{"damage":0.0,"enemies":"Small Slimes","floor":3.0,"turns":3.0},{"damage":0.0,"enemies":"Cultist","floor":4.0,"turns":2.0},{"damage":8.0,"enemies":"Red Slaver","floor":5.0,"turns":2.0},{"damage":1.0,"enemies":"Lagavulin","floor":7.0,"turns":5.0},{"damage":0.0,"enemies":"Exordium Wildlife","floor":8.0,"turns":2.0},{"damage":0.0,"enemies":"Exordium Thugs","floor":10.0,"turns":5.0},{"damage":0.0,"enemies":"Blue Slaver","floor":13.0,"turns":3.0},{"damage":4.0,"enemies":"Gremlin Gang","floor":14.0,"turns":2.0},{"damage":47.0,"enemies":"Hexaghost","floor":16.0,"turns":8.0},{"damage":8.0,"enemies":"Shell Parasite","floor":18.0,"turns":5.0},{"damage":0.0,"enemies":"Spheric Guardian","floor":21.0,"turns":3.0},{"damage":29.0,"enemies":"Book of Stabbing","floor":24.0,"turns":7.0},{"damage":22.0,"enemies":"Snake Plant","floor":28.0,"turns":5.0},{"damage":0.0,"enemies":"Snecko","floor":29.0,"turns":6.0},{"damage":0.0,"enemies":"Centurion and Healer","floor":30.0,"turns":5.0},{"damage":1.0,"enemies":"Sentry and Sphere","floor":31.0,"turns":7.0},{"damage":71,"enemies":"Collector","floor":33,"turns":13}],"seed_played":"-3611739063265640634","potions_obtained":[{"floor":3.0,"key":"SpeedPotion"},{"floor":4.0,"key":"Block Potion"},{"floor":8.0,"key":"LiquidBronze"},{"floor":10.0,"key":"Poison Potion"},{"floor":18.0,"key":"SpeedPotion"},{"floor":28.0,"key":"SpeedPotion"},{"floor":29.0,"key":"Swift Potion"}],"is_trial":false,"path_per_floor":["M","?","M","M","M","R","E","M","T","M","R","$","M","M","R","B",null,"M","?","$","M","?","R","E","R","T","$","M","M","M","M","R"],"character_chosen":"DEFECT","items_purchased":["Lee\u0027s Waffle","SteroidPotion","Ball Lightning"],"campfire_rested":1,"item_purchase_floors":[12,12,20],"current_hp_per_floor":[48,41,41,41,33,33,32,32,32,32,32,82,82,78,78,31,82,74,58,58,58,58,70,41,53,53,53,31,31,31,30,71,0],"gold":242,"neow_bonus":"ONE_RARE_RELIC","is_prod":false,"is_daily":false,"chose_seed":false,"campfire_upgraded":5,"win_rate":0,"timestamp":1535154239,"path_taken":["M","?","M","M","?","R","E","M","T","M","R","?","M","?","R","BOSS","M","?","$","?","?","R","E","R","T","?","M","?","?","M","R","BOSS"],"build_version":"2018-08-23v2","purchased_purges":1,"victory":false,"max_hp_per_floor":[75,75,75,75,75,75,75,75,75,75,75,82,82,82,82,82,82,82,87,87,87,87,87,87,87,87,87,87,87,87,87,87,87],"card_choices":[{"not_picked":["Compile Driver","Skim"],"picked":"Ball Lightning","floor":1.0},{"not_picked":["Sweeping Beam","Stack"],"picked":"Beam Cell","floor":3.0},{"not_picked":["Steam","Hologram"],"picked":"Gash","floor":4.0},{"not_picked":["Darkness","Coolheaded"],"picked":"Hologram","floor":5.0},{"not_picked":["Stack","Chaos"],"picked":"Glacier","floor":7.0},{"not_picked":["BootSequence","Loop"],"picked":"Conserve Battery","floor":8.0},{"not_picked":["Beam Cell","Redo"],"picked":"Steam Power","floor":10.0},{"not_picked":["Leap","Compile Driver"],"picked":"Barrage","floor":13.0},{"not_picked":["Fission","Reprogram"],"picked":"Turbo","floor":14.0},{"not_picked":["Hyperbeam","Rainbow"],"picked":"Buffer","floor":16.0},{"not_picked":["Hologram","Sweeping Beam"],"picked":"BootSequence","floor":18.0},{"not_picked":["Cold Snap","Consume"],"picked":"Steam","floor":21.0},{"not_picked":["Turbo+1","BootSequence+1"],"picked":"Gash","floor":24.0},{"not_picked":["Fusion","Storm"],"picked":"Scrape+1","floor":28.0},{"not_picked":["Stack+1","Consume+1"],"picked":"Cold Snap+1","floor":29.0},{"not_picked":["Blizzard+1","Fusion+1"],"picked":"Buffer","floor":30.0},{"not_picked":["Ball Lightning+1","Coolheaded"],"picked":"Gash+1","floor":31.0}],"player_experience":653126,"relics_obtained":[{"floor":7.0,"key":"Omamori"},{"floor":9.0,"key":"Happy Flower"},{"floor":24.0,"key":"Molten Egg 2"},{"floor":26.0,"key":"MawBank"}],"event_choices":[{"event_name":"Golden Wing","player_choice":"Card Removal","floor":2.0,"damage_taken":0.0},{"event_name":"Forgotten Altar","player_choice":"Shed Blood","floor":19.0,"damage_taken":0.0},{"event_name":"N\u0027loth","player_choice":"Ignored","floor":22.0,"damage_taken":0.0}],"is_beta":true,"boss_relics":[{"not_picked":["Fusion Hammer","Black Star"],"picked":"Eternal Feather"}],"items_purged_floors":[20],"is_endless":false,"potions_floor_spawned":[3,4,8,10,18,28,29],"killed_by":"Collector","ascension_level":0}