{"gold_per_floor":[118,130,148,162,162,202,202,225,297,73,93,116,129,160,160,160],"floor_reached":16,"playtime":690,"items_purged":["Strike_G"],"score":116,"play_id":"d31f4707-9bc9-43d9-99a1-9eb1ecb78455","local_time":"20181017080118","is_ascension_mode":false,"campfire_choices":[{"floor":7.0,"key":"REST"},{"data":"Cloak And Dagger","floor":15.0,"key":"SMITH"}],"neow_cost":"PERCENT_DAMAGE","seed_source_timestamp":0,"circlet_count":0,"master_deck":["Defend_G","Defend_G","Defend_G","Defend_G","Defend_G","Strike_G","Strike_G","Strike_G","Strike_G","Survivor","Neutralize","Flechettes","Infinite Blades","Infinite Blades","Infinite Blades","Accuracy","Escape Plan","Cloak And Dagger+1","PiercingWail","Sucker Punch","Predator"],"special_seed":0,"relics":["Ring of the Snake","Golden Idol","Centennial Puzzle","Sundial","Omamori","Prayer Wheel"],"potions_floor_usage":[],"damage_taken":[{"damage":1.0,"enemies":"Cultist","floor":1.0,"turns":4.0},{"damage":3.0,"enemies":"Jaw Worm","floor":2.0,"turns":2.0},{"damage":0.0,"enemies":"Small Slimes","floor":3.0,"turns":4.0},{"damage":14.0,"enemies":"Exordium Wildlife","floor":4.0,"turns":4.0},{"damage":5.0,"enemies":"3 Sentries","floor":6.0,"turns":9.0},{"damage":2.0,"enemies":"Blue Slaver","floor":8.0,"turns":4.0},{"damage":9.0,"enemies":"2 Fungi Beasts","floor":11.0,"turns":4.0},{"damage":9.0,"enemies":"Red Slaver","floor":12.0,"turns":3.0},{"damage":9.0,"enemies":"Looter","floor":13.0,"turns":4.0},{"damage":6.0,"enemies":"Lagavulin","floor":14.0,"turns":7.0},{"damage":24,"enemies":"The Guardian","floor":16,"turns":8}],"seed_played":"-5164753870131728532","potions_obtained":[{"floor":2.0,"key":"Energy Potion"},{"floor":4.0,"key":"Regen Potion"},{"floor":6.0,"key":"SkillPotion"},{"floor":12.0,"key":"Ancient Potion"}],"is_trial":false,"path_per_floor":["M","M","M","M","?","E","R","M","T","$","M","M","M","E","R"],"character_chosen":"THE_SILENT","items_purchased":["Omamori"],"campfire_rested":1,"item_purchase_floors":[10],"current_hp_per_floor":[62,59,59,45,24,34,59,57,57,57,48,39,30,24,24,0],"gold":160,"neow_bonus":"TWENTY_PERCENT_HP_BONUS","is_prod":false,"is_daily":false,"chose_seed":false,"campfire_upgraded":1,"win_rate":0,"timestamp":1539752478,"path_taken":["M","M","?","M","?","E","R","M","T","$","M","?","M","E","R","BOSS"],"build_version":"2018-10-15v2","purchased_purges":1,"victory":false,"max_hp_per_floor":[84,84,84,84,84,84,84,84,84,84,84,84,84,84,84,84],"card_choices":[{"not_picked":["Sucker Punch","Flying Knee"],"picked":"Flechettes","floor":1.0},{"not_picked":["Flying Knee","Setup"],"picked":"Infinite Blades","floor":2.0},{"not_picked":["Predator","Acrobatics"],"picked":"Infinite Blades","floor":3.0},{"not_picked":["Riddle With Holes","Tactician"],"picked":"Infinite Blades","floor":4.0},{"not_picked":["Distraction","Bouncing Flask"],"picked":"Accuracy","floor":6.0},{"not_picked":["Reflex","Underhanded Strike"],"picked":"Escape Plan","floor":8.0},{"not_picked":["Sucker Punch","Underhanded Strike"],"picked":"Cloak And Dagger","floor":11.0},{"not_picked":["Setup","Doppelganger"],"picked":"PiercingWail","floor":12.0},{"not_picked":["Tactician","Blur"],"picked":"Sucker Punch","floor":13.0},{"not_picked":["PiercingWail","Phantasmal Killer"],"picked":"Predator","floor":14.0}],"player_experience":797578,"relics_obtained":[{"floor":6.0,"key":"Centennial Puzzle"},{"floor":9.0,"key":"Sundial"},{"floor":14.0,"key":"Prayer Wheel"}],"event_choices":[{"event_name":"Golden Idol","player_choice":"Take Damage","floor":5.0,"damage_taken":0.0}],"is_beta":true,"boss_relics":[],"items_purged_floors":[10],"is_endless":false,"potions_floor_spawned":[2,4,6,12],"killed_by":"The Guardian","ascension_level":0}