{"gold_per_floor":[115,133,150,150,163,193,193,205,205,232,249,284,284,324,324,444,394,408,408,432,357,357,401,401,401,475,2,2,37,60,74,74,205,205,223,348,154,154,170,170,210,238,273,308,361,373,0,0,0,0],"floor_reached":51,"playtime":2715,"items_purged":["Strike_R","Strike_R","Shame"],"score":1170,"play_id":"c3b19e36-4184-437c-96d8-a3944e50cbab","local_time":"20190326215129","is_ascension_mode":true,"campfire_choices":[{"data":"Anger","floor":7.0,"key":"SMITH"},{"data":"Disarm","floor":15.0,"key":"SMITH"},{"data":"Whirlwind","floor":24.0,"key":"SMITH"},{"data":"Inflame","floor":28.0,"key":"SMITH"},{"data":"Flame Barrier","floor":32.0,"key":"SMITH"},{"data":"Demon Form","floor":40,"key":"SMITH"},{"data":"Demon Form","floor":46,"key":"SMITH"},{"data":"Enlightenment","floor":49,"key":"SMITH"}],"neow_cost":"","seed_source_timestamp":0,"circlet_count":0,"master_deck":["Strike_R","Defend_R","Defend_R","Defend_R","Defend_R","Bash","Shrug It Off","Feel No Pain","Pummel","Clothesline","Whirlwind+1","Power Through","Headbutt","Shrug It Off","Inflame+1","Iron Wave","Disarm+1","Offering","strawberrySpire:PumpUp","Rage","Metallicize+1","Metallicize","Pummel","Reckless Charge","Burning Pact","Ghostly Armor+1","Flame Barrier+1","Demon Form+1","Wild Strike","strawberrySpire:Taunt+1","Demon Form+1","True Grit+1","Dropkick+1","Heavy Blade+1","Barricade","Enlightenment+1","Anger"],"special_seed":0,"relics":["Burning Blood","Orichalcum","Happy Flower","strawberrySpire:WyrmJar","Meat on the Bone","Bottled Flame","strawberrySpire:IronFlakes","strawberrySpire:PoopsieRoll","Golden Idol","Blood Vial","energizedSpire:HugeHouse","Juzu Bracelet","Omamori","Sundial","Gremlin Horn","Strawberry","Runic Cube","Mango","DollysMirror","MawBank","Dream Catcher","Ornamental Fan","Oddly Smooth Stone"],"potions_floor_usage":[35,36,42,44,45,50],"damage_taken":[{"damage":3.0,"enemies":"Jaw Worm","floor":1.0,"turns":3.0},{"damage":0.0,"enemies":"2 Louse","floor":2.0,"turns":5.0},{"damage":9.0,"enemies":"Small Slimes","floor":3.0,"turns":3.0},{"damage":4.0,"enemies":"Blue Slaver","floor":5.0,"turns":4.0},{"damage":1.0,"enemies":"3 Sentries","floor":6.0,"turns":7.0},{"damage":4.0,"enemies":"Large Slime","floor":8.0,"turns":5.0},{"damage":0.0,"enemies":"Gremlin Nob","floor":10.0,"turns":2.0},{"damage":11.0,"enemies":"Red Slaver","floor":11.0,"turns":3.0},{"damage":3.0,"enemies":"3 Sentries","floor":12.0,"turns":4.0},{"damage":19.0,"enemies":"Lagavulin","floor":14.0,"turns":6.0},{"damage":8.0,"enemies":"Hexaghost","floor":16.0,"turns":10.0},{"damage":13.0,"enemies":"Shell Parasite","floor":18.0,"turns":5.0},{"damage":6.0,"enemies":"Chosen","floor":20.0,"turns":4.0},{"damage":23.0,"enemies":"Gremlin Leader","floor":23.0,"turns":8.0},{"damage":20.0,"enemies":"strawberrySpire:AncientClocktower","floor":29.0,"turns":10.0},{"damage":16.0,"enemies":"Snecko","floor":30.0,"turns":4.0},{"damage":10.0,"enemies":"Centurion and Healer","floor":31.0,"turns":5.0},{"damage":23.0,"enemies":"Automaton","floor":33.0,"turns":12.0},{"damage":13,"enemies":"Orb Walker","floor":35,"turns":5},{"damage":20,"enemies":"Mind Bloom Boss Battle","floor":36,"turns":6},{"damage":0,"enemies":"3 Shapes","floor":39,"turns":1},{"damage":43,"enemies":"Nemesis","floor":41,"turns":5},{"damage":24,"enemies":"Maw","floor":42,"turns":7},{"damage":38,"enemies":"Jaw Worm Horde","floor":44,"turns":5},{"damage":16,"enemies":"Reptomancer","floor":45,"turns":4},{"damage":57,"enemies":"Awakened One","floor":50,"turns":12}],"seed_played":"-4496139849377498423","potions_obtained":[{"floor":1.0,"key":"SteroidPotion"},{"floor":3.0,"key":"EssenceOfSteel"},{"floor":6.0,"key":"Strength Potion"},{"floor":8.0,"key":"Explosive Potion"},{"floor":18.0,"key":"Fire Potion"},{"floor":20.0,"key":"Strength Potion"},{"floor":29.0,"key":"Explosive Potion"},{"floor":31.0,"key":"GamblersBrew"},{"floor":35,"key":"AttackPotion"},{"floor":36,"key":"BloodPotion"},{"floor":38,"key":"Energy Potion"},{"floor":38,"key":"Poison Potion"},{"floor":42,"key":"FearPotion"},{"floor":45,"key":"Ancient Potion"}],"is_trial":false,"path_per_floor":["M","M","M","?","M","E","R","M","T","E","M","E","?","E","R","B",null,"M","?","M","?","?","E","R","?","T","$","R","E","M","M","R","B",null,"M","?","$","?","M","R","E","M","T","M","E","R","$","?","R","B",null],"character_chosen":"IRONCLAD","items_purchased":["Orichalcum","Happy Flower","Shrug It Off","Feel No Pain","strawberrySpire:WyrmJar","Pummel","Pummel","Reckless Charge","Gremlin Horn","DollysMirror","Enlightenment","Anger","Oddly Smooth Stone"],"campfire_rested":0,"item_purchase_floors":[0,0,0,0,0,0,27,27,27,37,47,47,47],"current_hp_per_floor":[80,80,77,70,72,77,77,79,79,80,76,80,60,49,49,52,75,70,70,73,73,73,61,61,61,61,61,61,62,56,56,56,56,82,76,83,83,83,91,91,63,61,61,56,62,62,62,86,86,57],"gold":0,"neow_bonus":"","is_prod":false,"is_daily":false,"chose_seed":false,"campfire_upgraded":8,"win_rate":0,"timestamp":1553626289,"path_taken":["M","M","M","?","M","E","R","M","T","E","M","E","?","E","R","BOSS","M","?","M","?","?","E","R","?","T","$","R","E","M","M","R","BOSS","M","?","$","?","M","R","E","M","T","M","E","R","$","?","R","BOSS"],"build_version":"2019-03-15","purchased_purges":3,"victory":true,"max_hp_per_floor":[80,80,80,80,80,80,80,80,80,80,80,80,80,80,80,80,75,75,75,75,75,75,75,75,75,75,75,75,82,82,82,82,82,82,82,96,96,96,96,96,96,96,96,96,96,96,96,96,96,96],"card_choices":[{"not_picked":["Warcry","Combust"],"picked":"Clothesline","floor":1.0},{"not_picked":["strawberrySpire:Endurance","Second Wind"],"picked":"Anger","floor":2.0},{"not_picked":["Warcry","Seeing Red"],"picked":"Whirlwind","floor":3.0},{"not_picked":["Dual Wield","Rupture"],"picked":"Power Through","floor":5.0},{"not_picked":["Perfected Strike","Rampage"],"picked":"Headbutt","floor":6.0},{"not_picked":["Pummel","Hemokinesis"],"picked":"Shrug It Off","floor":8.0},{"not_picked":["Infernal Blade","Shrug It Off"],"picked":"Inflame","floor":10.0},{"not_picked":["strawberrySpire:ZonePlayer","Perfected Strike"],"picked":"Iron Wave","floor":11.0},{"not_picked":["Anger","Thunderclap"],"picked":"Disarm","floor":12.0},{"not_picked":["Heavy Blade","Whirlwind","Headbutt"],"picked":"SKIP","floor":14.0},{"not_picked":["strawberrySpire:Harvest","Bludgeon"],"picked":"Offering","floor":16.0},{"not_picked":["Pommel Strike","Anger"],"picked":"Rage","floor":18.0},{"not_picked":["Uppercut","strawberrySpire:Endurance"],"picked":"Metallicize+1","floor":20.0},{"not_picked":["strawberrySpire:PowerStomp","Pummel"],"picked":"Metallicize","floor":23.0},{"not_picked":["Blood for Blood","Clothesline"],"picked":"Burning Pact","floor":29.0},{"not_picked":["Rage","Pommel Strike+1"],"picked":"Ghostly Armor+1","floor":30.0},{"not_picked":["Warcry","Perfected Strike"],"picked":"Flame Barrier","floor":31.0},{"not_picked":["Juggernaut","Brutality"],"picked":"Demon Form","floor":33.0},{"not_picked":["Clothesline","Rupture+1"],"picked":"Wild Strike","floor":35},{"not_picked":["Clothesline","strawberrySpire:Endurance"],"picked":"strawberrySpire:Taunt+1","floor":36},{"not_picked":["Twin Strike","Headbutt+1"],"picked":"True Grit+1","floor":39},{"not_picked":["Armaments","Juggernaut"],"picked":"Dropkick+1","floor":41},{"not_picked":["Thunderclap+1","Hemokinesis"],"picked":"Heavy Blade+1","floor":42},{"not_picked":["Sever Soul","Cleave","Headbutt+1"],"picked":"SKIP","floor":44},{"not_picked":["strawberrySpire:DraftPunk","Clothesline"],"picked":"Barricade","floor":45}],"player_experience":1194883,"relics_obtained":[{"floor":6.0,"key":"Meat on the Bone"},{"floor":9.0,"key":"Bottled Flame"},{"floor":10.0,"key":"strawberrySpire:IronFlakes"},{"floor":12.0,"key":"strawberrySpire:PoopsieRoll"},{"floor":14.0,"key":"Blood Vial"},{"floor":23.0,"key":"Omamori"},{"floor":26.0,"key":"Sundial"},{"floor":29.0,"key":"Strawberry"},{"floor":36,"key":"Mango"},{"floor":41,"key":"MawBank"},{"floor":43,"key":"Dream Catcher"},{"floor":45,"key":"Ornamental Fan"}],"event_choices":[{"cards_removed":["Strike_R"],"damage_healed":0.0,"max_hp_gain":0.0,"max_hp_loss":0.0,"gold_gain":0.0,"event_name":"Golden Wing","player_choice":"Card Removal","floor":4.0,"gold_loss":0.0,"damage_taken":7.0},{"damage_healed":0.0,"max_hp_gain":0.0,"max_hp_loss":0.0,"gold_gain":0.0,"event_name":"Golden Idol","player_choice":"Take Damage","floor":13.0,"gold_loss":0.0,"damage_taken":20.0,"relics_obtained":["Golden Idol"]},{"damage_healed":0.0,"max_hp_gain":0.0,"max_hp_loss":0.0,"gold_gain":0.0,"event_name":"The Mausoleum","player_choice":"Opened","floor":19.0,"gold_loss":0.0,"damage_taken":0.0,"relics_obtained":["Juzu Bracelet"]},{"cards_removed":["Strike_R"],"damage_healed":0.0,"max_hp_gain":0.0,"max_hp_loss":0.0,"gold_gain":0.0,"event_name":"Beggar","player_choice":"Gave Gold","floor":21.0,"gold_loss":75.0,"damage_taken":0.0},{"damage_healed":0.0,"max_hp_gain":0.0,"max_hp_loss":0.0,"gold_gain":0.0,"event_name":"Vampires","player_choice":"Ignored","floor":22.0,"gold_loss":0.0,"damage_taken":0.0},{"damage_healed":0.0,"max_hp_gain":0.0,"max_hp_loss":0.0,"gold_gain":0.0,"event_name":"Ghosts","player_choice":"Ignored","floor":25.0,"gold_loss":0.0,"damage_taken":0.0},{"damage_healed":0,"gold_gain":0,"player_choice":"Fight","damage_taken":0,"max_hp_gain":0,"max_hp_loss":0,"event_name":"MindBloom","floor":36,"gold_loss":0},{"damage_healed":0,"gold_gain":0,"player_choice":"Got Potions","damage_taken":0,"max_hp_gain":0,"max_hp_loss":0,"event_name":"Lab","floor":38,"gold_loss":0},{"damage_healed":24,"gold_gain":0,"player_choice":"Writhe","damage_taken":0,"max_hp_gain":0,"max_hp_loss":0,"event_name":"Winding Halls","floor":48,"gold_loss":0,"cards_obtained":["Writhe"]}],"is_beta":true,"boss_relics":[{"not_picked":["Runic Dome","Runic Pyramid"],"picked":"energizedSpire:HugeHouse"},{"not_picked":["Fusion Hammer","Velvet Choker"],"picked":"Runic Cube"}],"items_purged_floors":[0,27,47],"is_endless":false,"potions_floor_spawned":[1,3,6,8,18,20,29,31,35,36,42,45],"ascension_level":2}