{"gold_per_floor":[113,131,145,158,5,338,338,358,358,383,383,396,396,396,396,494,494,505,505,523,348,371,371,646,659,682,712,712,712,723,739,739,836,836,846,846,846,860,860,860,860,893,919,936,102,102,24,41,41,41,41,41,41,69,69],"floor_reached":55,"playtime":4784,"items_purged":["Strike_B","Regret"],"score":836,"play_id":"91ed4a30-ee5f-463b-ab3f-63e568a1c8fb","local_time":"20190208140908","is_ascension_mode":true,"campfire_choices":[{"data":"Rainbow","floor":7,"key":"SMITH"},{"data":"strawberrySpire:AnotherWinter","floor":11,"key":"SMITH"},{"data":"strawberrySpire:Compressor","floor":13,"key":"SMITH"},{"data":"Self Repair","floor":15,"key":"SMITH"},{"data":"strawberrySpire:Refactor","floor":23,"key":"SMITH"},{"data":"strawberrySpire:AnotherWinter","floor":28,"key":"SMITH"},{"data":"Barrage","floor":32,"key":"SMITH"},{"floor":41,"key":"REST"},{"data":"Fission","floor":46,"key":"SMITH"},{"floor":49,"key":"RECALL"},{"data":"strawberrySpire:Ronchyble","floor":52,"key":"SMITH"}],"neow_cost":"NONE","seed_source_timestamp":1010734169195283,"circlet_count":0,"master_deck":["Strike_B","Strike_B","Strike_B","Defend_B+1","Defend_B+1","Defend_B","Defend_B","Zap","Dualcast","Rainbow+1","strawberrySpire:Adapter","Ball Lightning","Conserve Battery","Go for the Eyes","Self Repair+1","Leap","strawberrySpire:Compressor+1","strawberrySpire:AnotherWinter+1","Coolheaded","strawberrySpire:Refactor+1","Injury","Sunder+1","Leap","Rebound+1","strawberrySpire:AnotherWinter+1","strawberrySpire:Adapter+1","Barrage+1","Fission+1","strawberrySpire:AngeryBot","Madness","Madness","strawberrySpire:AnotherWinter+1","Redo+1","strawberrySpire:AnotherWinter+1","strawberrySpire:AnotherWinter+1","strawberrySpire:SearchEngine","Rebound","strawberrySpire:BlasterWyrm","strawberrySpire:Ronchyble","strawberrySpire:Ronchyble+1","Steam","Defragment","Fission"],"relics":["Cracked Core","Old Coin","Omamori","Bag of Marbles","Calling Bell","Ancient Tea Set","Matryoshka","Gambling Chip","theJungle:ShellPeas","PreservedInsect","War Paint","Dodecahedron","Centennial Puzzle","Blood Vial","strawberrySpire:CapacitorDischarge","Regal Pillow","Bottled Lightning","strawberrySpire:ShipInABottle","Pen Nib"],"potions_floor_usage":[6,10,16,20,27,27,33,38,38,50,50],"damage_taken":[{"damage":0,"enemies":"2 Louse","floor":1,"turns":2},{"damage":4,"enemies":"Small Slimes","floor":2,"turns":3},{"damage":6,"enemies":"Jaw Worm","floor":3,"turns":3},{"damage":10,"enemies":"Blue Slaver","floor":4,"turns":2},{"damage":6,"enemies":"Lagavulin","floor":6,"turns":10},{"damage":0,"enemies":"Large Slime","floor":8,"turns":6},{"damage":18,"enemies":"3 Sentries","floor":10,"turns":8},{"damage":2,"enemies":"Exordium Thugs","floor":12,"turns":3},{"damage":5,"enemies":"Slime Boss","floor":16,"turns":11},{"damage":14,"enemies":"theJungle:Flameango_and_Byrd","floor":18,"turns":7},{"damage":1,"enemies":"theJungle:GiantWrat","floor":20,"turns":2},{"damage":14,"enemies":"theJungle:Lyon","floor":25,"turns":5},{"damage":10,"enemies":"theJungle:2_Phrogs","floor":27,"turns":8},{"damage":2,"enemies":"theJungle:SlimyTreeVines","floor":30,"turns":11},{"damage":9,"enemies":"theJungle:2_Snecko_Cultists","floor":31,"turns":5},{"damage":0,"enemies":"theJungle:FunGuy","floor":33,"turns":10},{"damage":10,"enemies":"Orb Walker","floor":35,"turns":4},{"damage":11,"enemies":"3 Shapes","floor":38,"turns":3},{"damage":32,"enemies":"Reptomancer","floor":42,"turns":10},{"damage":18,"enemies":"3 Darklings","floor":44,"turns":8},{"damage":6,"enemies":"Maw","floor":48,"turns":8},{"damage":27,"enemies":"Awakened One","floor":50,"turns":21},{"damage":26,"enemies":"Shield and Spear","floor":54,"turns":11},{"damage":80,"enemies":"The Heart","floor":55,"turns":15}],"seed_played":"3150740419408546192","potions_obtained":[{"floor":3,"key":"Poison Potion"},{"floor":6,"key":"FearPotion"},{"floor":8,"key":"EssenceOfSteel"},{"floor":12,"key":"Weak Potion"},{"floor":16,"key":"SteroidPotion"},{"floor":20,"key":"AttackPotion"},{"floor":27,"key":"Explosive Potion"},{"floor":31,"key":"FocusPotion"},{"floor":35,"key":"Explosive Potion"},{"floor":44,"key":"Block Potion"}],"is_trial":false,"path_per_floor":["M","M","M","M","$","E","R","M","T","E","R","M","R","?","R","B",null,"M","?","M","?","T","R","?","M","T","E","R","?","M","M","R","B",null,"M","?","?","M","?","?","R","E","T","M","$","R","$","M","R","B",null,"R","$","E","B"],"character_chosen":"DEFECT","items_purchased":["Self Repair","strawberrySpire:Ronchyble","Block Potion","Steam","Bottled Lightning","strawberrySpire:ShipInABottle","Defragment"],"campfire_rested":1,"item_purchase_floors":[5,45,45,45,45,45,47],"current_hp_per_floor":[75,71,65,55,55,56,56,63,63,52,52,57,57,62,62,67,80,76,68,80,80,80,80,80,76,76,76,76,76,80,80,80,80,80,80,70,70,61,34,34,58,38,38,32,32,32,32,38,38,23,80,80,80,64,0],"gold":69,"neow_bonus":"ONE_RANDOM_RARE_CARD","is_prod":false,"is_daily":false,"chose_seed":false,"campfire_upgraded":9,"win_rate":0,"timestamp":1549624148,"path_taken":["M","M","M","M","$","E","R","M","T","E","R","M","R","?","R","BOSS","M","?","M","?","?","R","?","?","T","E","R","?","M","M","R","BOSS","M","?","?","?","?","?","R","E","T","?","?","R","$","M","R","BOSS","R","$","E","BOSS"],"build_version":"2019-02-06","purchased_purges":2,"victory":false,"max_hp_per_floor":[75,75,75,75,75,75,75,75,75,75,75,75,75,80,80,80,80,80,80,80,80,80,80,80,80,80,80,80,80,80,80,80,80,80,80,80,80,80,80,80,80,80,80,80,80,80,80,80,80,80,80,80,80,80,80],"card_choices":[{"not_picked":["Skim","Gash"],"picked":"strawberrySpire:Adapter","floor":1},{"not_picked":["Rip and Tear","Loop"],"picked":"Ball Lightning","floor":2},{"not_picked":["Force Field","Hello World"],"picked":"Conserve Battery","floor":3},{"not_picked":["Stack","Auto Shields"],"picked":"Go for the Eyes","floor":4},{"not_picked":["Heatsinks","Reprogram"],"picked":"Leap","floor":6},{"not_picked":["Rebound","Beam Cell"],"picked":"strawberrySpire:Compressor","floor":8},{"not_picked":["Barrage","Glacier"],"picked":"strawberrySpire:AnotherWinter","floor":10},{"not_picked":["BootSequence","Double Energy"],"picked":"Coolheaded","floor":12},{"not_picked":["Machine Learning","Buffer"],"picked":"strawberrySpire:Refactor","floor":16},{"not_picked":["strawberrySpire:HateBit","strawberrySpire:NeonFlight"],"picked":"Sunder+1","floor":18},{"not_picked":["strawberrySpire:Adapter","Gash"],"picked":"Leap","floor":20},{"not_picked":["Reprogram","Genetic Algorithm"],"picked":"Rebound+1","floor":25},{"not_picked":["Double Energy","Conserve Battery"],"picked":"strawberrySpire:AnotherWinter","floor":27},{"not_picked":["Go for the Eyes+1","Leap+1"],"picked":"strawberrySpire:Adapter+1","floor":30},{"not_picked":["Compile Driver","Gash"],"picked":"Barrage","floor":31},{"not_picked":["Seek","Machine Learning"],"picked":"Fission","floor":33},{"not_picked":["strawberrySpire:FocalLaser","Leap"],"picked":"strawberrySpire:AngeryBot","floor":35},{"not_picked":["Coolheaded+1","strawberrySpire:Disconnect+1"],"picked":"Redo+1","floor":38},{"not_picked":["Conserve Battery","Consume"],"picked":"strawberrySpire:BlasterWyrm","floor":42},{"not_picked":["Loop+1","strawberrySpire:DataDump"],"picked":"strawberrySpire:Ronchyble","floor":44},{"not_picked":["Heatsinks","Streamline+1","Melter"],"picked":"SKIP","floor":48},{"not_picked":["strawberrySpire:NeonFlight+1","Streamline+1"],"picked":"Fission","floor":54}],"player_experience":1127418,"relics_obtained":[{"floor":6,"key":"Old Coin"},{"floor":9,"key":"Omamori"},{"floor":10,"key":"Bag of Marbles"},{"floor":17,"key":"Ancient Tea Set"},{"floor":17,"key":"Matryoshka"},{"floor":17,"key":"Gambling Chip"},{"floor":22,"key":"PreservedInsect"},{"floor":22,"key":"War Paint"},{"floor":26,"key":"Dodecahedron"},{"floor":26,"key":"Centennial Puzzle"},{"floor":27,"key":"Blood Vial"},{"floor":42,"key":"Regal Pillow"},{"floor":54,"key":"Pen Nib"}],"event_choices":[{"damage_healed":0,"gold_gain":0,"player_choice":"Donut","damage_taken":0,"max_hp_gain":5,"max_hp_loss":0,"event_name":"Big Fish","floor":14,"gold_loss":0},{"damage_healed":0,"gold_gain":275,"player_choice":"Desecrate","damage_taken":0,"max_hp_gain":0,"max_hp_loss":0,"event_name":"Golden Shrine","floor":24,"gold_loss":0,"cards_obtained":["Regret"]},{"damage_healed":0,"gold_gain":0,"player_choice":"Embrace Madness","damage_taken":10,"max_hp_gain":0,"max_hp_loss":0,"event_name":"Winding Halls","floor":36,"gold_loss":0,"cards_obtained":["Madness","Madness"]},{"damage_healed":0,"gold_gain":0,"player_choice":"Copied","damage_taken":0,"max_hp_gain":0,"max_hp_loss":0,"event_name":"Duplicator","floor":37,"gold_loss":0,"cards_obtained":["strawberrySpire:AnotherWinter"]},{"damage_healed":0,"gold_gain":0,"player_choice":"2 cards matched","damage_taken":0,"max_hp_gain":0,"max_hp_loss":0,"event_name":"Match and Keep!","floor":40,"gold_loss":0,"cards_obtained":["strawberrySpire:SearchEngine","Rebound"]}],"is_beta":true,"boss_relics":[{"not_picked":["Eternal Feather","Lizard Tail"],"picked":"Calling Bell"},{"not_picked":["Black Star","Snecko Eye"],"picked":"strawberrySpire:CapacitorDischarge"}],"items_purged_floors":[5,45],"is_endless":false,"potions_floor_spawned":[3,6,8,12,16,20,25,27,31,35,44],"killed_by":"The Heart","ascension_level":1}