{"path_per_floor":["M","?","M","?","M","R","M","E","T","?","M","M","T","M","R","B",null,"M","$","$","?","M","E","?","$","T","M","R","M","R","M","R","B",null,"M","M","?","$","M","R"],"character_chosen":"DEFECT","items_purchased":["Happy Flower","Dead Branch","War Paint","Capacitor","Whetstone"],"gold_per_floor":[117,117,136,136,149,149,163,195,218,218,237,254,254,272,272,373,673,687,490,2,2,12,47,47,24,24,39,39,57,57,67,67,167,167,184,198,198,3,18,18,18],"floor_reached":41,"campfire_rested":0,"playtime":4055,"current_hp_per_floor":[65,53,47,52,50,50,50,27,27,27,27,19,19,19,19,11,80,51,51,51,51,51,14,80,80,80,73,73,54,54,52,52,10,80,73,80,80,80,80,80,0],"items_purged":["Pain","Regret","Writhe"],"gold":18,"score":415,"play_id":"1810b56a-f97d-4714-9964-71e242f9a99f","local_time":"20180428001920","is_prod":false,"is_daily":false,"chose_seed":false,"is_ascension_mode":false,"campfire_upgraded":6,"timestamp":1524863960,"path_taken":["M","?","M","?","M","R","M","E","T","?","M","?","?","M","R","BOSS","M","?","$","?","M","E","?","?","T","M","R","M","R","M","R","BOSS","M","M","?","$","M","R","E"],"build_version":"2018-04-26v2","seed_source_timestamp":726027106598437,"purchased_purges":4,"victory":false,"master_deck":["Strike_B+1","Defend_B","Defend_B+1","Defend_B","Defend_B+1","Zap+1","Dualcast","Allocate+1","Leap","Gash","Hello World","Cold Snap+1","Ball Lightning","Reboot","Stack+1","Leap","Fission+1","Hologram+1","Undo+1","Capacitor","Leap+1","White Noise+1","Cold Snap+1","Prime","Creative AI+1","Undo+1","Coolheaded+1","Heatsinks+1","Self Repair+1","Glacier+1","Impulse+1"],"max_hp_per_floor":[75,75,75,80,80,80,80,80,80,80,80,80,80,80,80,80,80,80,80,80,80,80,80,80,80,80,80,80,80,80,80,80,80,80,80,80,80,80,80,80,80],"relics":["Cracked Core","Orichalcum","Ancient Tea Set","Prayer Wheel","Smiling Mask","Calling Bell","Oddly Smooth Stone","Molten Egg 2","Old Coin","Happy Flower","Dead Branch","War Paint","Bird Faced Urn","Gremlin Horn","Astrolabe","Whetstone"],"card_choices":[{"not_picked":["Double Energy","Go for the Eyes"],"picked":"Allocate","floor":1},{"not_picked":["Go for the Eyes","Flux Capacitor"],"picked":"Leap","floor":3},{"not_picked":["Capacitor","Force Field"],"picked":"Gash","floor":5},{"not_picked":["Ball Lightning","Streamline"],"picked":"Hello World","floor":7},{"not_picked":["Streamline","Impulse"],"picked":"Cold Snap","floor":8},{"not_picked":["Conserve Battery","Go for the Eyes"],"picked":"Ball Lightning","floor":11},{"not_picked":["Hello World","Streamline"],"picked":"Reboot","floor":12},{"not_picked":["Heatsinks","Leap"],"picked":"Stack","floor":13},{"not_picked":["Stack","Force Field"],"picked":"Leap","floor":14},{"not_picked":["Fusion","Machine Learning"],"picked":"Fission","floor":16},{"not_picked":["Streamline","Steam Power"],"picked":"Hologram","floor":18},{"not_picked":["Streamline","Blizzard"],"picked":"Undo","floor":22},{"not_picked":["Capacitor","Stack"],"picked":"Leap","floor":26},{"not_picked":["Conserve Battery","Loop"],"picked":"White Noise","floor":27},{"not_picked":["Beam Cell","Hologram"],"picked":"Cold Snap","floor":29},{"not_picked":["Hologram","Leap"],"picked":"Prime","floor":31},{"not_picked":["Thunder Strike","Seek"],"picked":"Creative AI","floor":33},{"not_picked":["Leap","Ball Lightning"],"picked":"Self Repair","floor":35},{"not_picked":["Buffer","Storm"],"picked":"Glacier","floor":36},{"not_picked":["Streamline","Capacitor"],"picked":"Impulse","floor":39}],"player_experience":382909,"potions_floor_usage":[12,16,16,23,27,27,36,39,39,39],"damage_taken":[{"damage":10,"enemies":"Small Slimes","floor":1,"turns":4},{"damage":6,"enemies":"2 Louse","floor":3,"turns":3},{"damage":2,"enemies":"Jaw Worm","floor":5,"turns":4},{"damage":0,"enemies":"Large Slime","floor":7,"turns":5},{"damage":23,"enemies":"3 Sentries","floor":8,"turns":7},{"damage":0,"enemies":"Looter","floor":11,"turns":3},{"damage":8,"enemies":"Exordium Thugs","floor":12,"turns":3},{"damage":0,"enemies":"2 Fungi Beasts","floor":14,"turns":4},{"damage":8,"enemies":"The Guardian","floor":16,"turns":8},{"damage":29,"enemies":"3 Byrds","floor":18,"turns":6},{"damage":0,"enemies":"Chosen","floor":22,"turns":12},{"damage":37,"enemies":"Slavers","floor":23,"turns":8},{"damage":20,"enemies":"3 Cultists","floor":27,"turns":6},{"damage":33,"enemies":"Slaver and Parasite","floor":29,"turns":13},{"damage":10,"enemies":"Sentry and Sphere","floor":31,"turns":6},{"damage":65,"enemies":"Champ","floor":33,"turns":15},{"damage":57,"enemies":"3 Shapes","floor":35,"turns":6},{"damage":114,"enemies":"3 Darklings","floor":36,"turns":21},{"damage":32,"enemies":"4 Shapes","floor":39,"turns":12},{"damage":121,"enemies":"2 Orb Walkers","floor":41,"turns":8}],"event_choices":[{"event_name":"Scrap Ooze","player_choice":"success","floor":2,"damage_taken":12},{"event_name":"Big Fish","player_choice":"Donut","floor":4,"damage_taken":0},{"event_name":"Upgrade Shrine","player_choice":"Upgraded","floor":10,"damage_taken":0},{"event_name":"Addict","player_choice":"Ignored","floor":21,"damage_taken":0},{"event_name":"Wheel of Change","player_choice":"Full Heal","floor":24,"damage_taken":0},{"event_name":"Tomb of Lord Red Mask","player_choice":"Ignored","floor":37,"damage_taken":0}],"boss_relics":[{"not_picked":["White Beast Statue","Runic Dome"],"picked":"Calling Bell"},{"not_picked":["Eternal Feather","Runic Pyramid"],"picked":"Astrolabe"}],"potions_floor_spawned":[1,3,8,14,16,18,29,33,35,36],"seed_played":"-2200426450100525530","killed_by":"2 Orb Walkers","ascension_level":0,"is_trial":false}