{"gold_per_floor":[117,131,151,151,171,205,280,310,310,310],"floor_reached":10,"playtime":334,"items_purged":[],"score":82,"play_id":"7be32c05-d308-4342-aa86-13624d145e18","local_time":"20190210030035","is_ascension_mode":true,"campfire_choices":[],"neow_cost":"NONE","seed_source_timestamp":1147886017601403,"circlet_count":0,"master_deck":["Strike_B","Strike_B","Strike_B","Defend_B","Defend_B","Defend_B","Defend_B","Zap","Dualcast","Compile Driver","strawberrySpire:Adapter","strawberrySpire:Adapter","White Noise","Streamline","strawberrySpire:Adapter","Undo"],"relics":["Cracked Core","NeowsBlessing","Bottled Lightning","Bottled Flame","Girya"],"potions_floor_usage":[10],"damage_taken":[{"damage":0,"enemies":"2 Louse","floor":1,"turns":1},{"damage":0,"enemies":"Cultist","floor":2,"turns":1},{"damage":0,"enemies":"Jaw Worm","floor":3,"turns":1},{"damage":8,"enemies":"Blue Slaver","floor":5,"turns":4},{"damage":35,"enemies":"strawberrySpire:EnergyPylons","floor":6,"turns":5},{"damage":14,"enemies":"Lagavulin","floor":8,"turns":5},{"damage":29,"enemies":"Gremlin Nob","floor":10,"turns":5}],"seed_played":"3364429241371135425","potions_obtained":[{"floor":1,"key":"FearPotion"}],"is_trial":false,"path_per_floor":["M","M","M","?","M","E","?","E","T","E"],"character_chosen":"DEFECT","items_purchased":[],"campfire_rested":0,"item_purchase_floors":[],"current_hp_per_floor":[75,75,75,75,67,32,21,7,7,0],"gold":310,"neow_bonus":"THREE_ENEMY_KILL","is_prod":false,"is_daily":false,"chose_seed":false,"campfire_upgraded":0,"win_rate":0,"timestamp":1549756835,"path_taken":["M","M","M","?","?","E","?","E","T","E"],"build_version":"2019-02-06","purchased_purges":0,"victory":false,"max_hp_per_floor":[75,75,75,75,75,75,75,75,75,75],"card_choices":[{"not_picked":["Double Energy","Gash"],"picked":"Compile Driver","floor":1},{"not_picked":["Streamline","Chill"],"picked":"strawberrySpire:Adapter","floor":2},{"not_picked":["Scrape","strawberrySpire:GearCrunch"],"picked":"strawberrySpire:Adapter","floor":3},{"not_picked":["Stack","Turbo"],"picked":"Streamline","floor":5},{"not_picked":["Lockon","strawberrySpire:NeonFlight"],"picked":"strawberrySpire:Adapter","floor":6},{"not_picked":["strawberrySpire:Adapter","Doom and Gloom"],"picked":"Undo","floor":8}],"player_experience":1135840,"relics_obtained":[{"floor":6,"key":"Bottled Lightning"},{"floor":8,"key":"Bottled Flame"},{"floor":9,"key":"Girya"}],"event_choices":[{"damage_healed":0,"gold_gain":0,"cards_transformed":["Strike_B"],"player_choice":"Transformed","damage_taken":0,"max_hp_gain":0,"max_hp_loss":0,"event_name":"Transmorgrifier","floor":4,"gold_loss":0,"cards_obtained":["White Noise"]},{"damage_healed":0,"gold_gain":75,"player_choice":"Gather Gold","damage_taken":11,"max_hp_gain":0,"max_hp_loss":0,"event_name":"World of Goop","floor":7,"gold_loss":0}],"is_beta":true,"boss_relics":[],"items_purged_floors":[],"is_endless":false,"potions_floor_spawned":[1],"killed_by":"Gremlin Nob","ascension_level":1}