{"gold_per_floor":[115,131,131,131,149,149,182,182,182,192,51,51,51,67,67,163,163,174,174,22,22,22,22,38,57,57,92,35,46,46,59,59,59],"floor_reached":33,"playtime":1332,"items_purged":["Strike_B"],"score":315,"play_id":"424ca44a-2350-440f-b0a7-a56569b17961","local_time":"20181018014334","is_ascension_mode":false,"campfire_choices":[{"floor":6,"key":"DIG"},{"data":"Redo","floor":8,"key":"SMITH"},{"data":"Fission","floor":15,"key":"SMITH"},{"data":"Hologram","floor":23,"key":"SMITH"},{"data":"Defragment","floor":32,"key":"SMITH"}],"neow_cost":"PERCENT_DAMAGE","seed_source_timestamp":323641214759354,"circlet_count":0,"master_deck":["Strike_B","Strike_B","Defend_B","Defend_B","Defend_B","Defend_B","Zap+1","Dualcast+1","Doom and Gloom","FTL+1","Redo+1","Glacier","Hologram+1","All For One","Beam Cell","White Noise","Fission+1","Seek","Turbo","Sweeping Beam","Sadistic Nature","Meteor Strike","Steam","Beam Cell","Rebound","Genetic Algorithm","Ball Lightning+1","Defragment+1","Gash","Gash+1","Buffer","Conserve Battery"],"relics":["Cracked Core","Shovel","The Courier","Smiling Mask","Lantern","Prayer Wheel","Sozu","Matryoshka","MutagenicStrength","Anchor","Shuriken","Oddly Smooth Stone"],"potions_floor_usage":[7,16,16],"damage_taken":[{"damage":0,"enemies":"Small Slimes","floor":1,"turns":3},{"damage":6,"enemies":"Cultist","floor":2,"turns":3},{"damage":0,"enemies":"2 Louse","floor":5,"turns":1},{"damage":18,"enemies":"Lagavulin","floor":7,"turns":5},{"damage":0,"enemies":"Large Slime","floor":10,"turns":6},{"damage":0,"enemies":"3 Louse","floor":14,"turns":3},{"damage":0,"enemies":"Slime Boss","floor":16,"turns":3},{"damage":0,"enemies":"Chosen","floor":18,"turns":4},{"damage":0,"enemies":"Spheric Guardian","floor":24,"turns":2},{"damage":5,"enemies":"Snecko","floor":25,"turns":4},{"damage":32,"enemies":"Gremlin Leader","floor":27,"turns":6},{"damage":8,"enemies":"Shelled Parasite and Fungi","floor":29,"turns":4},{"damage":0,"enemies":"3 Cultists","floor":31,"turns":3},{"damage":36,"enemies":"Champ","floor":33,"turns":6}],"seed_played":"5520822231239160422","potions_obtained":[{"floor":2,"key":"SpeedPotion"},{"floor":7,"key":"LiquidBronze"},{"floor":10,"key":"Strength Potion"},{"floor":16,"key":"Energy Potion"}],"is_trial":false,"path_per_floor":["M","M","?","?","M","R","E","R","T","M","$","?","?","M","R","B",null,"M","T","$","?","?","R","M","M","T","E","$","M","?","M","R"],"character_chosen":"DEFECT","items_purchased":["All For One","Beam Cell","Sadistic Nature","Defragment"],"campfire_rested":0,"item_purchase_floors":[11,11,20,28],"current_hp_per_floor":[54,48,48,33,33,33,15,15,15,15,15,15,15,15,15,15,75,75,75,75,75,75,75,75,70,70,38,38,30,30,30,30,0],"gold":59,"neow_bonus":"ONE_RARE_RELIC","is_prod":false,"is_daily":false,"chose_seed":false,"campfire_upgraded":4,"win_rate":0,"timestamp":1539816214,"path_taken":["M","M","?","?","M","R","E","R","T","M","$","?","?","M","R","BOSS","M","?","?","?","?","R","M","M","T","E","$","?","?","M","R","BOSS"],"build_version":"2018-10-17","purchased_purges":1,"victory":false,"max_hp_per_floor":[75,75,75,75,75,75,75,75,75,75,75,75,75,75,75,75,75,75,75,75,75,75,75,75,75,75,75,75,75,75,75,75,75],"card_choices":[{"not_picked":["Gash","Heatsinks"],"picked":"Doom and Gloom","floor":1},{"not_picked":["Rebound","Barrage"],"picked":"FTL","floor":2},{"not_picked":["Compile Driver","Blizzard"],"picked":"Redo","floor":5},{"not_picked":["Streamline","Barrage"],"picked":"Glacier","floor":7},{"not_picked":["Steam","Sweeping Beam"],"picked":"Hologram","floor":10},{"not_picked":["Skim","Tempest"],"picked":"White Noise","floor":14},{"not_picked":["Heatsinks","Coolheaded"],"picked":"Fission","floor":14},{"not_picked":["Reboot","Meteor Strike"],"picked":"Seek","floor":16},{"not_picked":["Leap","Hologram"],"picked":"Turbo","floor":18},{"not_picked":["Redo","Darkness"],"picked":"Sweeping Beam","floor":18},{"not_picked":["Stack+1","Leap"],"picked":"Steam","floor":24},{"not_picked":["Recycle","Coolheaded+1"],"picked":"Beam Cell","floor":24},{"not_picked":["Auto Shields","Leap"],"picked":"Rebound","floor":25},{"not_picked":["Thunder Strike","Beam Cell"],"picked":"Genetic Algorithm","floor":25},{"not_picked":["Lockon","Recycle"],"picked":"Ball Lightning+1","floor":27},{"not_picked":["Redo","Tempest"],"picked":"Gash","floor":29},{"not_picked":["Fusion","Chaos+1"],"picked":"Gash+1","floor":29},{"not_picked":["Beam Cell","Stack"],"picked":"Buffer","floor":31},{"not_picked":["Barrage","Go for the Eyes"],"picked":"Conserve Battery","floor":31}],"player_experience":800294,"relics_obtained":[{"floor":6,"key":"The Courier"},{"floor":7,"key":"Smiling Mask"},{"floor":9,"key":"Lantern"},{"floor":19,"key":"Matryoshka"},{"floor":26,"key":"Anchor"},{"floor":26,"key":"Shuriken"},{"floor":27,"key":"Oddly Smooth Stone"}],"event_choices":[{"damage_healed":0,"gold_gain":0,"player_choice":"Upgraded","damage_taken":0,"max_hp_gain":0,"max_hp_loss":0,"event_name":"Upgrade Shrine","floor":3,"gold_loss":0,"cards_upgraded":["Zap"]},{"damage_healed":0,"gold_gain":0,"player_choice":"Entered Light","damage_taken":15,"max_hp_gain":0,"max_hp_loss":0,"event_name":"Shining Light","floor":4,"gold_loss":0,"cards_upgraded":["Dualcast","FTL"]},{"damage_healed":0,"gold_gain":30,"player_choice":"Searched \u00272\u0027 times","damage_taken":0,"relics_obtained":["Prayer Wheel"],"max_hp_gain":0,"max_hp_loss":0,"event_name":"Dead Adventurer","floor":12,"gold_loss":0},{"damage_healed":0,"gold_gain":0,"player_choice":"Ignored","damage_taken":0,"max_hp_gain":0,"max_hp_loss":0,"event_name":"NoteForYourself","floor":13,"gold_loss":0},{"damage_healed":0,"gold_gain":0,"cards_transformed":["Strike_B"],"player_choice":"Transformed","damage_taken":0,"max_hp_gain":0,"max_hp_loss":0,"event_name":"Transmorgrifier","floor":21,"gold_loss":0,"cards_obtained":["Meteor Strike"]},{"damage_healed":0,"gold_gain":0,"player_choice":"Inject Mutagens","damage_taken":0,"relics_obtained":["MutagenicStrength"],"max_hp_gain":0,"max_hp_loss":0,"event_name":"Drug Dealer","floor":22,"gold_loss":0},{"damage_healed":0,"gold_gain":0,"player_choice":"Ignored","damage_taken":0,"max_hp_gain":0,"max_hp_loss":0,"event_name":"Beggar","floor":30,"gold_loss":0}],"is_beta":true,"boss_relics":[{"not_picked":["Nuclear Battery","Calling Bell"],"picked":"Sozu"}],"items_purged_floors":[11],"is_endless":false,"potions_floor_spawned":[2,7,10,16,18,25],"killed_by":"Champ","ascension_level":0}