{"gold_per_floor":[112,112,132,147,97,127,127,142,222,247,247,265,62,81,81,181,181,196,196,196,208,133,133],"floor_reached":23,"playtime":837,"items_purged":[],"score":211,"play_id":"52d04a9f-4621-453e-8a42-8e24b164a93b","local_time":"20190915040631","is_ascension_mode":true,"campfire_choices":[{"data":"Flame Barrier","floor":7,"key":"SMITH"},{"floor":11,"key":"REST"},{"data":"Iron Wave","floor":15,"key":"SMITH"}],"neow_cost":"NONE","seed_source_timestamp":265200736688899,"circlet_count":0,"master_deck":["Strike_R","Strike_R","Strike_R","Defend_R","Defend_R","Defend_R","Defend_R","Bash+1","Thunderclap+1","Cleave","Flame Barrier+1","Dual Wield","Reckless Charge","Shrug It Off","Whirlwind","Cleave","Iron Wave+1","Iron Wave","Immolate","Rampage+1","Iron Wave"],"relics":["Black Blood","Lizard Tail","Pantograph","Art of War","Juzu Bracelet","Self Forming Clay"],"potions_floor_usage":[12,14,23],"damage_taken":[{"damage":11,"enemies":"Jaw Worm","floor":1,"turns":5},{"damage":0,"enemies":"2 Louse","floor":3,"turns":2},{"damage":0,"enemies":"Small Slimes","floor":4,"turns":4},{"damage":26,"enemies":"3 Sentries","floor":6,"turns":6},{"damage":7,"enemies":"3 Louse","floor":8,"turns":3},{"damage":46,"enemies":"Lagavulin","floor":10,"turns":6},{"damage":15,"enemies":"Exordium Thugs","floor":12,"turns":3},{"damage":2,"enemies":"Exordium Wildlife","floor":14,"turns":6},{"damage":36,"enemies":"Slime Boss","floor":16,"turns":14},{"damage":45,"enemies":"Spheric Guardian","floor":18,"turns":6},{"damage":27,"enemies":"Shell Parasite","floor":21,"turns":6},{"damage":78,"enemies":"Gremlin Leader","floor":23,"turns":7}],"seed_played":"9095388625578209279","potions_obtained":[{"floor":4,"key":"Regen Potion"},{"floor":6,"key":"Explosive Potion"},{"floor":12,"key":"Ancient Potion"},{"floor":16,"key":"Regen Potion"}],"is_trial":false,"path_per_floor":["M","?","M","M","?","E","R","M","T","E","R","M","$","M","R","B",null,"M","?","?","M","?","E"],"character_chosen":"IRONCLAD","items_purchased":["Iron Wave","Juzu Bracelet"],"campfire_rested":1,"item_purchase_floors":[13,13],"current_hp_per_floor":[75,59,65,71,71,51,51,50,50,10,34,25,25,44,44,39,80,47,47,32,17,17,0],"gold":133,"neow_bonus":"THREE_CARDS","is_prod":false,"is_daily":false,"chose_seed":false,"campfire_upgraded":2,"win_rate":0,"timestamp":1568509591,"path_taken":["M","?","M","M","?","E","R","M","T","E","R","M","?","M","R","BOSS","M","?","?","M","?","E"],"build_version":"2019-09-12","purchased_purges":0,"victory":false,"max_hp_per_floor":[80,80,80,80,80,80,80,80,80,80,80,80,80,80,80,80,80,80,80,85,85,85,85],"card_choices":[{"not_picked":["Wild Strike","Havoc"],"picked":"Thunderclap","floor":0},{"not_picked":["Armaments","True Grit"],"picked":"Cleave","floor":1},{"not_picked":["Power Through","True Grit"],"picked":"Flame Barrier","floor":3},{"not_picked":["Perfected Strike","Intimidate"],"picked":"Dual Wield","floor":4},{"not_picked":["Battle Trance","Thunderclap"],"picked":"Reckless Charge","floor":6},{"not_picked":["Wild Strike","Armaments"],"picked":"Shrug It Off","floor":8},{"not_picked":["Dropkick","True Grit"],"picked":"Whirlwind","floor":10},{"not_picked":["Dual Wield","Rupture"],"picked":"Cleave","floor":12},{"not_picked":["Brutality","Hemokinesis"],"picked":"Iron Wave","floor":14},{"not_picked":["Exhume","Brutality"],"picked":"Immolate","floor":16},{"not_picked":["Seeing Red","Armaments"],"picked":"Rampage+1","floor":18},{"not_picked":["Warcry","Perfected Strike"],"picked":"Iron Wave","floor":21}],"player_experience":281798,"relics_obtained":[{"floor":6,"key":"Lizard Tail"},{"floor":9,"key":"Pantograph"},{"floor":10,"key":"Art of War"}],"event_choices":[{"damage_healed":0,"gold_gain":0,"player_choice":"Entered Light","damage_taken":16,"max_hp_gain":0,"max_hp_loss":0,"event_name":"Shining Light","floor":2,"gold_loss":0,"cards_upgraded":["Bash","Thunderclap"]},{"cards_removed":["Strike_R"],"damage_healed":0,"gold_gain":0,"player_choice":"Card Removal","damage_taken":0,"max_hp_gain":0,"max_hp_loss":0,"event_name":"The Cleric","floor":5,"gold_loss":50},{"damage_healed":0,"gold_gain":0,"player_choice":"Opened","damage_taken":0,"relics_obtained":["Self Forming Clay"],"max_hp_gain":0,"max_hp_loss":0,"event_name":"The Mausoleum","floor":19,"gold_loss":0},{"damage_healed":0,"gold_gain":0,"player_choice":"Shed Blood","damage_taken":20,"max_hp_gain":5,"max_hp_loss":0,"event_name":"Forgotten Altar","floor":20,"gold_loss":0},{"cards_removed":["Strike_R"],"damage_healed":0,"gold_gain":0,"player_choice":"Gave Gold","damage_taken":0,"max_hp_gain":0,"max_hp_loss":0,"event_name":"Beggar","floor":22,"gold_loss":75}],"is_beta":true,"boss_relics":[{"not_picked":["Empty Cage","Ectoplasm"],"picked":"Black Blood"}],"items_purged_floors":[],"is_endless":false,"potions_floor_spawned":[4,6,12,16],"killed_by":"Gremlin Leader","ascension_level":1}