{"gold_per_floor":[111,111,186,16,31,31,69,85,85,85,119,119,150,170,170,170],"floor_reached":16,"playtime":325,"items_purged":[],"score":150,"play_id":"b7f5dc32-8038-491e-911c-ea4e1e9f09b7","local_time":"20190915035158","is_ascension_mode":true,"campfire_choices":[{"data":"Bash","floor":6.0,"key":"SMITH"},{"data":"Feed","floor":10.0,"key":"SMITH"},{"data":"Spot Weakness","floor":12.0,"key":"SMITH"},{"data":"Iron Wave","floor":15,"key":"SMITH"}],"neow_cost":"NONE","seed_source_timestamp":0,"circlet_count":0,"master_deck":["Strike_R","Strike_R","Strike_R","Strike_R","Strike_R","Defend_R","Defend_R","Defend_R","Defend_R","Bash+1","Cleave","Headbutt","Feel No Pain","Dropkick","Spot Weakness+1","Headbutt","Feed+1","Infernal Blade","Ghostly Armor","Iron Wave+1"],"special_seed":0,"relics":["Burning Blood","NeowsBlessing","Golden Idol","The Courier","Pantograph","Smiling Mask","Ornamental Fan"],"potions_floor_usage":[],"damage_taken":[{"damage":0.0,"enemies":"Small Slimes","floor":1.0,"turns":1.0},{"damage":0.0,"enemies":"Jaw Worm","floor":5.0,"turns":1.0},{"damage":0.0,"enemies":"Gremlin Nob","floor":7.0,"turns":1.0},{"damage":1.0,"enemies":"2 Louse","floor":8.0,"turns":2.0},{"damage":33.0,"enemies":"3 Sentries","floor":11.0,"turns":4.0},{"damage":26.0,"enemies":"Lagavulin","floor":13.0,"turns":5.0},{"damage":16,"enemies":"Blue Slaver","floor":14,"turns":5},{"damage":38,"enemies":"The Guardian","floor":16,"turns":5}],"seed_played":"4547778782431696999","potions_obtained":[{"floor":8.0,"key":"Weak Potion"},{"floor":11.0,"key":"SmokeBomb"},{"floor":14,"key":"FearPotion"}],"is_trial":false,"path_per_floor":["M","?","?","$","M","R","E","M","T","R","E","R","E","M","R","B"],"character_chosen":"IRONCLAD","items_purchased":["Headbutt","Feel No Pain","Dropkick"],"campfire_rested":0,"item_purchase_floors":[4,4,4],"current_hp_per_floor":[80,60,49,49,55,55,61,66,66,66,39,39,19,13,13,0],"gold":170,"neow_bonus":"THREE_ENEMY_KILL","is_prod":false,"is_daily":false,"chose_seed":false,"campfire_upgraded":4,"win_rate":0,"timestamp":1568508718,"path_taken":["M","?","?","$","M","R","E","M","T","R","E","R","E","M","R","BOSS"],"build_version":"2019-09-12","purchased_purges":0,"victory":false,"max_hp_per_floor":[80,80,80,80,80,80,80,80,80,80,80,80,80,84,84,84],"card_choices":[{"not_picked":["Flex","Armaments"],"picked":"Cleave","floor":1.0},{"not_picked":["Headbutt","Body Slam"],"picked":"Spot Weakness","floor":5.0},{"not_picked":["Twin Strike","Heavy Blade"],"picked":"Headbutt","floor":7.0},{"not_picked":["Havoc","Burning Pact"],"picked":"Feed","floor":8.0},{"not_picked":["Wild Strike","Havoc"],"picked":"Infernal Blade","floor":11.0},{"not_picked":["Cleave","Intimidate"],"picked":"Ghostly Armor","floor":13},{"not_picked":["Power Through","Pommel Strike"],"picked":"Iron Wave","floor":14}],"player_experience":281473,"relics_obtained":[{"floor":7.0,"key":"The Courier"},{"floor":9.0,"key":"Pantograph"},{"floor":11.0,"key":"Smiling Mask"},{"floor":13,"key":"Ornamental Fan"}],"event_choices":[{"damage_healed":0.0,"max_hp_gain":0.0,"max_hp_loss":0.0,"gold_gain":0.0,"event_name":"Golden Idol","player_choice":"Take Damage","floor":2.0,"gold_loss":0.0,"damage_taken":20.0,"relics_obtained":["Golden Idol"]},{"damage_healed":0.0,"max_hp_gain":0.0,"max_hp_loss":0.0,"gold_gain":75.0,"event_name":"World of Goop","player_choice":"Gather Gold","floor":3.0,"gold_loss":0.0,"damage_taken":11.0}],"is_beta":true,"boss_relics":[],"items_purged_floors":[],"is_endless":false,"potions_floor_spawned":[8,11,14],"killed_by":"The Guardian","ascension_level":1}