{"gold_per_floor":[113,129,145,156,169,197,197,232,259,434,709,729,739,755,755,858,858,875,875,894,319,332,332,351,371,371,371,371,405,405,421,421,421],"floor_reached":33,"playtime":1762,"items_purged":["Doubt"],"score":288,"play_id":"be4e5da7-2981-479b-9e8a-80419d6e4396","local_time":"20180811042836","is_ascension_mode":false,"campfire_choices":[{"floor":7,"key":"REST"},{"data":"Rampage","floor":15,"key":"SMITH"},{"data":"Iron Wave","floor":23,"key":"SMITH"},{"data":"Body Slam","floor":27,"key":"SMITH"},{"data":"Heavy Blade","floor":30,"key":"SMITH"},{"data":"Pommel Strike","floor":32,"key":"SMITH"}],"neow_cost":"TEN_PERCENT_HP_LOSS","seed_source_timestamp":114898401449593,"circlet_count":0,"master_deck":["Strike_R","Strike_R","Strike_R","Strike_R","Strike_R","Defend_R","Defend_R","Bash","Bloodletting","Flame Barrier","Iron Wave","Pommel Strike+1","Cleave","Clothesline","Rampage+1","Flex+1","Heavy Blade+1","Regret","Spot Weakness+1","Sword Boomerang","Impervious+1","Exhume+1","Iron Wave+1","Body Slam+1","Iron Wave+1","Armaments+1","Flex+1","Headbutt"],"relics":["Burning Blood","Toxic Egg 2","Calipers","Oddly Smooth Stone","Eternal Feather","Anchor","Lantern","ClockworkSouvenir","Ancient Tea Set","Red Mask"],"potions_floor_usage":[13,14,16,18,20,29,33,33],"damage_taken":[{"damage":3,"enemies":"2 Louse","floor":1,"turns":2},{"damage":0,"enemies":"Small Slimes","floor":2,"turns":3},{"damage":3,"enemies":"Jaw Worm","floor":3,"turns":3},{"damage":12,"enemies":"Blue Slaver","floor":4,"turns":4},{"damage":12,"enemies":"Red Slaver","floor":5,"turns":4},{"damage":29,"enemies":"3 Sentries","floor":6,"turns":7},{"damage":10,"enemies":"Gremlin Nob","floor":8,"turns":4},{"damage":11,"enemies":"3 Louse","floor":12,"turns":4},{"damage":7,"enemies":"Exordium Wildlife","floor":13,"turns":3},{"damage":9,"enemies":"Looter","floor":14,"turns":3},{"damage":41,"enemies":"Slime Boss","floor":16,"turns":8},{"damage":22,"enemies":"2 Thieves","floor":18,"turns":5},{"damage":14,"enemies":"3 Byrds","floor":20,"turns":4},{"damage":27,"enemies":"Snake Plant","floor":22,"turns":6},{"damage":26,"enemies":"3 Cultists","floor":24,"turns":6},{"damage":1,"enemies":"Centurion and Healer","floor":25,"turns":5},{"damage":3,"floor":29,"turns":3},{"damage":4,"enemies":"Snecko","floor":31,"turns":3},{"damage":90,"enemies":"Champ","floor":33,"turns":12}],"seed_played":"-6343384374416027300","potions_obtained":[{"floor":2,"key":"Dexterity Potion"},{"floor":6,"key":"Block Potion"},{"floor":8,"key":"BloodPotion"},{"floor":16,"key":"Fruit Juice"},{"floor":18,"key":"LiquidBronze"},{"floor":22,"key":"Poison Potion"},{"floor":25,"key":"Block Potion"},{"floor":31,"key":"Ancient Potion"}],"is_trial":false,"path_per_floor":["M","M","M","M","M","E","R","E","T","?","?","M","M","M","R","B",null,"M","?","M","$","M","R","M","M","T","R","?","?","R","M","R"],"character_chosen":"IRONCLAD","items_purchased":["Anchor","Lantern","ClockworkSouvenir"],"campfire_rested":1,"item_purchase_floors":[21,21,21],"current_hp_per_floor":[72,72,72,66,60,37,58,54,54,54,54,49,55,52,52,17,72,61,61,53,53,32,47,27,32,32,47,47,50,65,67,77,0],"gold":421,"neow_bonus":"TRANSFORM_TWO_CARDS","is_prod":false,"is_daily":false,"chose_seed":false,"campfire_upgraded":5,"win_rate":0,"timestamp":1533950916,"path_taken":["M","M","M","M","M","E","R","E","T","?","?","?","M","M","R","BOSS","M","?","M","$","M","R","M","M","T","R","?","?","R","M","R","BOSS"],"build_version":"2018-08-08","purchased_purges":1,"victory":false,"max_hp_per_floor":[72,72,72,72,72,72,72,72,72,72,72,72,72,72,72,72,72,77,77,77,77,77,77,77,77,77,77,77,77,77,77,77,77],"card_choices":[{"not_picked":["Shrug It Off","Flex"],"picked":"Iron Wave","floor":1},{"not_picked":["Wild Strike","Corruption"],"picked":"Pommel Strike","floor":2},{"not_picked":["Intimidate","Twin Strike"],"picked":"Cleave","floor":3},{"not_picked":["Warcry","Iron Wave"],"picked":"Clothesline","floor":4},{"not_picked":["Warcry","Fiend Fire"],"picked":"Rampage","floor":5},{"not_picked":["Body Slam","Headbutt"],"picked":"Flex","floor":6},{"not_picked":["Flex+1","Rupture"],"picked":"Heavy Blade","floor":8},{"not_picked":["Twin Strike","Fire Breathing"],"picked":"Spot Weakness+1","floor":12},{"not_picked":["Feel No Pain","Cleave"],"picked":"Sword Boomerang","floor":13},{"not_picked":["Flame Barrier+1","Pommel Strike"],"picked":"Impervious+1","floor":14},{"not_picked":["Brutality","Dark Embrace"],"picked":"Exhume+1","floor":16},{"not_picked":["Sword Boomerang","Perfected Strike+1"],"picked":"Iron Wave","floor":18},{"not_picked":["Wild Strike","Pommel Strike"],"picked":"Body Slam","floor":20},{"not_picked":["Heavy Blade","Clash"],"picked":"Iron Wave+1","floor":22},{"not_picked":["Twin Strike+1","Wild Strike"],"picked":"Armaments+1","floor":24},{"not_picked":["Juggernaut","Sever Soul"],"picked":"Flex+1","floor":25},{"not_picked":["Thunderclap","Iron Wave"],"picked":"Headbutt","floor":29},{"not_picked":["Combust","Iron Wave","Perfected Strike"],"picked":"SKIP","floor":31}],"player_experience":612987,"relics_obtained":[{"floor":6,"key":"Toxic Egg 2"},{"floor":8,"key":"Calipers"},{"floor":9,"key":"Oddly Smooth Stone"},{"floor":26,"key":"Ancient Tea Set"},{"floor":29,"key":"Red Mask"}],"event_choices":[{"event_name":"Liars Game","player_choice":"agreed","floor":10,"damage_taken":0},{"event_name":"Golden Shrine","player_choice":"Desecrate","floor":11,"damage_taken":0},{"event_name":"Vampires","player_choice":"Ignored","floor":19,"damage_taken":0},{"event_name":"Ghosts","player_choice":"Ignored","floor":28,"damage_taken":0},{"event_name":"Masked Bandits","player_choice":"Fought Bandits","floor":29,"damage_taken":0}],"is_beta":true,"boss_relics":[{"not_picked":["Velvet Choker","Coffee Dripper"],"picked":"Eternal Feather"}],"items_purged_floors":[21],"is_endless":false,"potions_floor_spawned":[2,6,8,12,16,18,22,25,31],"killed_by":"Champ","ascension_level":0}