{"gold_per_floor":[113,131,142,142,67,93,93,126,172,172,202,221,221,237,237,339,339,354,9,9,28,44,44,44,44,44,55,154,179,179,207,207,311,311,325,325,345,361,26,61,74,106,129,129,129,202,48,80,80,80],"floor_reached":51,"playtime":2318,"items_purged":["Strike_G","Strike_G","Strike_G"],"score":931,"play_id":"4be76866-970f-4f35-8b08-fe0211655826","local_time":"20190806083253","is_ascension_mode":true,"campfire_choices":[{"data":"Dodge and Roll","floor":7,"key":"SMITH"},{"data":"Poisoned Stab","floor":10,"key":"SMITH"},{"data":"Deflect","floor":15,"key":"SMITH"},{"data":"Noxious Fumes","floor":23,"key":"SMITH"},{"data":"Dash","floor":25,"key":"SMITH"},{"data":"Well Laid Plans","floor":32,"key":"SMITH"},{"data":"Burst","floor":44,"key":"SMITH"},{"data":"Malaise","floor":49,"key":"SMITH"}],"neow_cost":"NONE","seed_source_timestamp":265338601961132,"circlet_count":0,"master_deck":["Strike_G","Defend_G","Defend_G","Defend_G+1","Defend_G","Defend_G","Survivor","Neutralize+1","Corpse Explosion","Dodge and Roll+1","Heel Hook","Poisoned Stab+1","Leg Sweep","Predator","Deflect+1","Malaise+1","Deadly Poison","Dash+1","Dodge and Roll+1","Noxious Fumes+1","Well Laid Plans+1","Poisoned Stab+1","Adrenaline","Catalyst","Blur+1","Escape Plan","PiercingWail","PiercingWail+1","Burst+1","Madness","Madness","Malaise+1"],"relics":["Ring of the Serpent","The Courier","Lantern","Pen Nib","Strawberry","War Paint","Tiny Chest","Bottled Flame","Question Card","Art of War","Bag of Marbles","Potion Belt","Runic Pyramid","Oddly Smooth Stone","Anchor","Pear","Dead Branch","Regal Pillow","Molten Egg 2"],"potions_floor_usage":[12,16,18,33,38,38,38,38,38,48,48,48],"damage_taken":[{"damage":3,"enemies":"Jaw Worm","floor":1,"turns":3},{"damage":0,"enemies":"Cultist","floor":2,"turns":4},{"damage":0,"enemies":"Small Slimes","floor":3,"turns":4},{"damage":9,"enemies":"3 Sentries","floor":6,"turns":3},{"damage":11,"enemies":"Gremlin Nob","floor":8,"turns":6},{"damage":9,"enemies":"3 Sentries","floor":11,"turns":4},{"damage":3,"enemies":"Gremlin Gang","floor":12,"turns":3},{"damage":0,"enemies":"Red Slaver","floor":14,"turns":3},{"damage":8,"enemies":"Hexaghost","floor":16,"turns":11},{"damage":0,"enemies":"Chosen","floor":18,"turns":5},{"damage":0,"enemies":"3 Byrds","floor":21,"turns":6},{"damage":13,"enemies":"Shelled Parasite and Fungi","floor":22,"turns":5},{"damage":0,"enemies":"Snake Plant","floor":27,"turns":5},{"damage":17,"enemies":"Gremlin Leader","floor":29,"turns":8},{"damage":8,"enemies":"Slavers","floor":31,"turns":4},{"damage":10,"enemies":"Champ","floor":33,"turns":14},{"damage":4,"enemies":"Orb Walker","floor":35,"turns":4},{"damage":9,"enemies":"3 Shapes","floor":37,"turns":3},{"damage":0,"enemies":"Transient","floor":38,"turns":5},{"damage":0,"enemies":"Nemesis","floor":40,"turns":7},{"damage":5,"enemies":"Sphere and 2 Shapes","floor":41,"turns":4},{"damage":6,"enemies":"Giant Head","floor":42,"turns":10},{"damage":11,"enemies":"Reptomancer","floor":48,"turns":11},{"damage":23,"enemies":"Time Eater","floor":50,"turns":10}],"seed_played":"6293278499930001963","potions_obtained":[{"floor":2,"key":"Energy Potion"},{"floor":8,"key":"LiquidBronze"},{"floor":11,"key":"AttackPotion"},{"floor":14,"key":"Strength Potion"},{"floor":18,"key":"SteroidPotion"},{"floor":21,"key":"Strength Potion"},{"floor":24,"key":"EntropicBrew"},{"floor":31,"key":"Dexterity Potion"},{"floor":38,"key":"EssenceOfSteel"},{"floor":40,"key":"SteroidPotion"}],"is_trial":false,"path_per_floor":["M","M","M","?","$","E","R","E","T","R","E","M","?","M","R","B",null,"M","$","T","M","M","R","?","R","T","M","?","E","T","E","R","B",null,"M","?","M","M","$","E","M","E","T","R","?","T","$","E","R","B",null],"character_chosen":"THE_SILENT","items_purchased":["Dash","War Paint","Tiny Chest","Oddly Smooth Stone","Escape Plan","Anchor","PiercingWail","Malaise"],"campfire_rested":0,"item_purchase_floors":[19,19,19,39,39,39,39,47],"current_hp_per_floor":[67,67,67,67,67,58,58,47,47,47,45,42,42,42,42,34,77,77,77,77,77,64,64,64,64,64,64,64,47,47,39,39,29,77,73,87,78,78,78,88,83,77,77,77,65,65,65,54,54,31],"gold":80,"neow_bonus":"ONE_RANDOM_RARE_CARD","is_prod":false,"is_daily":false,"chose_seed":false,"campfire_upgraded":8,"win_rate":0,"timestamp":1565069573,"path_taken":["M","M","M","?","?","E","R","E","T","R","E","?","?","?","R","BOSS","M","$","?","M","M","R","?","R","T","?","?","E","?","E","R","BOSS","M","?","?","M","$","E","?","E","T","R","?","?","$","E","R","BOSS"],"build_version":"2019-07-17","purchased_purges":3,"victory":true,"max_hp_per_floor":[70,70,70,70,70,70,70,70,70,70,77,77,77,77,77,77,77,77,77,77,77,77,77,77,77,77,77,77,77,77,77,77,77,77,77,87,87,87,87,97,97,97,97,97,97,97,97,97,97,97],"card_choices":[{"not_picked":["Bane","Calculated Gamble"],"picked":"Dodge and Roll","floor":1},{"not_picked":["Acrobatics","Slice"],"picked":"Heel Hook","floor":2},{"not_picked":["Backflip","Bane"],"picked":"Poisoned Stab","floor":3},{"not_picked":["Glass Knife","Prepared"],"picked":"Leg Sweep","floor":6},{"not_picked":["Night Terror","Choke","Quick Slash"],"picked":"SKIP","floor":8},{"not_picked":["Riddle With Holes","Slice","Heel Hook"],"picked":"SKIP","floor":11},{"not_picked":["Choke","Flying Knee"],"picked":"Predator","floor":12},{"not_picked":["Infinite Blades","Blade Dance"],"picked":"Deflect","floor":14},{"not_picked":["Wraith Form v2","Unload"],"picked":"Malaise","floor":16},{"not_picked":["Quick Slash","Masterful Stab"],"picked":"Deadly Poison","floor":18},{"not_picked":["PiercingWail","Wraith Form v2"],"picked":"Dodge and Roll+1","floor":21},{"not_picked":["Backstab","Poisoned Stab"],"picked":"Noxious Fumes","floor":22},{"not_picked":["Blade Dance","Flying Knee","Deadly Poison"],"picked":"Well Laid Plans","floor":27},{"not_picked":["Prepared","Blade Dance+1","Slice"],"picked":"Poisoned Stab+1","floor":29},{"not_picked":["Acrobatics","Quick Slash","Accuracy","Dagger Spray"],"picked":"SKIP","floor":31},{"not_picked":["After Image","Envenom","Doppelganger"],"picked":"Adrenaline","floor":33},{"not_picked":["Caltrops+1","Deadly Poison+1","Blade Dance"],"picked":"Catalyst","floor":35},{"not_picked":["Riddle With Holes","Blade Dance+1","Quick Slash+1"],"picked":"Blur+1","floor":37},{"not_picked":["Acrobatics","Deflect","Reflex","Accuracy"],"picked":"SKIP","floor":38},{"not_picked":["Prepared","Tactician+1","Reflex"],"picked":"PiercingWail+1","floor":40},{"not_picked":["Dagger Throw","Caltrops+1","Dodge and Roll"],"picked":"Burst","floor":41},{"not_picked":["Poisoned Stab+1","Backflip","Quick Slash","Predator+1"],"picked":"SKIP","floor":42},{"not_picked":["Crippling Poison","Poisoned Stab+1","Backflip","Finisher+1"],"picked":"SKIP","floor":48}],"player_experience":190868,"relics_obtained":[{"floor":6,"key":"The Courier"},{"floor":8,"key":"Lantern"},{"floor":9,"key":"Pen Nib"},{"floor":11,"key":"Strawberry"},{"floor":20,"key":"Bottled Flame"},{"floor":26,"key":"Question Card"},{"floor":29,"key":"Art of War"},{"floor":30,"key":"Bag of Marbles"},{"floor":31,"key":"Potion Belt"},{"floor":40,"key":"Pear"},{"floor":42,"key":"Dead Branch"},{"floor":43,"key":"Regal Pillow"},{"floor":48,"key":"Molten Egg 2"}],"event_choices":[{"damage_healed":0,"gold_gain":0,"player_choice":"Upgraded","damage_taken":0,"max_hp_gain":0,"max_hp_loss":0,"event_name":"Upgrade Shrine","floor":4,"gold_loss":0,"cards_upgraded":["Neutralize"]},{"damage_healed":0,"gold_gain":0,"cards_transformed":["Strike_G"],"player_choice":"Transformed","damage_taken":0,"max_hp_gain":0,"max_hp_loss":0,"event_name":"Transmorgrifier","floor":13,"gold_loss":0,"cards_obtained":["A Thousand Cuts"]},{"damage_healed":0,"gold_gain":0,"player_choice":"Got Potions","damage_taken":0,"max_hp_gain":0,"max_hp_loss":0,"event_name":"Lab","floor":24,"gold_loss":0},{"damage_healed":0,"gold_gain":99,"player_choice":"Stole From Cult","damage_taken":0,"max_hp_gain":0,"max_hp_loss":0,"event_name":"Nest","floor":28,"gold_loss":0},{"cards_removed":["A Thousand Cuts"],"damage_healed":4,"gold_gain":0,"player_choice":"Offered Rare","damage_taken":0,"max_hp_gain":10,"max_hp_loss":0,"event_name":"Bonfire Elementals","floor":36,"gold_loss":0},{"damage_healed":0,"gold_gain":0,"player_choice":"Embrace Madness","damage_taken":12,"max_hp_gain":0,"max_hp_loss":0,"event_name":"Winding Halls","floor":45,"gold_loss":0,"cards_obtained":["Madness","Madness"]}],"is_beta":false,"boss_relics":[{"not_picked":["Pandora\u0027s Box","Ectoplasm"],"picked":"Ring of the Serpent"},{"not_picked":["Velvet Choker","Tiny House"],"picked":"Runic Pyramid"}],"items_purged_floors":[5,19,47],"is_endless":false,"potions_floor_spawned":[2,8,11,14,18,21,27,31,38,40,41],"ascension_level":1}