{"gold_per_floor":[118,193,69,85,160,160,188,188,215,227,227,227,247,257,257,359,359,379,4,4,4,17,17],"floor_reached":23,"playtime":721,"items_purged":[],"score":225,"play_id":"86cb1d23-e3c2-4817-b113-1949605c7ca8","local_time":"20190914121456","is_ascension_mode":true,"campfire_choices":[{"data":"Zap","floor":6,"key":"SMITH"},{"data":"Capacitor","floor":8,"key":"SMITH"},{"data":"Streamline","floor":15,"key":"SMITH"}],"neow_cost":"NONE","seed_source_timestamp":208217123084300,"circlet_count":0,"master_deck":["Strike_B","Strike_B","Strike_B","Strike_B","Defend_B","Defend_B","Defend_B+1","Defend_B","Zap+1","Dualcast","Capacitor+1","Conserve Battery","Turbo+1","Go for the Eyes","Rebound","Chill+1","Regret","Streamline+1","Reboot+1","Rainbow","Ball Lightning","Loop","Mayhem","Shame","Glacier+1"],"relics":["Cracked Core","NeowsBlessing","Matryoshka","Pear","MealTicket","White Beast Statue","Philosopher\u0027s Stone","Chemical X","War Paint"],"potions_floor_usage":[],"damage_taken":[{"damage":0,"enemies":"Small Slimes","floor":1,"turns":1},{"damage":0,"enemies":"2 Louse","floor":4,"turns":1},{"damage":0,"enemies":"3 Sentries","floor":7,"turns":1},{"damage":0,"enemies":"Cultist","floor":10,"turns":4},{"damage":8,"enemies":"3 Louse","floor":13,"turns":4},{"damage":1,"enemies":"Large Slime","floor":14,"turns":5},{"damage":31,"enemies":"Hexaghost","floor":16,"turns":11},{"damage":2,"enemies":"Chosen","floor":18,"turns":4},{"damage":15,"enemies":"Spheric Guardian","floor":22,"turns":4},{"damage":74,"enemies":"Slavers","floor":23,"turns":6}],"seed_played":"-6510811142963086322","potions_obtained":[{"floor":1,"key":"LiquidBronze"},{"floor":10,"key":"FairyPotion"},{"floor":13,"key":"Explosive Potion"},{"floor":14,"key":"Dexterity Potion"},{"floor":16,"key":"LiquidBronze"},{"floor":18,"key":"Energy Potion"}],"is_trial":false,"path_per_floor":["M","?","$","M","?","R","E","R","T","M","?","?","M","M","R","B",null,"M","$","?","?","M","E"],"character_chosen":"DEFECT","items_purchased":["Conserve Battery","Turbo","Go for the Eyes","Loop","Mayhem","Chemical X"],"campfire_rested":0,"item_purchase_floors":[3,3,3,19,19,19],"current_hp_per_floor":[75,64,64,64,57,57,57,57,67,67,50,50,42,41,41,10,85,83,85,85,85,70,0],"gold":17,"neow_bonus":"THREE_ENEMY_KILL","is_prod":false,"is_daily":false,"chose_seed":false,"campfire_upgraded":3,"win_rate":0,"timestamp":1568452496,"path_taken":["M","?","$","M","?","R","E","R","T","?","?","?","M","M","R","BOSS","M","$","?","?","M","E"],"build_version":"2019-09-12","purchased_purges":0,"victory":false,"max_hp_per_floor":[75,75,75,75,75,75,75,75,85,85,85,85,85,85,85,85,85,85,85,85,85,85,85],"card_choices":[{"not_picked":["Lockon","Redo"],"picked":"Capacitor","floor":1},{"not_picked":["BootSequence","Barrage"],"picked":"Rebound","floor":4},{"not_picked":["Go for the Eyes","Barrage","Hello World"],"picked":"SKIP","floor":7},{"not_picked":["Go for the Eyes","Recycle"],"picked":"Chill","floor":10},{"not_picked":["Rebound","Turbo"],"picked":"Streamline","floor":13},{"not_picked":["Skim","Leap"],"picked":"Reboot","floor":14},{"not_picked":["Meteor Strike","Hyperbeam"],"picked":"Rainbow","floor":16},{"not_picked":["Storm","Turbo"],"picked":"Ball Lightning","floor":18},{"not_picked":["Coolheaded+1","Hologram+1"],"picked":"Glacier+1","floor":22}],"player_experience":280752,"relics_obtained":[{"floor":7,"key":"Matryoshka"},{"floor":9,"key":"Pear"},{"floor":9,"key":"MealTicket"}],"event_choices":[{"damage_healed":0,"gold_gain":75,"player_choice":"Gather Gold","damage_taken":11,"max_hp_gain":0,"max_hp_loss":0,"event_name":"World of Goop","floor":2,"gold_loss":0},{"damage_healed":0,"gold_gain":75,"player_choice":"Touch","damage_taken":7,"max_hp_gain":0,"max_hp_loss":0,"event_name":"FaceTrader","floor":5,"gold_loss":0},{"damage_healed":0,"gold_gain":0,"player_choice":"Entered Light","damage_taken":17,"max_hp_gain":0,"max_hp_loss":0,"event_name":"Shining Light","floor":11,"gold_loss":0,"cards_upgraded":["Defend_B","Chill"]},{"damage_healed":0,"gold_gain":0,"player_choice":"Box","damage_taken":0,"relics_obtained":["White Beast Statue"],"max_hp_gain":0,"max_hp_loss":0,"event_name":"Big Fish","floor":12,"gold_loss":0,"cards_obtained":["Regret"]},{"damage_healed":0,"gold_gain":0,"player_choice":"Ignored","damage_taken":0,"max_hp_gain":0,"max_hp_loss":0,"event_name":"Vampires","floor":20,"gold_loss":0},{"damage_healed":0,"gold_gain":0,"player_choice":"Stole Relic","damage_taken":0,"relics_obtained":["War Paint"],"max_hp_gain":0,"max_hp_loss":0,"event_name":"Addict","floor":21,"gold_loss":0,"cards_obtained":["Shame"]}],"is_beta":true,"boss_relics":[{"not_picked":["Fusion Hammer","SlaversCollar"],"picked":"Philosopher\u0027s Stone"}],"items_purged_floors":[],"is_endless":false,"potions_floor_spawned":[1,10,13,14,16,18,22],"killed_by":"Slavers","ascension_level":1}