{"gold_per_floor":[114,130,146,159,170,170,196,196,196,213,213,213,14,46,46,148,148,158,158,174,174,174,174,206,23,50,64,79,90,124,136,136,238,238,255,270,288,288,388,388,418,465,544,544,544,0,0,17,17,17],"floor_reached":51,"playtime":3823,"items_purged":["Strike_G","Strike_G"],"score":943,"play_id":"38680266-2e56-4d98-8d87-bd78056bbd4e","local_time":"20190410193940","is_ascension_mode":true,"campfire_choices":[{"data":"strawberrySpire:Dropbox","floor":6,"key":"SMITH"},{"data":"Malaise","floor":8,"key":"SMITH"},{"data":"Neutralize","floor":12,"key":"SMITH"},{"data":"strawberrySpire:Momentum","floor":15,"key":"SMITH"},{"data":"Flash of Steel","floor":23,"key":"SMITH"},{"data":"Choke","floor":32,"key":"SMITH"},{"data":"A Thousand Cuts","floor":40,"key":"SMITH"},{"data":"Riddle With Holes","floor":45,"key":"SMITH"},{"data":"strawberrySpire:Dropbox","floor":47,"key":"SMITH"},{"data":"Footwork","floor":49,"key":"SMITH"}],"neow_cost":"","seed_source_timestamp":148970311323632,"circlet_count":0,"master_deck":["Defend_G","Defend_G","Defend_G","Defend_G","Strike_G","Survivor","Neutralize+1","Deadly Poison+1","Tools of the Trade+1","Blade Dance+1","strawberrySpire:Dropbox+1","Accuracy+1","Flash of Steel+1","Leg Sweep","Deflect+1","Backstab","Malaise+1","Backflip","strawberrySpire:Momentum+1","Dagger Spray","Blur","Riddle With Holes+1","Distraction","strawberrySpire:KnifeParty","Backstab+1","Choke+1","Backstab","A Thousand Cuts+1","Terror+1","Cloak And Dagger+1","Well Laid Plans+1","Endless Agony+1","Madness","Madness","strawberrySpire:Dropbox+1","Madness","Footwork+1","Backflip","Dagger Throw"],"relics":["Ring of the Snake","strawberrySpire:GlyphStone","strawberrySpire:CharschorBlot","Membership Card","PreservedInsect","Mummified Hand","Pear","Bottled Flame","Philosopher\u0027s Stone","theJungle:BirthdayCakeSlice","strawberrySpire:TinySteamboat","HandDrill","Blood Vial","Du-Vu Doll","strawberrySpire:Dictionifier","The Specimen","Tingsha","Thread and Needle","Sundial","Regal Pillow","Toy Ornithopter","Juzu Bracelet"],"potions_floor_usage":[3,4,4,5,7,7,7,7,7,10,14,14,16,18,20,24,27,27,28,28,28,29,30,30,31,31,33,33,35,35,36,36,36,37,37,39,39,41,41,41,42,42,42,48,48,48,48,50,50,50,50,50,50,50],"damage_taken":[{"damage":0,"enemies":"Small Slimes","floor":1,"turns":2},{"damage":3,"enemies":"Jaw Worm","floor":2,"turns":2},{"damage":0,"enemies":"2 Louse","floor":3,"turns":1},{"damage":14,"enemies":"Gremlin Gang","floor":4,"turns":4},{"damage":0,"enemies":"3 Louse","floor":5,"turns":3},{"damage":0,"enemies":"strawberrySpire:EnergyPylons","floor":7,"turns":4},{"damage":0,"enemies":"2 Fungi Beasts","floor":10,"turns":3},{"damage":0,"enemies":"Lagavulin","floor":14,"turns":5},{"damage":0,"enemies":"Hexaghost","floor":16,"turns":9},{"damage":9,"enemies":"theJungle:5_Spyders","floor":18,"turns":6},{"damage":0,"enemies":"theJungle:Flameango_and_Byrd","floor":20,"turns":6},{"damage":0,"enemies":"theJungle:2_Phrogs","floor":24,"turns":4},{"damage":1,"enemies":"theJungle:2_Flameangoes","floor":27,"turns":7},{"damage":0,"enemies":"theJungle:SlimyTreeVines","floor":28,"turns":6},{"damage":0,"enemies":"Snake Plant","floor":29,"turns":1},{"damage":0,"enemies":"theJungle:MamaSnecko","floor":30,"turns":4},{"damage":0,"enemies":"theJungle:Snecko_Cultist_And_Trap","floor":31,"turns":3},{"damage":7,"enemies":"theJungle:QueenSpyder","floor":33,"turns":10},{"damage":10,"enemies":"3 Darklings","floor":35,"turns":3},{"damage":0,"enemies":"3 Shapes","floor":36,"turns":1},{"damage":1,"enemies":"Maw","floor":37,"turns":6},{"damage":0,"enemies":"Mind Bloom Boss Battle","floor":39,"turns":3},{"damage":20,"enemies":"strawberrySpire:EssenceStones","floor":41,"turns":3},{"damage":22,"enemies":"2 Orb Walkers","floor":42,"turns":4},{"damage":5,"enemies":"Sphere and 2 Shapes","floor":48,"turns":2},{"damage":51,"enemies":"Awakened One","floor":50,"turns":15}],"seed_played":"-1433287893017156461","potions_obtained":[{"floor":2,"key":"SkillPotion"},{"floor":4,"key":"Block Potion"},{"floor":7,"key":"Strength Potion"},{"floor":16,"key":"Regen Potion"},{"floor":27,"key":"GamblersBrew"},{"floor":29,"key":"FearPotion"},{"floor":31,"key":"GhostInAJar"},{"floor":39,"key":"Strength Potion"},{"floor":42,"key":"EssenceOfSteel"}],"is_trial":false,"path_per_floor":["M","M","M","M","M","R","E","R","T","M","?","R","$","E","R","B",null,"M","?","M","?","?","R","E","$","T","M","M","M","E","M","R","B",null,"M","M","M","?","?","R","E","?","T","?","R","$","R","M","R","B",null],"character_chosen":"THE_SILENT","items_purchased":["strawberrySpire:GlyphStone","strawberrySpire:CharschorBlot","strawberrySpire:Dropbox","Accuracy","Membership Card","Flash of Steel","Pear","strawberrySpire:Momentum","HandDrill","Distraction","strawberrySpire:KnifeParty","strawberrySpire:Dropbox","Madness","Regal Pillow","Footwork","Toy Ornithopter","Juzu Bracelet","Backflip","GhostInAJar"],"campfire_rested":0,"item_purchase_floors":[0,0,0,0,0,0,13,13,25,25,25,46,46,46,46,46,46,46,46],"current_hp_per_floor":[70,70,70,56,62,62,68,68,68,70,56,56,66,72,72,78,85,76,81,92,92,107,107,107,107,107,106,107,107,107,107,107,100,107,97,105,106,106,107,107,91,77,77,64,64,64,64,93,93,77],"gold":17,"neow_bonus":"","is_prod":false,"is_daily":false,"chose_seed":false,"campfire_upgraded":10,"win_rate":0,"timestamp":1554914380,"path_taken":["M","M","M","M","M","R","E","R","T","M","?","R","$","E","R","BOSS","M","?","M","?","?","R","E","$","T","M","M","M","E","M","R","BOSS","M","?","M","?","?","R","E","?","T","?","R","?","R","M","R","BOSS"],"build_version":"2019-01-23","purchased_purges":2,"victory":true,"max_hp_per_floor":[70,70,70,70,70,70,70,70,70,70,70,70,85,85,85,85,85,85,92,92,92,107,107,107,107,107,107,107,107,107,107,107,107,107,107,107,107,107,107,107,107,107,107,107,107,107,107,107,107,107],"card_choices":[{"not_picked":["strawberrySpire:Swampstar","All Out Attack"],"picked":"Leg Sweep","floor":1},{"not_picked":["Quick Slash","Poisoned Stab","Flying Knee"],"picked":"SKIP","floor":2},{"not_picked":["Quick Slash","strawberrySpire:Swampstar"],"picked":"Deflect","floor":3},{"not_picked":["Slice","strawberrySpire:Pant"],"picked":"Backstab","floor":4},{"not_picked":["Dagger Throw","Flying Knee"],"picked":"Malaise","floor":5},{"not_picked":["Blur","PiercingWail"],"picked":"Backflip","floor":7},{"not_picked":["Deadly Poison","strawberrySpire:SpinKick","Flying Knee"],"picked":"SKIP","floor":10},{"not_picked":["Dagger Spray","Deflect","strawberrySpire:SideSwipe"],"picked":"SKIP","floor":14},{"not_picked":["strawberrySpire:Lockstep","Unload"],"picked":"Glass Knife","floor":16},{"not_picked":["Dagger Throw","Sucker Punch+1"],"picked":"Dagger Spray","floor":18},{"not_picked":["Reflex+1","strawberrySpire:SideSwipe"],"picked":"Blur","floor":20},{"not_picked":["Deadly Poison+1","Skewer"],"picked":"Riddle With Holes","floor":24},{"not_picked":["Reflex","strawberrySpire:Slide"],"picked":"Backstab+1","floor":27},{"not_picked":["Slice","strawberrySpire:Rummage+1","Flying Knee"],"picked":"SKIP","floor":28},{"not_picked":["strawberrySpire:Grapple","strawberrySpire:DeltaFlow"],"picked":"All Out Attack+1","floor":29},{"not_picked":["Catalyst+1","strawberrySpire:Rummage"],"picked":"Choke","floor":30},{"not_picked":["strawberrySpire:Swampstar","strawberrySpire:Insectonator"],"picked":"Backstab","floor":31},{"not_picked":["Phantasmal Killer","Storm of Steel"],"picked":"A Thousand Cuts","floor":33},{"not_picked":["Slice+1","strawberrySpire:Rummage+1","Riddle With Holes+1"],"picked":"SKIP","floor":35},{"not_picked":["Dagger Throw","Quick Slash+1"],"picked":"Terror+1","floor":36},{"not_picked":["Eviscerate","strawberrySpire:DeltaFlow","Flying Knee"],"picked":"SKIP","floor":37},{"not_picked":["Distraction+1","Tactician"],"picked":"Cloak And Dagger+1","floor":39},{"not_picked":["strawberrySpire:Rummage","Predator"],"picked":"Well Laid Plans+1","floor":41},{"not_picked":["strawberrySpire:Slide+1","Unload"],"picked":"Endless Agony+1","floor":42},{"not_picked":["PiercingWail","strawberrySpire:SpinKick+1"],"picked":"Dagger Throw","floor":48}],"player_experience":96286,"relics_obtained":[{"floor":7,"key":"PreservedInsect"},{"floor":9,"key":"Mummified Hand"},{"floor":14,"key":"Bottled Flame"},{"floor":24,"key":"strawberrySpire:TinySteamboat"},{"floor":26,"key":"Blood Vial"},{"floor":30,"key":"Du-Vu Doll"},{"floor":39,"key":"The Specimen"},{"floor":41,"key":"Tingsha"},{"floor":42,"key":"Thread and Needle"},{"floor":43,"key":"Sundial"}],"event_choices":[{"damage_healed":0,"gold_gain":0,"player_choice":"Entered Light","damage_taken":14,"max_hp_gain":0,"max_hp_loss":0,"event_name":"Shining Light","floor":11,"gold_loss":0,"cards_upgraded":["Accuracy","Deflect"]},{"cards_removed":["Glass Knife"],"damage_healed":0,"gold_gain":0,"player_choice":"Offered Rare","damage_taken":0,"max_hp_gain":10,"max_hp_loss":0,"event_name":"Bonfire Elementals","floor":22,"gold_loss":0},{"cards_removed":["All Out Attack"],"damage_healed":0,"gold_gain":0,"player_choice":"Removed Attack","damage_taken":0,"max_hp_gain":0,"max_hp_loss":0,"event_name":"Falling","floor":38,"gold_loss":0},{"damage_healed":0,"gold_gain":0,"player_choice":"Fight","damage_taken":0,"max_hp_gain":0,"max_hp_loss":0,"event_name":"MindBloom","floor":39,"gold_loss":0},{"damage_healed":0,"gold_gain":0,"player_choice":"Fight","damage_taken":0,"max_hp_gain":0,"max_hp_loss":0,"event_name":"Mysterious Sphere","floor":42,"gold_loss":0},{"damage_healed":0,"gold_gain":0,"player_choice":"Embrace Madness","damage_taken":13,"max_hp_gain":0,"max_hp_loss":0,"event_name":"Winding Halls","floor":44,"gold_loss":0,"cards_obtained":["Madness","Madness"]}],"is_beta":false,"boss_relics":[{"not_picked":["energizedSpire:CursedPentagram","Lizard Tail"],"picked":"Philosopher\u0027s Stone"},{"not_picked":["energizedSpire:DeadBattery","Busted Crown"],"picked":"strawberrySpire:Dictionifier"}],"items_purged_floors":[13,46],"is_endless":false,"potions_floor_spawned":[2,4,7,16,27,29,31,39,42,48],"ascension_level":1}