{"gold_per_floor":[110,128,145,165,51,51,65,91,103,130,142,173,216,228,240,347,359,389,401,160,160,18,18,46,46,118,151,151,168,168,180,180,180],"floor_reached":33,"playtime":1914,"items_purged":[],"score":320,"play_id":"73bef474-147a-4b4c-b3c7-70096ebc99bd","local_time":"20181021103858","is_ascension_mode":false,"campfire_choices":[{"data":"Armaments","floor":6.0,"key":"SMITH"},{"data":"Flex","floor":11.0,"key":"SMITH"},{"data":"Immolate","floor":15.0,"key":"SMITH"},{"data":"Limit Break","floor":23.0,"key":"SMITH"},{"data":"Demon Form","floor":25.0,"key":"SMITH"},{"data":"Burning Pact","floor":28.0,"key":"SMITH"},{"data":"Dark Embrace","floor":32.0,"key":"SMITH"}],"neow_cost":"PERCENT_DAMAGE","seed_source_timestamp":0,"circlet_count":0,"master_deck":["Defend_R","Defend_R","Defend_R","Defend_R","Bash","Dark Embrace+1","Thunderclap","Clash","Armaments+1","Headbutt","Dropkick","Flame Barrier","Seeing Red","Shrug It Off","Flex+1","Twin Strike","Immolate+1","Clothesline","Bite","Bite","Bite","Bite","Bite","Limit Break+1","Doubt","Demon Form+1","Iron Wave+1","Burning Pact+1","Anger","Wild Strike+1"],"special_seed":0,"relics":["Burning Blood","MawBank","Ornamental Fan","Vajra","Mark of Pain","Kunai","Matryoshka","FossilizedHelix","MutagenicStrength"],"potions_floor_usage":[],"damage_taken":[{"damage":1.0,"enemies":"Cultist","floor":1.0,"turns":3.0},{"damage":3.0,"enemies":"Small Slimes","floor":2.0,"turns":4.0},{"damage":6.0,"enemies":"Jaw Worm","floor":3.0,"turns":2.0},{"damage":10.0,"enemies":"Looter","floor":4.0,"turns":3.0},{"damage":0.0,"enemies":"Large Slime","floor":7.0,"turns":5.0},{"damage":28.0,"enemies":"Gremlin Nob","floor":8.0,"turns":4.0},{"damage":6.0,"enemies":"Lots of Slimes","floor":10.0,"turns":4.0},{"damage":3.0,"enemies":"2 Fungi Beasts","floor":12.0,"turns":4.0},{"damage":22.0,"enemies":"Lagavulin","floor":13.0,"turns":4.0},{"damage":27.0,"enemies":"Slime Boss","floor":16.0,"turns":5.0},{"damage":30.0,"enemies":"3 Byrds","floor":18.0,"turns":7.0},{"damage":31.0,"enemies":"Slavers","floor":24.0,"turns":5.0},{"damage":11.0,"enemies":"Gremlin Leader","floor":27.0,"turns":5.0},{"damage":0.0,"enemies":"2 Thieves","floor":29.0,"turns":2.0},{"damage":25.0,"enemies":"Centurion and Healer","floor":31.0,"turns":6.0},{"damage":36,"enemies":"Automaton","floor":33,"turns":6}],"seed_played":"3377111134846844093","potions_obtained":[{"floor":1.0,"key":"SkillPotion"},{"floor":3.0,"key":"Swift Potion"},{"floor":7.0,"key":"Explosive Potion"},{"floor":8.0,"key":"SpeedPotion"},{"floor":10.0,"key":"Strength Potion"},{"floor":12.0,"key":"Swift Potion"},{"floor":14.0,"key":"PowerPotion"},{"floor":14.0,"key":"Ancient Potion"},{"floor":24.0,"key":"Swift Potion"},{"floor":29.0,"key":"Swift Potion"},{"floor":31.0,"key":"BloodPotion"}],"is_trial":false,"path_per_floor":["M","M","M","M","$","R","M","E","T","M","R","M","E","?","R","B",null,"M","?","$","?","$","R","E","R","T","E","R","M","?","M","R"],"character_chosen":"IRONCLAD","items_purchased":["Dropkick","Flame Barrier","Limit Break","Fruit Juice","Demon Form"],"campfire_rested":0,"item_purchase_floors":[5,5,20,20,22],"current_hp_per_floor":[61,64,64,60,60,60,66,44,44,44,44,47,31,31,31,10,80,56,56,61,61,61,61,44,44,44,45,45,51,51,43,43,16],"gold":180,"neow_bonus":"THREE_RARE_CARDS","is_prod":false,"is_daily":false,"chose_seed":false,"campfire_upgraded":7,"win_rate":0,"timestamp":1540107538,"path_taken":["M","M","M","M","?","R","M","E","T","M","R","M","E","?","R","BOSS","M","?","$","?","$","R","E","R","T","E","R","M","?","M","R","BOSS"],"build_version":"2018-10-19","purchased_purges":0,"victory":false,"max_hp_per_floor":[80,80,80,80,80,80,80,80,80,80,80,80,80,80,80,80,80,80,56,61,61,61,61,61,61,61,61,61,61,61,61,61,61],"card_choices":[{"not_picked":["Offering","Brutality"],"picked":"Dark Embrace","floor":0.0},{"not_picked":["Entrench","Ghostly Armor"],"picked":"Thunderclap","floor":1.0},{"not_picked":["Combust","Cleave"],"picked":"Clash","floor":2.0},{"not_picked":["Reckless Charge","Cleave"],"picked":"Armaments","floor":3.0},{"not_picked":["Dropkick","Sentinel"],"picked":"Headbutt","floor":4.0},{"not_picked":["Fiend Fire","Battle Trance"],"picked":"Seeing Red","floor":7.0},{"not_picked":["Body Slam","Armaments"],"picked":"Shrug It Off","floor":8.0},{"not_picked":["Wild Strike","Evolve"],"picked":"Flex","floor":10.0},{"not_picked":["Perfected Strike","Wild Strike"],"picked":"Twin Strike","floor":12.0},{"not_picked":["Anger","Armaments"],"picked":"Immolate","floor":13.0},{"not_picked":["Double Tap","Juggernaut"],"picked":"Demon Form","floor":16.0},{"not_picked":["Rupture","Rage+1"],"picked":"Clothesline","floor":18.0},{"not_picked":["Perfected Strike+1","Metallicize"],"picked":"Iron Wave+1","floor":24.0},{"not_picked":["Dark Embrace","Clothesline"],"picked":"Burning Pact","floor":27.0},{"not_picked":["Headbutt","Armaments"],"picked":"Anger","floor":29.0},{"not_picked":["Searing Blow+1","Cleave"],"picked":"Wild Strike+1","floor":31.0}],"player_experience":811121,"relics_obtained":[{"floor":8.0,"key":"MawBank"},{"floor":9.0,"key":"Ornamental Fan"},{"floor":13.0,"key":"Vajra"},{"floor":24.0,"key":"Kunai"},{"floor":26.0,"key":"Matryoshka"},{"floor":27.0,"key":"FossilizedHelix"}],"event_choices":[{"damage_healed":0.0,"max_hp_gain":0.0,"max_hp_loss":0.0,"gold_gain":0.0,"event_name":"The Lab","player_choice":"Got Potions","floor":14.0,"gold_loss":0.0,"damage_taken":0.0},{"damage_healed":0.0,"max_hp_gain":0.0,"max_hp_loss":24.0,"gold_gain":0.0,"event_name":"Vampires","player_choice":"Became a vampire","floor":19.0,"gold_loss":0.0,"damage_taken":0.0,"cards_obtained":["Bite","Bite","Bite","Bite","Bite"]},{"cards_removed":["Demon Form"],"damage_healed":0.0,"max_hp_gain":0.0,"max_hp_loss":0.0,"gold_gain":0.0,"event_name":"NoteForYourself","player_choice":"Took Card","floor":21.0,"gold_loss":0.0,"damage_taken":0.0,"cards_obtained":["Doubt"]},{"damage_healed":0.0,"max_hp_gain":0.0,"max_hp_loss":0.0,"gold_gain":0.0,"event_name":"Drug Dealer","player_choice":"Inject Mutagens","floor":30.0,"gold_loss":0.0,"damage_taken":0.0,"relics_obtained":["MutagenicStrength"]}],"is_beta":true,"boss_relics":[{"not_picked":["Snecko Eye","Velvet Choker"],"picked":"Mark of Pain"}],"items_purged_floors":[],"is_endless":false,"potions_floor_spawned":[1,3,7,8,10,12,24,29,31],"killed_by":"Automaton","ascension_level":0}