{"gold_per_floor":[117,141,18,193,209,241,241,260,260,293,309,320,320,338,338,435,435,446,84,183,202,127,155,155,187,261,272,272,285,301,46,46,145,145,159,170,225,225,243,270,286,286,286,296,323,323,354,368,368,368],"floor_reached":51,"playtime":3907,"items_purged":["Strike_G","Strike_G","Pain"],"score":852,"play_id":"1b4b197f-3dda-49fc-8d28-ac3ca4a1741f","local_time":"20190916083000","is_ascension_mode":true,"campfire_choices":[{"data":"Doppelganger","floor":7,"key":"SMITH"},{"data":"Bouncing Flask","floor":13,"key":"SMITH"},{"data":"Bouncing Flask","floor":15,"key":"SMITH"},{"data":"Acrobatics","floor":28,"key":"SMITH"},{"data":"Deadly Poison","floor":32,"key":"SMITH"},{"data":"Noxious Fumes","floor":42,"key":"SMITH"},{"data":"Malaise","floor":49,"key":"SMITH"}],"neow_cost":"NONE","seed_source_timestamp":364245422360300,"circlet_count":0,"master_deck":["Strike_G","Defend_G","Defend_G","Defend_G","Defend_G","Defend_G","Survivor","Neutralize","Doppelganger+1","Deadly Poison","Deadly Poison+1","Bouncing Flask+1","Bouncing Flask+1","Concentrate","Dodge and Roll","Outmaneuver","Flying Knee","Backflip","After Image","PiercingWail","Acrobatics+1","All Out Attack+1","Bouncing Flask+1","Backflip","PiercingWail","Skewer+1","Bullet Time","Footwork","Dodge and Roll","Malaise+1","Calculated Gamble+1","Noxious Fumes+1","Calculated Gamble+1","Acrobatics+1","Calculated Gamble+1","Predator+1"],"relics":["Ring of the Snake","MealTicket","Meat on the Bone","Sundial","Eternal Feather","Snecko Eye","Molten Egg 2","Gremlin Horn","WarpedTongs","Dodecahedron","HornCleat","Empty Cage","CaptainsWheel","Paper Crane","Bronze Scales","Bag of Preparation","Oddly Smooth Stone","Calipers"],"potions_floor_usage":[23,25,25,30,33,33,40,40,47,47,50],"damage_taken":[{"damage":8,"enemies":"Cultist","floor":1,"turns":6},{"damage":3,"enemies":"Jaw Worm","floor":5,"turns":4},{"damage":36,"enemies":"Gremlin Nob","floor":6,"turns":4},{"damage":2,"enemies":"Small Slimes","floor":8,"turns":4},{"damage":38,"enemies":"3 Sentries","floor":10,"turns":9},{"damage":0,"enemies":"Blue Slaver","floor":11,"turns":4},{"damage":7,"enemies":"Large Slime","floor":12,"turns":6},{"damage":5,"enemies":"Exordium Thugs","floor":14,"turns":4},{"damage":33,"enemies":"Slime Boss","floor":16,"turns":14},{"damage":0,"enemies":"Spheric Guardian","floor":18,"turns":2},{"damage":0,"enemies":"3 Byrds","floor":21,"turns":6},{"damage":21,"enemies":"Slavers","floor":23,"turns":7},{"damage":20,"enemies":"Book of Stabbing","floor":25,"turns":4},{"damage":0,"enemies":"Snake Plant","floor":27,"turns":3},{"damage":19,"enemies":"Cultist and Chosen","floor":29,"turns":5},{"damage":9,"enemies":"Centurion and Healer","floor":30,"turns":7},{"damage":21,"enemies":"Automaton","floor":33,"turns":7},{"damage":9,"enemies":"3 Shapes","floor":35,"turns":4},{"damage":13,"enemies":"Orb Walker","floor":36,"turns":4},{"damage":40,"enemies":"2 Orb Walkers","floor":37,"turns":5},{"damage":2,"enemies":"4 Shapes","floor":39,"turns":7},{"damage":12,"enemies":"Reptomancer","floor":40,"turns":7},{"damage":1,"enemies":"Jaw Worm Horde","floor":41,"turns":5},{"damage":0,"enemies":"Writhing Mass","floor":44,"turns":5},{"damage":36,"enemies":"Nemesis","floor":45,"turns":7},{"damage":27,"enemies":"Reptomancer","floor":47,"turns":7},{"damage":1,"enemies":"4 Shapes","floor":48,"turns":4},{"damage":53,"enemies":"Donu and Deca","floor":50,"turns":8}],"seed_played":"-6406201320024542165","potions_obtained":[{"floor":6,"key":"Ancient Potion"},{"floor":10,"key":"Dexterity Potion"},{"floor":12,"key":"Strength Potion"},{"floor":14,"key":"Strength Potion"},{"floor":23,"key":"PowerPotion"},{"floor":29,"key":"EntropicBrew"},{"floor":36,"key":"Block Potion"},{"floor":40,"key":"Block Potion"},{"floor":41,"key":"Energy Potion"},{"floor":48,"key":"Ancient Potion"}],"is_trial":false,"path_per_floor":["M","T","$","?","M","E","R","M","T","E","M","M","R","M","R","B",null,"M","$","?","M","?","E","?","E","T","M","R","M","M","$","R","B",null,"M","M","?","?","M","E","M","R","T","M","E","T","E","M","R","B",null],"character_chosen":"THE_SILENT","items_purchased":["Deadly Poison","Molten Egg 2","PiercingWail","Skewer+1"],"campfire_rested":0,"item_purchase_floors":[3,19,31,31],"current_hp_per_floor":[62,62,70,70,67,31,31,41,41,15,27,32,44,39,51,30,70,70,70,70,70,70,49,49,41,41,41,56,37,40,55,70,49,70,61,48,20,20,30,45,44,62,62,62,38,38,23,34,55,14],"gold":368,"neow_bonus":"ONE_RANDOM_RARE_CARD","is_prod":false,"is_daily":false,"chose_seed":false,"campfire_upgraded":7,"win_rate":0,"timestamp":1568611800,"path_taken":["M","?","?","?","M","E","R","M","T","E","?","M","R","M","R","BOSS","M","$","?","M","?","E","?","E","T","M","R","?","M","?","R","BOSS","M","M","?","?","M","E","M","R","T","M","E","?","E","M","R","BOSS"],"build_version":"2019-09-12","purchased_purges":3,"victory":true,"max_hp_per_floor":[70,70,70,70,70,70,70,70,70,70,70,70,70,70,70,70,70,70,70,70,70,70,70,70,70,70,70,70,70,70,70,70,70,70,70,70,70,70,70,70,70,70,70,70,70,70,70,70,70,70],"card_choices":[{"not_picked":["Poisoned Stab","Slice"],"picked":"Deadly Poison","floor":1},{"not_picked":["Caltrops","Backstab"],"picked":"Bouncing Flask","floor":5},{"not_picked":["Distraction","Acrobatics"],"picked":"Bouncing Flask","floor":6},{"not_picked":["Eviscerate","All Out Attack"],"picked":"Concentrate","floor":8},{"not_picked":["All Out Attack","Skewer"],"picked":"Dodge and Roll","floor":10},{"not_picked":["Acrobatics","Blade Dance"],"picked":"Outmaneuver","floor":11},{"not_picked":["Underhanded Strike","Dagger Spray"],"picked":"Flying Knee","floor":12},{"not_picked":["Underhanded Strike","Bane"],"picked":"Backflip","floor":14},{"not_picked":["Grand Finale","Tools of the Trade"],"picked":"After Image","floor":16},{"not_picked":["Flying Knee","Sucker Punch+1"],"picked":"PiercingWail","floor":18},{"not_picked":["Quick Slash+1","PiercingWail+1"],"picked":"Acrobatics","floor":21},{"not_picked":["Tactician","Wraith Form v2"],"picked":"All Out Attack+1","floor":23},{"not_picked":["Poisoned Stab+1","Quick Slash+1","Flying Knee+1"],"picked":"SKIP","floor":25},{"not_picked":["Backstab+1","Outmaneuver+1"],"picked":"Bouncing Flask+1","floor":27},{"not_picked":["Prepared","Flying Knee+1","Blade Dance"],"picked":"SKIP","floor":29},{"not_picked":["Dodge and Roll","Bane+1"],"picked":"Backflip","floor":30},{"not_picked":["Envenom","Storm of Steel"],"picked":"Bullet Time","floor":33},{"not_picked":["Bane+1","Backstab+1","Prepared"],"picked":"SKIP","floor":35},{"not_picked":["Underhanded Strike+1","Endless Agony+1"],"picked":"Footwork","floor":36},{"not_picked":["Flying Knee+1","Acrobatics"],"picked":"Dodge and Roll","floor":37},{"not_picked":["Flying Knee+1","Poisoned Stab+1"],"picked":"Malaise","floor":39},{"not_picked":["Choke+1","Underhanded Strike+1"],"picked":"Calculated Gamble+1","floor":40},{"not_picked":["Acrobatics","Prepared+1"],"picked":"Noxious Fumes","floor":41},{"not_picked":["Outmaneuver","Dodge and Roll"],"picked":"Calculated Gamble+1","floor":44},{"not_picked":["Die Die Die+1","Outmaneuver+1"],"picked":"Acrobatics+1","floor":45},{"not_picked":["Skewer+1","All Out Attack+1"],"picked":"Calculated Gamble+1","floor":47},{"not_picked":["Poisoned Stab+1","Masterful Stab+1"],"picked":"Predator+1","floor":48}],"player_experience":282635,"relics_obtained":[{"floor":2,"key":"MealTicket"},{"floor":6,"key":"Meat on the Bone"},{"floor":9,"key":"Sundial"},{"floor":10,"key":"Eternal Feather"},{"floor":23,"key":"Gremlin Horn"},{"floor":25,"key":"Dodecahedron"},{"floor":26,"key":"HornCleat"},{"floor":37,"key":"CaptainsWheel"},{"floor":40,"key":"Paper Crane"},{"floor":43,"key":"Bronze Scales"},{"floor":45,"key":"Bag of Preparation"},{"floor":46,"key":"Oddly Smooth Stone"},{"floor":47,"key":"Calipers"}],"event_choices":[{"damage_healed":0,"gold_gain":175,"player_choice":"AGREE","damage_taken":0,"max_hp_gain":0,"max_hp_loss":0,"event_name":"Liars Game","floor":4,"gold_loss":0,"cards_obtained":["Doubt"]},{"damage_healed":0,"gold_gain":99,"player_choice":"Stole From Cult","damage_taken":0,"max_hp_gain":0,"max_hp_loss":0,"event_name":"Nest","floor":20,"gold_loss":0},{"cards_removed":["Doubt"],"damage_healed":0,"gold_gain":0,"player_choice":"Gave Gold","damage_taken":0,"max_hp_gain":0,"max_hp_loss":0,"event_name":"Beggar","floor":22,"gold_loss":75},{"damage_healed":0,"gold_gain":0,"player_choice":"Rummage","damage_taken":0,"relics_obtained":["WarpedTongs"],"max_hp_gain":0,"max_hp_loss":0,"event_name":"Accursed Blacksmith","floor":24,"gold_loss":0,"cards_obtained":["Pain"]},{"damage_healed":0,"gold_gain":0,"player_choice":"Fight","damage_taken":0,"max_hp_gain":0,"max_hp_loss":0,"event_name":"Mysterious Sphere","floor":37,"gold_loss":0},{"damage_healed":0,"gold_gain":0,"player_choice":"Ignored","damage_taken":0,"max_hp_gain":0,"max_hp_loss":0,"event_name":"Tomb of Lord Red Mask","floor":38,"gold_loss":0}],"is_beta":true,"boss_relics":[{"not_picked":["Runic Dome","Calling Bell"],"picked":"Snecko Eye"},{"not_picked":["SlaversCollar","Velvet Choker"],"picked":"Empty Cage"}],"items_purged_floors":[3,19,31],"is_endless":false,"potions_floor_spawned":[6,10,12,14,16,18,23,29,36,40,41,48],"ascension_level":1}