{"gold_per_floor":[112,112,132,145,125,125,168,189,214,239,239,260,293,313,313,444,444,460,476,501,16,29,29,48,147,447,447,447],"floor_reached":28,"playtime":2747,"items_purged":[],"score":298,"play_id":"2e4edc98-914d-4ea4-b9f5-db9590a353a7","local_time":"20190710200513","is_ascension_mode":true,"campfire_choices":[{"data":"Zap","floor":6.0,"key":"SMITH"},{"data":"Dualcast","floor":11.0,"key":"SMITH"},{"data":"Streamline","floor":15.0,"key":"SMITH"},{"data":"Self Repair","floor":23,"key":"SMITH"},{"data":"Genetic Algorithm","floor":27,"key":"SMITH"}],"neow_cost":"NONE","seed_source_timestamp":0,"circlet_count":0,"master_deck":["Strike_B","Strike_B","Strike_B","Strike_B","Defend_B","Defend_B","Defend_B","Defend_B","Zap+1","Dualcast+1","Undo","Streamline+1","Reinforced Body","Echo Form","Heatsinks","Beam Cell","Rainbow","Genetic Algorithm+1","Self Repair+1","Creative AI","Leap","Turbo","White Noise","Stack+1"],"special_seed":0,"relics":["Cracked Core","Golden Idol","Omamori","Bag of Marbles","Lantern","energizedSpire:MagnifyingGlass","Cables","Singing Bowl","Old Coin"],"potions_floor_usage":[20,22],"damage_taken":[{"damage":1.0,"enemies":"Jaw Worm","floor":1.0,"turns":3.0},{"damage":0.0,"enemies":"Small Slimes","floor":3.0,"turns":3.0},{"damage":0.0,"enemies":"Cultist","floor":4.0,"turns":3.0},{"damage":8.0,"enemies":"3 Sentries","floor":7.0,"turns":8.0},{"damage":8.0,"enemies":"Gremlin Gang","floor":8.0,"turns":6.0},{"damage":0.0,"enemies":"2 Fungi Beasts","floor":10.0,"turns":3.0},{"damage":0.0,"enemies":"Blue Slaver","floor":12.0,"turns":3.0},{"damage":11.0,"enemies":"Lagavulin","floor":13.0,"turns":8.0},{"damage":14.0,"enemies":"Exordium Thugs","floor":14.0,"turns":4.0},{"damage":0.0,"enemies":"Slime Boss","floor":16.0,"turns":9.0},{"damage":12.0,"enemies":"Chosen","floor":18.0,"turns":6.0},{"damage":18.0,"enemies":"Shell Parasite","floor":19.0,"turns":8.0},{"damage":22,"enemies":"Chosen and Byrds","floor":20,"turns":8},{"damage":29,"enemies":"Centurion and Healer","floor":22,"turns":7},{"damage":30,"enemies":"Shelled Parasite and Fungi","floor":24,"turns":11},{"damage":39,"enemies":"Book of Stabbing","floor":28,"turns":8}],"seed_played":"-6821080610488520670","potions_obtained":[{"floor":1.0,"key":"Block Potion"},{"floor":3.0,"key":"Energy Potion"},{"floor":5.0,"key":"SkillPotion"},{"floor":8.0,"key":"Poison Potion"},{"floor":12.0,"key":"EssenceOfSteel"},{"floor":19.0,"key":"Poison Potion"},{"floor":20,"key":"LiquidBronze"}],"is_trial":false,"path_per_floor":["M","?","M","M","?","R","E","M","T","M","R","M","E","M","R","B",null,"M","M","M","$","M","R","M","?","T","R","E"],"character_chosen":"DEFECT","items_purchased":["Cables","Singing Bowl"],"campfire_rested":0,"item_purchase_floors":[21,21],"current_hp_per_floor":[81,61,61,61,61,61,53,45,45,45,45,45,34,20,20,27,82,77,66,58,58,45,45,35,35,35,35,0],"gold":447,"neow_bonus":"TEN_PERCENT_HP_BONUS","is_prod":false,"is_daily":false,"chose_seed":false,"campfire_upgraded":5,"win_rate":0,"timestamp":1562778313,"path_taken":["M","?","M","M","?","R","E","M","T","?","R","M","E","M","R","BOSS","M","?","M","$","M","R","M","?","T","R","E"],"build_version":"2019-07-05","purchased_purges":0,"victory":false,"max_hp_per_floor":[82,82,82,82,82,82,82,82,82,82,82,82,82,82,82,82,82,82,82,82,82,84,84,84,84,84,84,84],"card_choices":[{"not_picked":["Beam Cell","Steam"],"picked":"Undo","floor":1.0},{"not_picked":["Conserve Battery","Darkness"],"picked":"Streamline","floor":3.0},{"not_picked":["Compile Driver","Beam Cell"],"picked":"Reinforced Body","floor":4.0},{"not_picked":["Hologram","Sweeping Beam"],"picked":"Echo Form","floor":7.0},{"not_picked":["White Noise","Chill"],"picked":"Heatsinks","floor":8.0},{"not_picked":["Streamline","Redo"],"picked":"Beam Cell","floor":10.0},{"not_picked":["Beam Cell","Leap"],"picked":"Rainbow","floor":12.0},{"not_picked":["Lockon","Turbo"],"picked":"Genetic Algorithm","floor":13.0},{"not_picked":["FTL","Static Discharge"],"picked":"Self Repair","floor":14.0},{"not_picked":["Biased Cognition","Reboot"],"picked":"Creative AI","floor":16.0},{"not_picked":["Ball Lightning","Static Discharge"],"picked":"Leap","floor":18.0},{"not_picked":["Capacitor","Ball Lightning"],"picked":"Turbo","floor":19.0},{"not_picked":["Streamline+1","Multi-Cast"],"picked":"White Noise","floor":20},{"not_picked":["Recycle","Force Field+1","Ball Lightning"],"picked":"Singing Bowl","floor":22},{"not_picked":["Leap","Turbo"],"picked":"Stack+1","floor":24}],"player_experience":168720,"relics_obtained":[{"floor":7.0,"key":"Omamori"},{"floor":9.0,"key":"Bag of Marbles"},{"floor":13.0,"key":"Lantern"},{"floor":26,"key":"Old Coin"}],"event_choices":[{"damage_healed":0.0,"max_hp_gain":0.0,"max_hp_loss":0.0,"gold_gain":0.0,"event_name":"Golden Idol","player_choice":"Take Damage","floor":2.0,"gold_loss":0.0,"damage_taken":20.0,"relics_obtained":["Golden Idol"]},{"damage_healed":0.0,"max_hp_gain":0.0,"max_hp_loss":0.0,"gold_gain":0.0,"event_name":"The Woman in Blue","player_choice":"Bought 1 Potion","floor":5.0,"gold_loss":0.0,"damage_taken":0.0},{"damage_healed":0,"gold_gain":99,"player_choice":"Stole From Cult","damage_taken":0,"max_hp_gain":0,"max_hp_loss":0,"event_name":"Nest","floor":25,"gold_loss":0}],"is_beta":false,"boss_relics":[{"not_picked":["Sozu","energizedSpire:DeadBattery"],"picked":"energizedSpire:MagnifyingGlass"}],"items_purged_floors":[],"is_endless":false,"potions_floor_spawned":[1,3,7,8,12,19,20],"killed_by":"Book of Stabbing","ascension_level":1}