{"gold_per_floor":[114,129,129,140,155,155,182,182,182,182,182,202,7,32,32,132,132,148,160,160,179,179,179,205,217,293,311,339,353,369,398,398,496,496,509,609,609,36,52,52,84,84,110,145,24,0,0,20,20,20],"floor_reached":51,"playtime":2427,"items_purged":["Defend_G","Strike_G"],"score":1149,"play_id":"9be420a8-eb4b-4117-b76a-5bb0e5ac4a7e","local_time":"20190607143220","is_ascension_mode":true,"campfire_choices":[{"data":"Footwork","floor":6,"key":"SMITH"},{"data":"Dodge and Roll","floor":8,"key":"SMITH"},{"data":"Skewer","floor":11,"key":"SMITH"},{"data":"Malaise","floor":15,"key":"SMITH"},{"data":"Bouncing Flask","floor":23,"key":"SMITH"},{"data":"Footwork","floor":32,"key":"SMITH"},{"data":"Storm of Steel","floor":40,"key":"SMITH"},{"data":"Footwork","floor":42,"key":"SMITH"},{"data":"Bouncing Flask","floor":49,"key":"SMITH"}],"neow_cost":"","seed_source_timestamp":336255775288664,"circlet_count":0,"master_deck":["Defend_G","Defend_G","Defend_G","Defend_G+1","Strike_G","Strike_G","Strike_G","Strike_G","Survivor","Neutralize","Footwork+1","Blur+1","Blade Dance","Infinite Blades","Skewer+1","Dodge and Roll+1","Footwork+1","Footwork+1","Malaise+1","Glass Knife","Noxious Fumes+1","Backstab","Trip","Bouncing Flask+1","Deflect","Dagger Spray","Catalyst+1","Backflip","Doppelganger","Blur+1","Storm of Steel+1","Infinite Blades","Deflect","Deadly Poison","Dash+1","Bouncing Flask+1"],"relics":["Ring of the Snake","Chemical X","Meat on the Bone","Vajra","The Specimen","Orichalcum","Bottled Flame","Gambling Chip","Tiny Chest","Bottled Tornado","Coffee Dripper","Question Card","Turnip","Singing Bowl","PreservedInsect","Regal Pillow","Runic Pyramid","Shovel","Darkstone Periapt","Blood Vial","Lantern","Molten Egg 2","Ancient Tea Set","Frozen Egg 2","Red Mask"],"potions_floor_usage":[28,28,33,39],"damage_taken":[{"damage":0,"enemies":"Small Slimes","floor":1,"turns":3},{"damage":0,"enemies":"Cultist","floor":2,"turns":3},{"damage":4,"enemies":"2 Louse","floor":4,"turns":3},{"damage":8,"enemies":"Red Slaver","floor":5,"turns":4},{"damage":0,"enemies":"3 Sentries","floor":7,"turns":7},{"damage":0,"enemies":"Exordium Wildlife","floor":12,"turns":3},{"damage":1,"enemies":"Gremlin Nob","floor":14,"turns":5},{"damage":11,"enemies":"Slime Boss","floor":16,"turns":8},{"damage":0,"enemies":"Chosen","floor":18,"turns":4},{"damage":0,"enemies":"2 Thieves","floor":19,"turns":5},{"damage":0,"enemies":"3 Cultists","floor":21,"turns":5},{"damage":27,"enemies":"Slavers","floor":24,"turns":6},{"damage":0,"enemies":"Centurion and Healer","floor":25,"turns":6},{"damage":4,"enemies":"Chosen and Byrds","floor":27,"turns":5},{"damage":32,"enemies":"Gremlin Leader","floor":28,"turns":6},{"damage":0,"enemies":"Snake Plant","floor":29,"turns":3},{"damage":0,"enemies":"Cultist and Chosen","floor":30,"turns":7},{"damage":6,"enemies":"Book of Stabbing","floor":31,"turns":4},{"damage":9,"enemies":"Collector","floor":33,"turns":7},{"damage":0,"enemies":"3 Shapes","floor":35,"turns":5},{"damage":3,"enemies":"Mind Bloom Boss Battle","floor":36,"turns":6},{"damage":7,"enemies":"3 Darklings","floor":39,"turns":7},{"damage":16,"enemies":"Nemesis","floor":41,"turns":7},{"damage":10,"enemies":"Reptomancer","floor":44,"turns":6},{"damage":0,"enemies":"Maw","floor":48,"turns":7},{"damage":23,"enemies":"Time Eater","floor":50,"turns":16}],"seed_played":"4492831973609267376","potions_obtained":[{"floor":2,"key":"FairyPotion"},{"floor":4,"key":"Weak Potion"},{"floor":12,"key":"SpeedPotion"},{"floor":18,"key":"Energy Potion"},{"floor":19,"key":"Poison Potion"},{"floor":24,"key":"PowerPotion"},{"floor":27,"key":"Regen Potion"},{"floor":31,"key":"Fire Potion"},{"floor":39,"key":"Explosive Potion"}],"is_trial":false,"path_per_floor":["M","M","?","M","M","R","E","R","T","?","R","M","$","E","R","B",null,"M","M","?","M","T","R","E","M","T","M","E","M","M","E","R","B",null,"M","?","T","$","M","R","E","R","T","E","$","?","$","M","R","B",null],"character_chosen":"THE_SILENT","items_purchased":["Chemical X","Meat on the Bone","Vajra","Footwork","The Specimen","Tiny Chest","Footwork","Storm of Steel","Blood Vial","Lantern","Infinite Blades","Deadly Poison","Dash+1"],"campfire_rested":0,"item_purchase_floors":[0,0,0,0,0,13,13,38,38,38,38,45,45],"current_hp_per_floor":[70,70,56,52,44,44,44,44,44,44,44,44,44,43,43,44,70,70,70,70,70,70,70,43,43,43,41,38,38,40,46,46,49,76,76,75,75,75,70,70,58,58,58,52,52,52,52,54,54,45],"gold":20,"neow_bonus":"","is_prod":false,"is_daily":false,"chose_seed":false,"campfire_upgraded":9,"win_rate":0,"timestamp":1559907140,"path_taken":["M","M","?","M","M","R","E","R","T","?","R","?","$","E","R","BOSS","M","M","?","?","?","R","E","M","T","M","E","M","M","E","R","BOSS","M","?","?","?","M","R","E","R","T","E","$","?","?","M","R","BOSS"],"build_version":"2019-01-23","purchased_purges":2,"victory":true,"max_hp_per_floor":[70,70,70,70,70,70,70,70,70,70,70,70,70,70,70,70,70,70,70,70,70,70,70,70,70,70,72,74,74,76,76,76,76,76,76,78,78,78,78,78,80,80,80,82,82,82,82,82,82,82],"card_choices":[{"not_picked":["Dagger Throw","Flechettes"],"picked":"Blur","floor":1},{"not_picked":["Calculated Gamble","Quick Slash"],"picked":"Blade Dance","floor":2},{"not_picked":["Blade Dance","Choke"],"picked":"Infinite Blades","floor":4},{"not_picked":["Expertise","Reflex"],"picked":"Skewer","floor":5},{"not_picked":["Crippling Poison","Slice"],"picked":"Dodge and Roll","floor":7},{"not_picked":["Prepared","Crippling Poison"],"picked":"Footwork","floor":12},{"not_picked":["Heel Hook","Outmaneuver"],"picked":"Malaise","floor":14},{"not_picked":["Die Die Die","A Thousand Cuts"],"picked":"Glass Knife","floor":16},{"not_picked":["Flying Knee","Cloak And Dagger"],"picked":"Noxious Fumes+1","floor":18},{"not_picked":["Underhanded Strike+1","Cloak And Dagger"],"picked":"Backstab","floor":19},{"not_picked":["Endless Agony+1","Dagger Spray"],"picked":"Bouncing Flask","floor":21},{"not_picked":["Dagger Throw","Bane","Blade Dance+1"],"picked":"Deflect","floor":24},{"not_picked":["PiercingWail","Crippling Poison","Riddle With Holes"],"picked":"Dagger Spray","floor":25},{"not_picked":["PiercingWail","Bane","Quick Slash","All Out Attack"],"picked":"Singing Bowl","floor":27},{"not_picked":["Caltrops","Endless Agony+1","Acrobatics","Quick Slash"],"picked":"Singing Bowl","floor":28},{"not_picked":["Dodge and Roll+1","Dash+1","Backflip"],"picked":"Catalyst+1","floor":29},{"not_picked":["Venomology","Flying Knee+1","Endless Agony","Distraction+1"],"picked":"Singing Bowl","floor":30},{"not_picked":["Poisoned Stab+1","Acrobatics","Underhanded Strike"],"picked":"Backflip","floor":31},{"not_picked":["Grand Finale","After Image","Bullet Time"],"picked":"Doppelganger","floor":33},{"not_picked":["Flying Knee","Dash+1","Reflex+1"],"picked":"Blur+1","floor":35},{"not_picked":["PiercingWail+1","Footwork+1","Bouncing Flask+1","Poisoned Stab+1"],"picked":"Singing Bowl","floor":36},{"not_picked":["Footwork+1","Eviscerate","Backstab+1"],"picked":"Deflect","floor":39},{"not_picked":["Dagger Throw+1","Quick Slash+1","Eviscerate","Expertise+1"],"picked":"Singing Bowl","floor":41},{"not_picked":["Doppelganger","Quick Slash+1","Backstab+1","Backflip"],"picked":"Singing Bowl","floor":44},{"not_picked":["Poisoned Stab+1","Distraction+1","Quick Slash+1"],"picked":"Bouncing Flask","floor":48}],"player_experience":156283,"relics_obtained":[{"floor":7,"key":"Orichalcum"},{"floor":9,"key":"Bottled Flame"},{"floor":14,"key":"Bottled Tornado"},{"floor":22,"key":"Question Card"},{"floor":24,"key":"Turnip"},{"floor":26,"key":"Singing Bowl"},{"floor":28,"key":"PreservedInsect"},{"floor":31,"key":"Regal Pillow"},{"floor":36,"key":"Shovel"},{"floor":37,"key":"Darkstone Periapt"},{"floor":41,"key":"Molten Egg 2"},{"floor":43,"key":"Ancient Tea Set"},{"floor":44,"key":"Frozen Egg 2"}],"event_choices":[{"damage_healed":0,"gold_gain":0,"player_choice":"Entered Light","damage_taken":14,"max_hp_gain":0,"max_hp_loss":0,"event_name":"Shining Light","floor":3,"gold_loss":0,"cards_upgraded":["Defend_G","Blur"]},{"damage_healed":0,"gold_gain":0,"player_choice":"Gave Potion","damage_taken":0,"relics_obtained":["Gambling Chip"],"max_hp_gain":0,"max_hp_loss":0,"event_name":"WeMeetAgain","floor":10,"gold_loss":0},{"damage_healed":0,"gold_gain":0,"player_choice":"1 cards matched","damage_taken":0,"max_hp_gain":0,"max_hp_loss":0,"event_name":"Match and Keep!","floor":20,"gold_loss":0,"cards_obtained":["Trip"]},{"damage_healed":0,"gold_gain":0,"player_choice":"Fight","damage_taken":0,"max_hp_gain":0,"max_hp_loss":0,"event_name":"MindBloom","floor":36,"gold_loss":0},{"damage_healed":0,"gold_gain":0,"player_choice":"Paid","damage_taken":0,"relics_obtained":["Red Mask"],"max_hp_gain":0,"max_hp_loss":0,"event_name":"Tomb of Lord Red Mask","floor":46,"gold_loss":24}],"is_beta":false,"boss_relics":[{"not_picked":["Snecko Eye","energizedSpire:DeadBattery"],"picked":"Coffee Dripper"},{"not_picked":["energizedSpire:OgreHead","Pandora\u0027s Box"],"picked":"Runic Pyramid"}],"items_purged_floors":[0,38],"is_endless":false,"potions_floor_spawned":[2,4,12,18,19,24,25,27,31,39],"ascension_level":1}