{"gold_per_floor":[117,129,129,148,167,167,197,213,213,227,227,262,281,294,294,294],"floor_reached":16,"playtime":700,"items_purged":[],"score":122,"play_id":"0c5c8e27-ec9b-4a4a-9b45-b39a480b3bc5","local_time":"20181216211956","is_ascension_mode":true,"campfire_choices":[{"data":"Dualcast","floor":6,"key":"SMITH"},{"data":"Hologram","floor":15,"key":"SMITH"}],"neow_cost":"NONE","seed_source_timestamp":256578365050632,"circlet_count":0,"master_deck":["Strike_B","Strike_B","Strike_B","Defend_B","Defend_B","Defend_B","Defend_B","Zap","Dualcast+1","Lockon","Ball Lightning","Beam Cell+1","Auto Shields","Echo Form","Hologram+1","Melter","Heatsinks+1","Pain","Static Discharge+1","Loop+1","Hologram"],"relics":["Cracked Core","Kunai","Frozen Egg 2","WarpedTongs","Nunchaku"],"potions_floor_usage":[7,16,16],"damage_taken":[{"damage":3,"enemies":"Jaw Worm","floor":1,"turns":3},{"damage":0,"enemies":"Cultist","floor":2,"turns":2},{"damage":0,"enemies":"2 Louse","floor":4,"turns":2},{"damage":15,"enemies":"Lots of Slimes","floor":5,"turns":3},{"damage":16,"enemies":"Gremlin Nob","floor":7,"turns":3},{"damage":6,"enemies":"3 Louse","floor":8,"turns":3},{"damage":0,"enemies":"Looter","floor":10,"turns":2},{"damage":6,"enemies":"Lagavulin","floor":12,"turns":5},{"damage":20,"enemies":"Lots of Slimes","floor":13,"turns":5},{"damage":0,"enemies":"Exordium Wildlife","floor":14,"turns":2},{"damage":17,"enemies":"The Guardian","floor":16,"turns":2}],"seed_played":"-2268478016961184379","potions_obtained":[{"floor":5,"key":"Swift Potion"},{"floor":8,"key":"GamblersBrew"},{"floor":10,"key":"Ancient Potion"},{"floor":12,"key":"Weak Potion"},{"floor":14,"key":"SpeedPotion"}],"is_trial":false,"path_per_floor":["M","M","?","M","M","R","E","M","T","M","?","E","M","M","R","B"],"character_chosen":"DEFECT","items_purchased":[],"campfire_rested":0,"item_purchase_floors":[],"current_hp_per_floor":[72,72,72,72,57,57,41,35,35,35,35,29,9,9,9,0],"gold":294,"neow_bonus":"TRANSFORM_CARD","is_prod":false,"is_daily":false,"chose_seed":false,"campfire_upgraded":2,"win_rate":0,"timestamp":1544984396,"path_taken":["M","M","?","M","M","R","E","M","T","M","?","E","M","M","R","BOSS"],"build_version":"2018-12-13","purchased_purges":0,"victory":false,"max_hp_per_floor":[75,75,75,75,75,75,75,75,75,75,75,75,75,75,75,75],"card_choices":[{"not_picked":["Cold Snap","Stack"],"picked":"Ball Lightning","floor":1},{"not_picked":["Redo","Barrage"],"picked":"Beam Cell","floor":2},{"not_picked":["Force Field","Redo"],"picked":"Auto Shields","floor":4},{"not_picked":["Cold Snap","Compile Driver"],"picked":"Echo Form","floor":5},{"not_picked":["Hello World","Rebound"],"picked":"Hologram","floor":7},{"not_picked":["Go for the Eyes","Turbo"],"picked":"Melter","floor":8},{"not_picked":["Chaos","Gash"],"picked":"Heatsinks+1","floor":10},{"not_picked":["Tempest","Reinforced Body"],"picked":"Static Discharge+1","floor":12},{"not_picked":["Rebound","Skim"],"picked":"Loop+1","floor":13},{"not_picked":["Rip and Tear","Tempest"],"picked":"Hologram","floor":14}],"player_experience":980517,"relics_obtained":[{"floor":7,"key":"Kunai"},{"floor":9,"key":"Frozen Egg 2"},{"floor":12,"key":"Nunchaku"}],"event_choices":[{"damage_healed":0,"gold_gain":0,"player_choice":"Grow","damage_taken":0,"max_hp_gain":0,"max_hp_loss":0,"event_name":"Living Wall","floor":3,"gold_loss":0,"cards_upgraded":["Beam Cell"]},{"damage_healed":0,"gold_gain":0,"player_choice":"Rummage","damage_taken":0,"relics_obtained":["WarpedTongs"],"max_hp_gain":0,"max_hp_loss":0,"event_name":"Accursed Blacksmith","floor":11,"gold_loss":0,"cards_obtained":["Pain"]}],"is_beta":true,"boss_relics":[],"items_purged_floors":[],"is_endless":false,"potions_floor_spawned":[5,8,10,12,14],"killed_by":"The Guardian","ascension_level":1}