{"gold_per_floor":[110,125,141,141,153,188,188,213,213,244,254,254,285,296,296,401,401,414,414,427,45,145,180,206,218,230,242,282,294,337,50,50,152,152,166,186,199,213,213],"floor_reached":39,"playtime":2761,"items_purged":["Strike_G"],"score":521,"play_id":"5603cf07-14a8-4e35-be9e-5a6c51805d3b","local_time":"20190505081418","is_ascension_mode":true,"campfire_choices":[{"data":"Dagger Spray","floor":7,"key":"SMITH"},{"data":"Glass Knife","floor":15,"key":"SMITH"},{"floor":25,"key":"REST"},{"data":"Cloak And Dagger","floor":27,"key":"SMITH"},{"data":"Calculated Gamble","floor":29,"key":"SMITH"},{"data":"J.A.X.","floor":32,"key":"SMITH"}],"neow_cost":"NONE","seed_source_timestamp":338660738661601,"circlet_count":0,"master_deck":["Defend_G","Defend_G","Defend_G","Defend_G","Defend_G","Strike_G","Strike_G","Strike_G","Survivor","Neutralize","Deflect","Dagger Throw","Dagger Spray+1","Well Laid Plans+1","Poisoned Stab","Calculated Gamble+1","Infinite Blades","Terror","Glass Knife+1","Choke","Corpse Explosion","J.A.X.+1","Cloak And Dagger+1","Deflect+1","Blur","Deadly Poison+1","PiercingWail","Envenom+1","PiercingWail+1"],"relics":["Ring of the Snake","strawberrySpire:Treaders","strawberrySpire:TinySteamboat","Singing Bowl","Question Card","strawberrySpire:ByrdBeak","strawberrySpire:RottenAvocado","Lee\u0027s Waffle","Ancient Tea Set","strawberrySpire:ThornyGelberry","Letter Opener","MawBank","Blue Candle","Ice Cream","strawberrySpire:ShipInABottle","TheAbacus","Eternal Feather"],"potions_floor_usage":[8,11,16,16,22,33,33,33,35,38,38,39],"damage_taken":[{"damage":0,"enemies":"Jaw Worm","floor":1,"turns":5},{"damage":1,"enemies":"Cultist","floor":2,"turns":4},{"damage":0,"enemies":"Small Slimes","floor":3,"turns":3},{"damage":2,"enemies":"Exordium Wildlife","floor":5,"turns":6},{"damage":9,"enemies":"3 Sentries","floor":6,"turns":10},{"damage":11,"enemies":"Lagavulin","floor":8,"turns":6},{"damage":17,"enemies":"3 Sentries","floor":10,"turns":8},{"damage":0,"enemies":"Gremlin Gang","floor":11,"turns":3},{"damage":2,"enemies":"Lagavulin","floor":13,"turns":6},{"damage":0,"enemies":"Exordium Thugs","floor":14,"turns":2},{"damage":28,"enemies":"Hexaghost","floor":16,"turns":6},{"damage":8,"enemies":"3 Byrds","floor":18,"turns":4},{"damage":13,"enemies":"Chosen","floor":20,"turns":3},{"damage":8,"enemies":"Colosseum Slavers","floor":22,"turns":2},{"damage":11,"enemies":"Colosseum Nobs","floor":22,"turns":3},{"damage":27,"enemies":"Book of Stabbing","floor":23,"turns":4},{"damage":28,"enemies":"Shelled Parasite and Fungi","floor":24,"turns":5},{"damage":3,"enemies":"Slavers","floor":28,"turns":1},{"damage":8,"enemies":"Book of Stabbing","floor":30,"turns":3},{"damage":17,"enemies":"Champ","floor":33,"turns":7},{"damage":10,"enemies":"3 Darklings","floor":35,"turns":3},{"damage":20,"enemies":"Orb Walker","floor":36,"turns":3},{"damage":7,"enemies":"3 Darklings","floor":37,"turns":4},{"damage":25,"enemies":"Jaw Worm Horde","floor":38,"turns":4},{"damage":49,"enemies":"Writhing Mass","floor":39,"turns":2}],"seed_played":"-2671697563842537246","potions_obtained":[{"floor":6,"key":"SpeedPotion"},{"floor":10,"key":"SkillPotion"},{"floor":13,"key":"Strength Potion"},{"floor":16,"key":"Fruit Juice"},{"floor":18,"key":"Block Potion"},{"floor":24,"key":"FearPotion"},{"floor":28,"key":"EntropicBrew"},{"floor":30,"key":"SpeedPotion"},{"floor":33,"key":"EssenceOfSteel"},{"floor":35,"key":"Explosive Potion"}],"is_trial":false,"path_per_floor":["M","M","M","?","M","E","R","E","T","E","M","?","E","M","R","B",null,"M","?","M","$","?","E","M","R","T","R","E","R","E","$","R","B",null,"M","M","M","M","M"],"character_chosen":"THE_SILENT","items_purchased":["Lee\u0027s Waffle","Ancient Tea Set","Cloak And Dagger","TheAbacus","PiercingWail"],"campfire_rested":1,"item_purchase_floors":[21,21,21,31,31],"current_hp_per_floor":[77,76,76,76,74,65,65,54,54,37,39,39,37,37,37,14,84,77,77,66,91,73,48,20,47,47,47,44,44,36,36,36,19,82,73,55,48,25,0],"gold":213,"neow_bonus":"TEN_PERCENT_HP_BONUS","is_prod":false,"is_daily":false,"chose_seed":false,"campfire_upgraded":5,"win_rate":0,"timestamp":1557033258,"path_taken":["M","M","M","?","M","E","R","E","T","E","?","?","E","M","R","BOSS","M","?","M","$","?","E","M","R","T","R","E","R","E","?","R","BOSS","M","M","M","M","?"],"build_version":"2019-01-23","purchased_purges":1,"victory":false,"max_hp_per_floor":[77,77,77,77,77,77,77,77,77,77,79,79,79,79,79,84,84,85,84,85,91,92,93,92,91,90,89,88,87,86,85,84,83,82,83,84,83,84,83],"card_choices":[{"not_picked":["strawberrySpire:SpinKick","Dagger Throw"],"picked":"Deflect","floor":1},{"not_picked":["strawberrySpire:SpinKick","Acrobatics"],"picked":"Dagger Throw","floor":2},{"not_picked":["Blade Dance","strawberrySpire:SpinKick"],"picked":"Dagger Spray","floor":3},{"not_picked":["Outmaneuver","Deflect"],"picked":"Poisoned Stab","floor":5},{"not_picked":["strawberrySpire:Rummage","Unload"],"picked":"Calculated Gamble","floor":6},{"not_picked":["strawberrySpire:Rummage","Dagger Spray"],"picked":"Infinite Blades","floor":8},{"not_picked":["strawberrySpire:DeltaFlow","Bane"],"picked":"Terror","floor":10},{"not_picked":["Dagger Throw","Escape Plan","strawberrySpire:Pant","Cloak And Dagger"],"picked":"Singing Bowl","floor":11},{"not_picked":["Unload","Cloak And Dagger","Blade Dance"],"picked":"Glass Knife","floor":13},{"not_picked":["Poisoned Stab","Underhanded Strike","strawberrySpire:SideSwipe"],"picked":"Choke","floor":14},{"not_picked":["Grand Finale","Unload","Envenom"],"picked":"Corpse Explosion","floor":16},{"not_picked":["Flying Knee","Outmaneuver","Concentrate","Backflip"],"picked":"Singing Bowl","floor":18},{"not_picked":["Deadly Poison","Flying Knee","Backstab","strawberrySpire:Rummage"],"picked":"Singing Bowl","floor":20},{"not_picked":["Heel Hook","Underhanded Strike","strawberrySpire:Rummage","Slice"],"picked":"Singing Bowl","floor":22},{"not_picked":["PiercingWail","strawberrySpire:DeltaFlow","Phantasmal Killer","strawberrySpire:Swampstar"],"picked":"Singing Bowl","floor":23},{"not_picked":["Flying Knee","strawberrySpire:SideSwipe","strawberrySpire:Rummage"],"picked":"Deflect+1","floor":24},{"not_picked":["Escape Plan","Poisoned Stab","strawberrySpire:Rummage"],"picked":"Blur","floor":28},{"not_picked":["Catalyst+1","Crippling Poison","strawberrySpire:Momentum+1"],"picked":"Deadly Poison+1","floor":30},{"not_picked":["A Thousand Cuts","Grand Finale","Phantasmal Killer"],"picked":"Envenom+1","floor":33},{"not_picked":["Quick Slash","Sucker Punch+1","Predator+1","strawberrySpire:Urgency"],"picked":"Singing Bowl","floor":35},{"not_picked":["Infinite Blades+1","strawberrySpire:Pant+1","Slice","Escape Plan+1"],"picked":"Singing Bowl","floor":36},{"not_picked":["Sucker Punch+1","Deadly Poison","strawberrySpire:Pant"],"picked":"PiercingWail+1","floor":37},{"not_picked":["Dodge and Roll","PiercingWail+1","Masterful Stab+1","Outmaneuver+1"],"picked":"Singing Bowl","floor":38}],"player_experience":132355,"relics_obtained":[{"floor":6,"key":"strawberrySpire:Treaders"},{"floor":8,"key":"strawberrySpire:TinySteamboat"},{"floor":9,"key":"Singing Bowl"},{"floor":10,"key":"Question Card"},{"floor":13,"key":"strawberrySpire:ByrdBeak"},{"floor":22,"key":"strawberrySpire:ThornyGelberry"},{"floor":22,"key":"Letter Opener"},{"floor":23,"key":"MawBank"},{"floor":26,"key":"Blue Candle"},{"floor":28,"key":"Ice Cream"},{"floor":30,"key":"strawberrySpire:ShipInABottle"}],"event_choices":[{"damage_healed":0,"gold_gain":0,"cards_transformed":["Strike_G"],"player_choice":"Transformed","damage_taken":0,"max_hp_gain":0,"max_hp_loss":0,"event_name":"Transmorgrifier","floor":4,"gold_loss":0,"cards_obtained":["Well Laid Plans"]},{"damage_healed":0,"gold_gain":0,"player_choice":"Grow","damage_taken":0,"max_hp_gain":0,"max_hp_loss":0,"event_name":"Living Wall","floor":12,"gold_loss":0,"cards_upgraded":["Well Laid Plans"]},{"damage_healed":0,"gold_gain":0,"player_choice":"Obtain J.A.X.","damage_taken":0,"max_hp_gain":0,"max_hp_loss":0,"event_name":"Drug Dealer","floor":19,"gold_loss":0,"cards_obtained":["J.A.X."]},{"damage_healed":0,"gold_gain":0,"player_choice":"Fight","damage_taken":0,"max_hp_gain":0,"max_hp_loss":0,"event_name":"Colosseum","floor":22,"gold_loss":0},{"damage_healed":0,"gold_gain":0,"player_choice":"Fought Nobs","damage_taken":0,"max_hp_gain":0,"max_hp_loss":0,"event_name":"Colosseum","floor":22,"gold_loss":0}],"is_beta":false,"boss_relics":[{"not_picked":["Orrery","Busted Crown"],"picked":"strawberrySpire:RottenAvocado"},{"not_picked":["Calling Bell","Empty Cage"],"picked":"Eternal Feather"}],"items_purged_floors":[31],"is_endless":false,"potions_floor_spawned":[6,10,13,16,18,22,24,28,30,33,35],"killed_by":"Writhing Mass","ascension_level":1}