{"gold_per_floor":[115,132,147,147,167,194,194,221,221,181,197,217,217,234,234,336,336,346,356,281,297,25,50,60,60,138,53,53,86,99,117,117,220,220,231,245,265,265,275,275,289,289,335,367,386,386,8,26,26,26],"floor_reached":51,"playtime":3639,"items_purged":["Defend_B","Strike_B"],"score":1137,"play_id":"eb504835-6731-4882-8686-f4de51e8139f","local_time":"20190212212223","is_ascension_mode":true,"campfire_choices":[{"data":"Streamline","floor":7.0,"key":"SMITH"},{"data":"Sunder","floor":13.0,"key":"SMITH"},{"data":"Zap","floor":15.0,"key":"SMITH"},{"data":"Fission","floor":25.0,"key":"SMITH"},{"data":"Blizzard","floor":32.0,"key":"SMITH"},{"data":"Hologram","floor":40,"key":"SMITH"},{"data":"Capacitor","floor":49,"key":"SMITH"}],"neow_cost":"","seed_source_timestamp":0,"circlet_count":0,"master_deck":["Strike_B","Defend_B","Defend_B","Defend_B","Zap+1","Dualcast","Finesse","Finesse","Streamline+1","Sunder+1","Sweeping Beam","Conserve Battery","White Noise","Blizzard+1","Go for the Eyes","Conserve Battery","All For One","Buffer","Beam Cell","Rip and Tear+1","Ball Lightning+1","Fission+1","Turbo","Leap+1","Glacier","Coolheaded+1","Melter+1","Cold Snap","Multi-Cast","Cold Snap","Cold Snap+1","Glacier","Hologram+1","Madness","Madness","Static Discharge","Capacitor+1","Core Surge","Conserve Battery","Thinking Ahead","Storm","Conserve Battery+1"],"special_seed":0,"relics":["FrozenCore","Orichalcum","Bag of Marbles","DollysMirror","Centennial Puzzle","Blood Vial","Boot","Letter Opener","PreservedInsect","Symbiotic Virus","Membership Card","Nilry\u0027s Codex","DataDisk","energizedSpire:SpiderWeb","Smiling Mask","FossilizedHelix","MawBank","Anchor"],"potions_floor_usage":[45,50,50,50],"damage_taken":[{"damage":4.0,"enemies":"Jaw Worm","floor":1.0,"turns":2.0},{"damage":2.0,"enemies":"Small Slimes","floor":2.0,"turns":2.0},{"damage":0.0,"enemies":"Cultist","floor":3.0,"turns":2.0},{"damage":18.0,"enemies":"Large Slime","floor":5.0,"turns":5.0},{"damage":18.0,"enemies":"3 Sentries","floor":6.0,"turns":5.0},{"damage":17.0,"enemies":"Lagavulin","floor":8.0,"turns":5.0},{"damage":8.0,"enemies":"2 Fungi Beasts","floor":11.0,"turns":2.0},{"damage":0.0,"enemies":"Exordium Wildlife","floor":12.0,"turns":2.0},{"damage":0.0,"enemies":"Red Slaver","floor":14.0,"turns":1.0},{"damage":0.0,"enemies":"Slime Boss","floor":16.0,"turns":6.0},{"damage":14.0,"enemies":"Chosen","floor":18.0,"turns":5.0},{"damage":12.0,"enemies":"2 Thieves","floor":19.0,"turns":3.0},{"damage":0.0,"enemies":"Snake Plant","floor":21.0,"turns":4.0},{"damage":1.0,"enemies":"Book of Stabbing","floor":23.0,"turns":3.0},{"damage":10.0,"enemies":"Shelled Parasite and Fungi","floor":24.0,"turns":3.0},{"damage":0.0,"enemies":"Gremlin Leader","floor":29.0,"turns":3.0},{"damage":0.0,"enemies":"Cultist and Chosen","floor":30.0,"turns":4.0},{"damage":0.0,"enemies":"Snake Plant","floor":31.0,"turns":3.0},{"damage":4.0,"enemies":"Automaton","floor":33.0,"turns":10.0},{"damage":0.0,"enemies":"Orb Walker","floor":35.0,"turns":4.0},{"damage":40.0,"enemies":"3 Darklings","floor":36.0,"turns":7.0},{"damage":0,"enemies":"Spire Growth","floor":37,"turns":5},{"damage":0,"enemies":"4 Shapes","floor":39,"turns":6},{"damage":0,"enemies":"Maw","floor":41,"turns":7},{"damage":18,"enemies":"Nemesis","floor":44,"turns":9},{"damage":0,"enemies":"Transient","floor":45,"turns":5},{"damage":0,"enemies":"Sphere and 2 Shapes","floor":48,"turns":5},{"damage":0,"enemies":"Donu and Deca","floor":50,"turns":10}],"seed_played":"7096828937645803602","potions_obtained":[{"floor":1.0,"key":"Poison Potion"},{"floor":3.0,"key":"Strength Potion"},{"floor":6.0,"key":"Strength Potion"},{"floor":8.0,"key":"Swift Potion"},{"floor":10.0,"key":"Ancient Potion"},{"floor":10.0,"key":"SteroidPotion"},{"floor":23.0,"key":"Swift Potion"},{"floor":29.0,"key":"SkillPotion"},{"floor":39,"key":"FocusPotion"},{"floor":44,"key":"Fire Potion"}],"is_trial":false,"path_per_floor":["M","M","M","?","M","E","R","E","T","?","M","M","R","M","R","B",null,"M","M","?","M","$","E","M","R","T","?","?","E","M","M","R","B",null,"M","M","M","?","M","R","M","?","T","E","M","?","$","M","R","B",null],"character_chosen":"DEFECT","items_purchased":["Finesse","Orichalcum","Bag of Marbles","DollysMirror","Fruit Juice","Streamline","Undo","PreservedInsect","Fission","Turbo","LiquidBronze","Anchor","Core Surge","Conserve Battery","Thinking Ahead","Storm"],"campfire_rested":0,"item_purchase_floors":[0,0,0,0,0,0,0,22,22,22,47,47,47,47,47,47],"current_hp_per_floor":[76,74,74,67,49,31,31,16,16,16,10,12,12,14,14,16,80,66,56,56,58,58,59,51,51,51,51,35,37,39,41,41,39,80,80,40,42,42,44,44,46,36,36,20,22,22,22,24,24,26],"gold":26,"neow_bonus":"","is_prod":false,"is_daily":false,"chose_seed":false,"campfire_upgraded":7,"win_rate":0,"timestamp":1549995743,"path_taken":["M","M","M","?","M","E","R","E","T","?","M","M","R","?","R","BOSS","M","M","?","M","$","E","M","R","T","?","?","E","M","M","R","BOSS","M","M","M","?","M","R","?","?","T","E","M","?","$","?","R","BOSS"],"build_version":"2019-02-06","purchased_purges":2,"victory":true,"max_hp_per_floor":[80,80,80,80,80,80,80,80,80,80,80,80,80,80,80,80,80,80,80,80,80,80,80,80,80,80,80,80,80,80,80,80,80,80,80,80,80,80,80,80,80,80,80,80,80,80,80,80,80,80],"card_choices":[{"not_picked":["Rip and Tear","Chaos"],"picked":"Sweeping Beam","floor":1.0},{"not_picked":["Chaos","Reinforced Body"],"picked":"Conserve Battery","floor":2.0},{"not_picked":["Beam Cell","Turbo"],"picked":"White Noise","floor":3.0},{"not_picked":["Force Field","Static Discharge"],"picked":"Blizzard","floor":5.0},{"not_picked":["Fusion","Chaos","Sweeping Beam"],"picked":"SKIP","floor":6.0},{"not_picked":["Blizzard","Tempest"],"picked":"Aggregate","floor":8.0},{"not_picked":["Recycle","Turbo"],"picked":"Go for the Eyes","floor":11.0},{"not_picked":["Hello World","Steam Power"],"picked":"Conserve Battery","floor":12.0},{"not_picked":["Compile Driver","Sweeping Beam"],"picked":"All For One","floor":14.0},{"not_picked":["Machine Learning","Hyperbeam"],"picked":"Buffer","floor":16.0},{"not_picked":["Tempest","Blizzard+1"],"picked":"Beam Cell","floor":18.0},{"not_picked":["Lockon+1","Sweeping Beam"],"picked":"Rip and Tear+1","floor":19.0},{"not_picked":["Barrage","Sweeping Beam"],"picked":"Ball Lightning+1","floor":21.0},{"not_picked":["Hello World","Beam Cell+1"],"picked":"Leap+1","floor":23.0},{"not_picked":["Rainbow","Go for the Eyes"],"picked":"Glacier","floor":24.0},{"not_picked":["Heatsinks","Leap"],"picked":"Coolheaded+1","floor":29.0},{"not_picked":["Conserve Battery","Redo"],"picked":"Melter+1","floor":30.0},{"not_picked":["Redo","Barrage"],"picked":"Cold Snap","floor":31.0},{"not_picked":["Machine Learning","Creative AI"],"picked":"Multi-Cast","floor":33.0},{"not_picked":["Turbo+1","Compile Driver+1"],"picked":"Cold Snap","floor":35.0},{"not_picked":["Coolheaded","Beam Cell+1"],"picked":"Cold Snap+1","floor":36},{"not_picked":["Rebound","Barrage+1"],"picked":"Glacier","floor":37},{"not_picked":["Conserve Battery","Beam Cell"],"picked":"Hologram","floor":39},{"not_picked":["Thunder Strike","Go for the Eyes","Force Field"],"picked":"SKIP","floor":41},{"not_picked":["Streamline+1","Leap+1"],"picked":"Static Discharge","floor":44},{"not_picked":["Barrage+1","Rip and Tear"],"picked":"Capacitor","floor":45},{"not_picked":["Rip and Tear","Rebound"],"picked":"Conserve Battery+1","floor":48}],"player_experience":1138573,"relics_obtained":[{"floor":6.0,"key":"Blood Vial"},{"floor":8.0,"key":"Boot"},{"floor":9.0,"key":"Letter Opener"},{"floor":23.0,"key":"Symbiotic Virus"},{"floor":28.0,"key":"Nilry\u0027s Codex"},{"floor":29.0,"key":"DataDisk"},{"floor":43,"key":"Smiling Mask"},{"floor":44,"key":"FossilizedHelix"}],"event_choices":[{"cards_removed":["Strike_B"],"damage_healed":0.0,"max_hp_gain":0.0,"max_hp_loss":0.0,"gold_gain":0.0,"event_name":"Golden Wing","player_choice":"Card Removal","floor":4.0,"gold_loss":0.0,"damage_taken":7.0},{"damage_healed":0.0,"max_hp_gain":0.0,"max_hp_loss":0.0,"gold_gain":0.0,"event_name":"The Woman in Blue","player_choice":"Bought 3 Potions","floor":10.0,"gold_loss":0.0,"damage_taken":0.0},{"cards_removed":["Strike_B"],"damage_healed":0.0,"max_hp_gain":0.0,"max_hp_loss":0.0,"gold_gain":0.0,"event_name":"Beggar","player_choice":"Gave Gold","floor":20.0,"gold_loss":75.0,"damage_taken":0.0},{"damage_healed":0.0,"max_hp_gain":0.0,"max_hp_loss":0.0,"gold_gain":0.0,"event_name":"Addict","player_choice":"Obtained Relic","floor":27.0,"gold_loss":85.0,"damage_taken":0.0,"relics_obtained":["Membership Card"]},{"damage_healed":0.0,"max_hp_gain":0.0,"max_hp_loss":0.0,"gold_gain":0.0,"event_name":"Cursed Tome","player_choice":"Obtained Book","floor":28.0,"gold_loss":0.0,"damage_taken":16.0},{"damage_healed":0,"gold_gain":0,"player_choice":"Upgraded","damage_taken":0,"max_hp_gain":0,"max_hp_loss":0,"event_name":"Upgrade Shrine","floor":38,"gold_loss":0,"cards_upgraded":["Aggregate"]},{"damage_healed":0,"gold_gain":0,"player_choice":"Embrace Madness","damage_taken":10,"max_hp_gain":0,"max_hp_loss":0,"event_name":"Winding Halls","floor":42,"gold_loss":0,"cards_obtained":["Madness","Madness"]},{"cards_removed":["Aggregate"],"damage_healed":0,"gold_gain":0,"player_choice":"Gave Card","damage_taken":0,"relics_obtained":["MawBank"],"max_hp_gain":0,"max_hp_loss":0,"event_name":"WeMeetAgain","floor":46,"gold_loss":0}],"is_beta":true,"boss_relics":[{"not_picked":["Runic Dome","Sozu"],"picked":"FrozenCore"},{"not_picked":["White Beast Statue","energizedSpire:DeadBattery"],"picked":"energizedSpire:SpiderWeb"}],"items_purged_floors":[0,47],"is_endless":false,"potions_floor_spawned":[1,3,6,8,19,21,23,29,39,44,48],"ascension_level":1}