{"gold_per_floor":[119,119,119,139,18,18,36,114,114,114],"floor_reached":10,"playtime":264,"items_purged":[],"score":59,"play_id":"bb0cc93b-e977-40db-9007-d76c2167908b","local_time":"20190914120222","is_ascension_mode":true,"campfire_choices":[{"data":"Loop","floor":6,"key":"SMITH"}],"neow_cost":"NONE","seed_source_timestamp":207919906322700,"circlet_count":0,"master_deck":["Strike_B","Strike_B","Defend_B","Defend_B","Defend_B","Defend_B","Zap","Dualcast","Steam","Cold Snap","Loop+1","Creative AI","Hologram","Ball Lightning","Fission"],"relics":["Cracked Core","Golden Idol","Meat on the Bone","Pantograph"],"potions_floor_usage":[10],"damage_taken":[{"damage":2,"enemies":"2 Louse","floor":1,"turns":3},{"damage":6,"enemies":"Small Slimes","floor":4,"turns":4},{"damage":3,"enemies":"Jaw Worm","floor":7,"turns":4},{"damage":27,"enemies":"Gremlin Nob","floor":8,"turns":5},{"damage":24,"enemies":"Gremlin Nob","floor":10,"turns":3}],"seed_played":"-206991864763518968","potions_obtained":[{"floor":7,"key":"SneckoOil"},{"floor":8,"key":"GamblersBrew"}],"is_trial":false,"path_per_floor":["M","?","?","M","$","R","M","?","T","E"],"character_chosen":"DEFECT","items_purchased":["Creative AI","Hologram"],"campfire_rested":0,"item_purchase_floors":[5,5],"current_hp_per_floor":[73,66,48,42,42,42,39,24,24,0],"gold":114,"neow_bonus":"TRANSFORM_CARD","is_prod":false,"is_daily":false,"chose_seed":false,"campfire_upgraded":1,"win_rate":0,"timestamp":1568451742,"path_taken":["M","?","?","M","?","R","?","?","T","E"],"build_version":"2019-09-12","purchased_purges":0,"victory":false,"max_hp_per_floor":[75,75,75,75,75,75,75,75,75,75],"card_choices":[{"not_picked":["Rebound","Streamline"],"picked":"Cold Snap","floor":1},{"not_picked":["Ball Lightning","Aggregate"],"picked":"Loop","floor":4},{"not_picked":["Cold Snap","Skim"],"picked":"Ball Lightning","floor":7},{"not_picked":["Sunder","Redo"],"picked":"Fission","floor":8}],"player_experience":280488,"relics_obtained":[{"floor":9,"key":"Pantograph"}],"event_choices":[{"cards_removed":["Strike_B"],"damage_healed":0,"gold_gain":0,"player_choice":"Card Removal","damage_taken":7,"max_hp_gain":0,"max_hp_loss":0,"event_name":"Golden Wing","floor":2,"gold_loss":0},{"damage_healed":0,"gold_gain":0,"player_choice":"Take Damage","damage_taken":18,"relics_obtained":["Golden Idol"],"max_hp_gain":0,"max_hp_loss":0,"event_name":"Golden Idol","floor":3,"gold_loss":0},{"damage_healed":0,"gold_gain":0,"player_choice":"Searched \u00272\u0027 times","damage_taken":0,"relics_obtained":["Meat on the Bone"],"max_hp_gain":0,"max_hp_loss":0,"event_name":"Dead Adventurer","floor":8,"gold_loss":0}],"is_beta":true,"boss_relics":[],"items_purged_floors":[],"is_endless":false,"potions_floor_spawned":[7,8],"killed_by":"Gremlin Nob","ascension_level":1}