{"gold_per_floor":[111,124,124,138,150,178,178,178,178,178,178,195,210,244,244,342,342,358,373,373,188,201,201,226,226,253,278,278,278,312,312,312,407,407,417,417,432,332,432,467,482,507,507,520,430,23,23,41,41,41],"floor_reached":50,"playtime":2804,"items_purged":["Strike_B","Defend_B","Strike_B+1"],"score":894,"play_id":"33f808ac-1e04-4d91-9c2e-80eb87403682","local_time":"20190425103157","is_ascension_mode":true,"campfire_choices":[{"data":"strawberrySpire:FocalLaser","floor":7,"key":"SMITH"},{"data":"Loop","floor":10,"key":"SMITH"},{"data":"Dualcast","floor":15,"key":"SMITH"},{"data":"Defragment","floor":23,"key":"SMITH"},{"data":"Reboot","floor":25,"key":"SMITH"},{"floor":32,"key":"REST"},{"data":"Turbo","floor":47,"key":"SMITH"},{"floor":49,"key":"REST"}],"neow_cost":"","seed_source_timestamp":1022787442775360,"circlet_count":0,"master_deck":["Strike_B+1","Zap+1","Dualcast+1","Rebound","Loop+1","strawberrySpire:FocalLaser+1","Leap","Turbo+1","Leap","Capacitor+1","Ball Lightning+1","All For One","Reboot+1","Stack+1","Defragment+1","strawberrySpire:FocalLaser+1","Genetic Algorithm+1","strawberrySpire:Disconnect","strawberrySpire:Adapter+1","strawberrySpire:AnotherWinter+1"],"relics":["Cracked Core","Whetstone","strawberrySpire:PoopsieRoll","Happy Flower","strawberrySpire:ElectricRodnt","Oddly Smooth Stone","Letter Opener","strawberrySpire:Dictionifier","theJungle:SpiritDisease","theJungle:Creamberry","strawberrySpire:Treaders","Spirit Poop","Centennial Puzzle","PreservedInsect","theJungle:SneckoAutograph","energizedSpire:CursedPentagram","Singing Bowl","Dead Branch","Orichalcum","Pantograph","Darkstone Periapt","Medical Kit"],"potions_floor_usage":[14,14,16,27,48,50,50],"damage_taken":[{"damage":12,"enemies":"Jaw Worm","floor":1,"turns":2},{"damage":1,"enemies":"Cultist","floor":2,"turns":4},{"damage":2,"enemies":"2 Louse","floor":4,"turns":3},{"damage":1,"enemies":"Exordium Wildlife","floor":5,"turns":3},{"damage":27,"enemies":"3 Sentries","floor":6,"turns":8},{"damage":2,"enemies":"Large Slime","floor":12,"turns":5},{"damage":0,"enemies":"2 Fungi Beasts","floor":13,"turns":2},{"damage":13,"enemies":"Lagavulin","floor":14,"turns":3},{"damage":6,"enemies":"The Guardian","floor":16,"turns":8},{"damage":18,"enemies":"theJungle:MUSHROOMGANG","floor":18,"turns":3},{"damage":0,"enemies":"Shell Parasite","floor":19,"turns":4},{"damage":24,"enemies":"theJungle:2_Flameangoes","floor":22,"turns":5},{"damage":20,"enemies":"theJungle:2_Phrogs","floor":24,"turns":5},{"damage":0,"enemies":"theJungle:Cassacara","floor":27,"turns":4},{"damage":0,"enemies":"theJungle:MamaSnecko","floor":30,"turns":5},{"damage":22,"enemies":"theJungle:FunGuy","floor":33,"turns":7},{"damage":0,"enemies":"Orb Walker","floor":35,"turns":3},{"damage":1,"enemies":"3 Shapes","floor":37,"turns":3},{"damage":0,"enemies":"Mind Bloom Boss Battle","floor":39,"turns":5},{"damage":35,"enemies":"strawberrySpire:EssenceStones","floor":40,"turns":5},{"damage":10,"enemies":"Maw","floor":41,"turns":6},{"damage":23,"enemies":"Nemesis","floor":42,"turns":5},{"damage":12,"enemies":"Writhing Mass","floor":44,"turns":4},{"damage":9,"enemies":"Transient","floor":48,"turns":5},{"damage":77,"enemies":"Time Eater","floor":50,"turns":6}],"seed_played":"7587048975523177020","potions_obtained":[{"floor":6,"key":"Weak Potion"},{"floor":12,"key":"Explosive Potion"},{"floor":13,"key":"Poison Potion"},{"floor":14,"key":"SneckoOil"},{"floor":18,"key":"Poison Potion"},{"floor":22,"key":"SteroidPotion"},{"floor":27,"key":"Poison Potion"}],"is_trial":false,"path_per_floor":["M","M","?","M","M","E","R","?","T","R","?","M","M","E","R","B",null,"M","M","?","?","M","R","E","R","T","E","?","?","E","?","R","B",null,"M","?","M","$","?","E","M","E","T","M","?","$","R","M","R","B"],"character_chosen":"DEFECT","items_purchased":["Panache","Rebound","Whetstone","strawberrySpire:PoopsieRoll","Happy Flower","Loop","strawberrySpire:FocalLaser","Medical Kit","Regen Potion"],"campfire_rested":2,"item_purchase_floors":[0,0,0,0,0,0,0,46,46],"current_hp_per_floor":[63,62,85,83,82,55,55,48,48,48,31,29,29,16,16,10,85,67,67,67,67,43,43,23,23,23,23,23,23,23,23,48,26,85,85,85,84,84,86,53,45,24,24,20,20,20,20,22,52,0],"gold":41,"neow_bonus":"","is_prod":false,"is_daily":false,"chose_seed":false,"campfire_upgraded":6,"win_rate":0,"timestamp":1556177517,"path_taken":["M","M","?","?","M","E","R","?","T","R","?","M","M","E","R","BOSS","M","M","?","?","?","R","E","R","T","E","?","?","E","?","R","BOSS","M","?","?","$","?","E","M","E","T","M","?","$","R","?","R","BOSS"],"build_version":"2019-01-23","purchased_purges":3,"victory":false,"max_hp_per_floor":[75,75,85,85,85,85,85,85,85,85,85,85,85,85,85,85,85,85,85,85,85,85,85,85,85,85,85,85,85,85,85,85,85,85,85,85,85,85,87,89,91,93,93,101,98,98,98,100,100,100],"card_choices":[{"not_picked":["Go for the Eyes","Ball Lightning"],"picked":"Leap","floor":1},{"not_picked":["Redo","Rebound","FTL"],"picked":"SKIP","floor":2},{"not_picked":["Gash","strawberrySpire:THEL"],"picked":"Turbo","floor":4},{"not_picked":["Beam Cell","strawberrySpire:ReturnNull"],"picked":"Leap","floor":5},{"not_picked":["strawberrySpire:DataDump","Streamline"],"picked":"Capacitor","floor":6},{"not_picked":["strawberrySpire:Refactor","strawberrySpire:DataDump","Compile Driver"],"picked":"SKIP","floor":12},{"not_picked":["strawberrySpire:NeonFlight","Stack"],"picked":"Ball Lightning","floor":13},{"not_picked":["Rebound","Streamline"],"picked":"All For One","floor":14},{"not_picked":["strawberrySpire:Ronchyble","All For One"],"picked":"Reboot","floor":16},{"not_picked":["Redo+1","Skim+1"],"picked":"Stack+1","floor":18},{"not_picked":["Rip and Tear+1","strawberrySpire:Adapter"],"picked":"Defragment","floor":19},{"not_picked":["Melter+1","Recycle+1"],"picked":"strawberrySpire:FocalLaser+1","floor":22},{"not_picked":["Rebound","Steam+1"],"picked":"Genetic Algorithm+1","floor":24},{"not_picked":["Rebound+1","strawberrySpire:DataDump","strawberrySpire:Disconnect"],"picked":"SKIP","floor":27},{"not_picked":["Rebound+1","strawberrySpire:DataDump"],"picked":"strawberrySpire:Disconnect","floor":27},{"not_picked":["FTL+1","Heatsinks+1"],"picked":"strawberrySpire:Adapter+1","floor":30},{"not_picked":["Multi-Cast+1","Electrodynamics+1"],"picked":"strawberrySpire:AnotherWinter+1","floor":33},{"not_picked":["strawberrySpire:NeonFlight+1","Go for the Eyes+1","Compile Driver+1"],"picked":"SKIP","floor":35},{"not_picked":["Go for the Eyes","Gash+1","strawberrySpire:DataDump+1"],"picked":"SKIP","floor":37},{"not_picked":["Barrage+1","Double Energy+1","Beam Cell+1"],"picked":"Singing Bowl","floor":39},{"not_picked":["Skim+1","strawberrySpire:DataDump","Beam Cell"],"picked":"Singing Bowl","floor":40},{"not_picked":["Stack","Reprogram+1","Go for the Eyes+1"],"picked":"Singing Bowl","floor":41},{"not_picked":["Sunder+1","Rainbow+1","Melter+1"],"picked":"Singing Bowl","floor":42},{"not_picked":["Beam Cell+1","strawberrySpire:BreederCore+1","Defragment+1"],"picked":"Singing Bowl","floor":44},{"not_picked":["Sweeping Beam","Gash","Storm+1"],"picked":"Singing Bowl","floor":48}],"player_experience":116886,"relics_obtained":[{"floor":6,"key":"strawberrySpire:ElectricRodnt"},{"floor":9,"key":"Oddly Smooth Stone"},{"floor":14,"key":"Letter Opener"},{"floor":24,"key":"strawberrySpire:Treaders"},{"floor":26,"key":"Spirit Poop"},{"floor":27,"key":"Centennial Puzzle"},{"floor":30,"key":"PreservedInsect"},{"floor":39,"key":"Dead Branch"},{"floor":40,"key":"Orichalcum"},{"floor":42,"key":"Pantograph"},{"floor":43,"key":"Darkstone Periapt"}],"event_choices":[{"cards_removed":["Panache"],"damage_healed":13,"gold_gain":0,"player_choice":"Offered Rare","damage_taken":0,"max_hp_gain":10,"max_hp_loss":0,"event_name":"Bonfire Elementals","floor":3,"gold_loss":0},{"cards_removed":["Strike_B"],"damage_healed":0,"gold_gain":0,"player_choice":"Card Removal","damage_taken":7,"max_hp_gain":0,"max_hp_loss":0,"event_name":"Golden Wing","floor":8,"gold_loss":0},{"damage_healed":0,"gold_gain":0,"player_choice":"Entered Light","damage_taken":17,"max_hp_gain":0,"max_hp_loss":0,"event_name":"Shining Light","floor":11,"gold_loss":0,"cards_upgraded":["Capacitor","Zap"]},{"cards_removed":["Shame"],"damage_healed":0,"gold_gain":0,"player_choice":"Purged","damage_taken":0,"max_hp_gain":0,"max_hp_loss":0,"event_name":"Purifier","floor":36,"gold_loss":0},{"damage_healed":0,"gold_gain":0,"player_choice":"Fight","damage_taken":0,"max_hp_gain":0,"max_hp_loss":0,"event_name":"MindBloom","floor":39,"gold_loss":0},{"cards_removed":["Parasite"],"damage_healed":0,"gold_gain":0,"player_choice":"Upgrade and Remove","damage_taken":0,"max_hp_gain":0,"max_hp_loss":0,"event_name":"Designer","floor":45,"gold_loss":90,"cards_upgraded":["Ball Lightning"]}],"is_beta":false,"boss_relics":[{"not_picked":["strawberrySpire:RottenAvocado","energizedSpire:DeadBattery"],"picked":"strawberrySpire:Dictionifier"},{"not_picked":["Runic Dome","Coffee Dripper"],"picked":"energizedSpire:CursedPentagram"}],"items_purged_floors":[0,38,46],"is_endless":false,"potions_floor_spawned":[6,12,13,14,18,22,27,37,39,41,42],"killed_by":"Time Eater","ascension_level":2}