{"gold_per_floor":[119,69,86,86,106,138,138,166,213,246,246,265,440,468,468,571,521,539,464,484,484,503,529,529,556,580,495,495,495,13,13,13,115,115,133,133,133,8,8,8,20,20,47,47,58,71,125,157,157,157],"floor_reached":51,"playtime":1827,"items_purged":["Strike_R","Strike_R","Strike_R"],"score":1136,"play_id":"159bd0fa-c0b0-4c3d-9e52-df486e376536","local_time":"20190608061142","is_ascension_mode":true,"campfire_choices":[{"data":"Metallicize","floor":7,"key":"SMITH"},{"data":"Spot Weakness","floor":11,"key":"SMITH"},{"data":"Disarm","floor":15,"key":"SMITH"},{"data":"Entrench","floor":24,"key":"SMITH"},{"data":"Juggernaut","floor":29,"key":"SMITH"},{"data":"Disarm","floor":32,"key":"SMITH"},{"data":"Limit Break","floor":40,"key":"SMITH"},{"data":"Barricade","floor":42,"key":"SMITH"},{"data":"Ghostly Armor","floor":44,"key":"SMITH"},{"data":"Demon Form","floor":49,"key":"SMITH"}],"neow_cost":"","seed_source_timestamp":393218997104290,"circlet_count":0,"master_deck":["Strike_R","Defend_R","Defend_R","Defend_R+1","Defend_R","Bash","Mayhem+1","Pommel Strike+1","Flash of Steel","Iron Wave","Reckless Charge","Metallicize+1","Shrug It Off+1","Ghostly Armor+1","Disarm+1","Spot Weakness+1","Thunderclap","Impervious","Parasite","Juggernaut+1","Clothesline","Heavy Blade","Entrench+1","Heavy Blade+1","Headbutt","Barricade+1","Disarm+1","Dark Shackles","Limit Break+1","Shrug It Off+1","Metallicize+1","Madness","Madness","Finesse","Master of Strategy","Iron Wave","Ghostly Armor+1","Iron Wave","Iron Wave+1","Body Slam","Demon Form+1","Offering"],"relics":["Burning Blood","Juzu Bracelet","Red Skull","Frozen Eye","Ornamental Fan","Boot","Vajra","Orichalcum","Prayer Wheel","energizedSpire:HugeHouse","WarpedTongs","War Paint","Unceasing Top","Omamori","Question Card","energizedSpire:RedRose","Regal Pillow","Calipers","Bag of Preparation"],"potions_floor_usage":[6,14,33,50,50,50],"damage_taken":[{"damage":3,"enemies":"Cultist","floor":1,"turns":3},{"damage":0,"enemies":"Small Slimes","floor":3,"turns":4},{"damage":6,"enemies":"Jaw Worm","floor":5,"turns":3},{"damage":17,"enemies":"3 Sentries","floor":6,"turns":10},{"damage":0,"enemies":"Lagavulin","floor":8,"turns":7},{"damage":10,"enemies":"Gremlin Nob","floor":10,"turns":4},{"damage":18,"enemies":"Exordium Thugs","floor":12,"turns":3},{"damage":10,"enemies":"Lagavulin","floor":14,"turns":6},{"damage":0,"enemies":"Hexaghost","floor":16,"turns":8},{"damage":1,"enemies":"Chosen","floor":18,"turns":6},{"damage":1,"enemies":"Shell Parasite","floor":20,"turns":5},{"damage":12,"enemies":"Snake Plant","floor":22,"turns":5},{"damage":17,"enemies":"Gremlin Leader","floor":23,"turns":6},{"damage":11,"enemies":"Book of Stabbing","floor":25,"turns":6},{"damage":23,"enemies":"Automaton","floor":33,"turns":9},{"damage":2,"enemies":"3 Shapes","floor":35,"turns":6},{"damage":0,"enemies":"Orb Walker","floor":41,"turns":3},{"damage":0,"enemies":"Writhing Mass","floor":45,"turns":6},{"damage":0,"enemies":"Transient","floor":46,"turns":5},{"damage":30,"enemies":"2 Orb Walkers","floor":47,"turns":6},{"damage":20,"enemies":"Reptomancer","floor":48,"turns":5},{"damage":20,"enemies":"Awakened One","floor":50,"turns":6}],"seed_played":"5097152450185277824","potions_obtained":[{"floor":5,"key":"Swift Potion"},{"floor":6,"key":"Swift Potion"},{"floor":8,"key":"SteroidPotion"},{"floor":18,"key":"PowerPotion"},{"floor":22,"key":"LiquidBronze"},{"floor":23,"key":"SpeedPotion"},{"floor":25,"key":"Energy Potion"},{"floor":33,"key":"Poison Potion"},{"floor":41,"key":"SkillPotion"},{"floor":45,"key":"SteroidPotion"},{"floor":46,"key":"Strength Potion"}],"is_trial":false,"path_per_floor":["M","?","M","?","M","E","R","E","T","E","R","M","?","E","R","B",null,"M","?","M","?","M","E","R","E","T","?","?","R","$","?","R","B",null,"M","?","?","$","?","R","M","R","T","R","M","M","?","E","R","B",null],"character_chosen":"IRONCLAD","items_purchased":["Juzu Bracelet","Red Skull","Mayhem","Frozen Eye","Pommel Strike","Flash of Steel","Iron Wave","Reckless Charge","Barricade","Disarm","Dark Shackles","Ancient Potion"],"campfire_rested":0,"item_purchase_floors":[0,0,0,0,0,0,0,0,30,30,30,30],"current_hp_per_floor":[80,80,80,64,64,53,53,59,59,55,55,43,43,39,39,45,75,75,75,75,75,69,58,58,53,53,53,53,53,53,53,53,36,75,75,66,56,56,56,56,62,62,62,62,68,74,50,36,36,22],"gold":157,"neow_bonus":"","is_prod":false,"is_daily":false,"chose_seed":false,"campfire_upgraded":10,"win_rate":0,"timestamp":1559963502,"path_taken":["M","?","M","?","M","E","R","E","T","E","R","M","?","E","R","BOSS","M","?","M","?","M","E","R","E","T","?","?","R","?","?","R","BOSS","M","?","?","$","?","R","M","R","T","R","M","M","?","E","R","BOSS"],"build_version":"2019-01-23","purchased_purges":3,"victory":true,"max_hp_per_floor":[80,80,80,80,80,80,80,80,80,80,80,80,80,80,80,80,75,75,75,75,75,75,75,75,75,75,75,75,75,75,75,75,75,75,75,75,75,75,75,75,75,75,75,75,75,75,75,75,75,75],"card_choices":[{"not_picked":["Anger","Body Slam"],"picked":"Clothesline","floor":1},{"not_picked":["Clash","Flex"],"picked":"Metallicize","floor":3},{"not_picked":["Perfected Strike","Anger"],"picked":"Shrug It Off","floor":5},{"not_picked":["Thunderclap","Havoc"],"picked":"Ghostly Armor","floor":6},{"not_picked":["Rampage","Fire Breathing"],"picked":"Disarm","floor":8},{"not_picked":["Rampage","Double Tap"],"picked":"Spot Weakness","floor":10},{"not_picked":["True Grit","Clash"],"picked":"Thunderclap","floor":12},{"not_picked":["Rampage","Reckless Charge","Clothesline"],"picked":"SKIP","floor":14},{"not_picked":["Exhume","Feed"],"picked":"Impervious","floor":16},{"not_picked":["Sword Boomerang","Heavy Blade"],"picked":"Clothesline","floor":18},{"not_picked":["Bloodletting+1","Reckless Charge"],"picked":"Heavy Blade","floor":18},{"not_picked":["Armaments","Iron Wave"],"picked":"Entrench","floor":20},{"not_picked":["Armaments","Infernal Blade"],"picked":"Heavy Blade+1","floor":20},{"not_picked":["Perfected Strike","Evolve"],"picked":"Headbutt","floor":22},{"not_picked":["Power Through","Sentinel","Wild Strike"],"picked":"SKIP","floor":22},{"not_picked":["Twin Strike","Power Through+1","Havoc"],"picked":"SKIP","floor":23},{"not_picked":["Anger","Thunderclap","Headbutt"],"picked":"SKIP","floor":25},{"not_picked":["Fiend Fire","Berserk","Immolate"],"picked":"Limit Break","floor":33},{"not_picked":["Fire Breathing+1","Clash","Battle Trance"],"picked":"Shrug It Off+1","floor":35},{"not_picked":["Pommel Strike+1","Fire Breathing","Rage+1"],"picked":"Metallicize+1","floor":35},{"not_picked":["Forethought","Metamorphosis","Violence"],"picked":"Finesse","floor":37},{"not_picked":["PanicButton","Enlightenment","Chrysalis"],"picked":"Master of Strategy","floor":37},{"not_picked":["Feel No Pain","Clothesline+1","Havoc"],"picked":"Iron Wave","floor":41},{"not_picked":["Thunderclap","Wild Strike+1","Armaments+1"],"picked":"Ghostly Armor+1","floor":41},{"not_picked":["Infernal Blade+1","Spot Weakness","Combust"],"picked":"Iron Wave","floor":45},{"not_picked":["Searing Blow","Cleave","Uppercut+1"],"picked":"Iron Wave+1","floor":45},{"not_picked":["Twin Strike","Blood for Blood+1","Rupture+1"],"picked":"Body Slam","floor":46},{"not_picked":["Bloodletting","Burning Pact+1","Pommel Strike+1","Rage"],"picked":"SKIP","floor":46},{"not_picked":["Anger","Heavy Blade+1","Iron Wave"],"picked":"Demon Form","floor":47},{"not_picked":["Wild Strike","Clash","Flex+1"],"picked":"Offering","floor":48}],"player_experience":158710,"relics_obtained":[{"floor":6,"key":"Ornamental Fan"},{"floor":8,"key":"Boot"},{"floor":9,"key":"Vajra"},{"floor":10,"key":"Orichalcum"},{"floor":14,"key":"Prayer Wheel"},{"floor":23,"key":"War Paint"},{"floor":25,"key":"Unceasing Top"},{"floor":26,"key":"Omamori"},{"floor":43,"key":"Regal Pillow"},{"floor":47,"key":"Calipers"},{"floor":48,"key":"Bag of Preparation"}],"event_choices":[{"cards_removed":["Regret"],"damage_healed":0,"gold_gain":0,"player_choice":"Card Removal","damage_taken":0,"max_hp_gain":0,"max_hp_loss":0,"event_name":"The Cleric","floor":2,"gold_loss":50},{"damage_healed":0,"gold_gain":0,"player_choice":"Entered Light","damage_taken":16,"max_hp_gain":0,"max_hp_loss":0,"event_name":"Shining Light","floor":4,"gold_loss":0,"cards_upgraded":["Mayhem","Pommel Strike"]},{"damage_healed":0,"gold_gain":175,"player_choice":"AGREE","damage_taken":0,"max_hp_gain":0,"max_hp_loss":0,"event_name":"Liars Game","floor":13,"gold_loss":0,"cards_obtained":["Doubt"]},{"cards_removed":["Doubt"],"damage_healed":0,"gold_gain":0,"player_choice":"Gave Gold","damage_taken":0,"max_hp_gain":0,"max_hp_loss":0,"event_name":"Beggar","floor":19,"gold_loss":75},{"damage_healed":0,"gold_gain":0,"player_choice":"Rummage","damage_taken":0,"relics_obtained":["WarpedTongs"],"max_hp_gain":0,"max_hp_loss":0,"event_name":"Accursed Blacksmith","floor":21,"gold_loss":0,"cards_obtained":["Pain"]},{"damage_healed":0,"gold_gain":0,"player_choice":"Obtained Relic","damage_taken":0,"relics_obtained":["Question Card"],"max_hp_gain":0,"max_hp_loss":0,"event_name":"Addict","floor":27,"gold_loss":85},{"damage_healed":0,"gold_gain":0,"player_choice":"Bought 0 Potions","damage_taken":0,"max_hp_gain":0,"max_hp_loss":0,"event_name":"The Woman in Blue","floor":28,"gold_loss":0},{"damage_healed":0,"gold_gain":0,"cards_transformed":["Strike_R","Pain"],"player_choice":"Became Test Subject","damage_taken":0,"max_hp_gain":0,"max_hp_loss":0,"event_name":"Drug Dealer","floor":31,"gold_loss":0,"cards_obtained":["Fiend Fire","Regret"]},{"damage_healed":0,"gold_gain":0,"player_choice":"Embrace Madness","damage_taken":9,"max_hp_gain":0,"max_hp_loss":0,"event_name":"Winding Halls","floor":36,"gold_loss":0,"cards_obtained":["Madness","Madness"]},{"damage_healed":0,"gold_gain":0,"player_choice":"Memory 3","damage_taken":10,"max_hp_gain":0,"max_hp_loss":0,"event_name":"SensoryStone","floor":37,"gold_loss":0},{"cards_removed":["Fiend Fire"],"damage_healed":0,"gold_gain":0,"player_choice":"Removed Attack","damage_taken":0,"max_hp_gain":0,"max_hp_loss":0,"event_name":"Falling","floor":39,"gold_loss":0},{"damage_healed":0,"gold_gain":0,"player_choice":"Fight","damage_taken":0,"max_hp_gain":0,"max_hp_loss":0,"event_name":"Mysterious Sphere","floor":47,"gold_loss":0}],"is_beta":false,"boss_relics":[{"not_picked":["Astrolabe","energizedSpire:SpiderWeb"],"picked":"energizedSpire:HugeHouse"},{"not_picked":["Fusion Hammer","Runic Cube"],"picked":"energizedSpire:RedRose"}],"items_purged_floors":[0,30,38],"is_endless":false,"potions_floor_spawned":[5,6,8,18,22,23,25,33,41,45,46],"ascension_level":1}