{"gold_per_floor":[110,121,141,161,180,212,212,223,249,281,300,320,320,348,348,447,447,466,479,389,400,411,411,446,0,0,0,27,27,27,27,27,122,122,134,151,199,99,0,55,55,55,55,55,89,101,131,154,166,178],"floor_reached":51,"playtime":2176,"items_purged":["Immolate","Defend_R"],"score":832,"play_id":"748a10db-de82-49d2-974c-7357d65359c0","local_time":"20181118172647","is_ascension_mode":true,"campfire_choices":[{"data":"Rage","floor":7,"key":"SMITH"},{"data":"Bash","floor":15,"key":"SMITH"},{"data":"Body Slam","floor":30,"key":"SMITH"},{"data":"Body Slam","floor":32,"key":"SMITH"},{"data":"Juggernaut","floor":41,"key":"SMITH"},{"data":"Discovery","floor":44,"key":"SMITH"},{"data":"Body Slam","floor":49,"key":"SMITH"}],"neow_cost":"TEN_PERCENT_HP_LOSS","seed_source_timestamp":688559750531290,"circlet_count":0,"master_deck":["Defend_R","Defend_R","Defend_R","Bash+1","Reaper","Clothesline+1","Intimidate","Fire Breathing+1","Twin Strike","Rage+1","Headbutt","Sword Boomerang","Flex","Thunderclap","Dropkick","Rage","Inflame","Body Slam+1","Armaments+1","Madness","Discovery+1","PanicButton","Finesse","Body Slam+1","Purity","Rage","Bite","Bite","Bite","Bite","Bite","Juggernaut+1","Shrug It Off+1","Body Slam+1","Carnage","Writhe","Corruption+1","Second Wind+1","Pummel"],"relics":["Burning Blood","Ginger","Pear","Lantern","Runic Pyramid","Strawberry","Red Skull","Bottled Flame","Orichalcum","MutagenicStrength","Velvet Choker","Peace Pipe","Red Mask","Tiny Chest","Incense Burner","MawBank","Mercury Hourglass"],"potions_floor_usage":[6,6,10,16,16,24,24,33,33,37,50,50],"damage_taken":[{"damage":5,"enemies":"Cultist","floor":1,"turns":4},{"damage":12,"enemies":"Jaw Worm","floor":2,"turns":4},{"damage":1,"enemies":"2 Louse","floor":3,"turns":4},{"damage":16,"enemies":"Red Slaver","floor":4,"turns":4},{"damage":7,"enemies":"Large Slime","floor":5,"turns":9},{"damage":25,"enemies":"Lagavulin","floor":6,"turns":7},{"damage":9,"enemies":"Exordium Thugs","floor":8,"turns":5},{"damage":14,"enemies":"Gremlin Nob","floor":10,"turns":3},{"damage":18,"enemies":"2 Fungi Beasts","floor":11,"turns":4},{"damage":1,"enemies":"Large Slime","floor":12,"turns":4},{"damage":21,"enemies":"Lagavulin","floor":14,"turns":6},{"damage":42,"enemies":"The Guardian","floor":16,"turns":8},{"damage":0,"enemies":"Chosen","floor":18,"turns":4},{"damage":12,"enemies":"2 Thieves","floor":19,"turns":4},{"damage":14,"enemies":"Centurion and Healer","floor":21,"turns":6},{"damage":26,"enemies":"Snecko","floor":22,"turns":5},{"damage":31,"enemies":"Book of Stabbing","floor":24,"turns":5},{"damage":56,"enemies":"Champ","floor":33,"turns":10},{"damage":8,"enemies":"3 Shapes","floor":35,"turns":5},{"damage":10,"enemies":"Orb Walker","floor":36,"turns":3},{"damage":37,"enemies":"2 Orb Walkers","floor":37,"turns":6},{"damage":47,"enemies":"Giant Head","floor":40,"turns":9},{"damage":20,"enemies":"Nemesis","floor":45,"turns":9},{"damage":4,"enemies":"4 Shapes","floor":47,"turns":4},{"damage":8,"enemies":"Sphere and 2 Shapes","floor":48,"turns":7},{"damage":34,"enemies":"Time Eater","floor":50,"turns":11}],"seed_played":"2781213899154171602","potions_obtained":[{"floor":1,"key":"Dexterity Potion"},{"floor":3,"key":"BloodPotion"},{"floor":4,"key":"SteroidPotion"},{"floor":8,"key":"Strength Potion"},{"floor":11,"key":"FearPotion"},{"floor":14,"key":"Regen Potion"},{"floor":19,"key":"GamblersBrew"},{"floor":21,"key":"Fire Potion"},{"floor":33,"key":"Strength Potion"},{"floor":36,"key":"Explosive Potion"},{"floor":47,"key":"Regen Potion"}],"is_trial":false,"path_per_floor":["M","M","M","M","M","E","R","M","T","E","M","M","?","E","R","B",null,"M","M","?","M","M","?","E","$","T","$","T","?","R","?","R","B",null,"M","M","?","$","?","E","R","?","T","R","E","T","M","M","R","B",null],"character_chosen":"IRONCLAD","items_purchased":["Purity","Red Skull","Block Potion","Strength Potion","Rage"],"campfire_rested":0,"item_purchase_floors":[25,25,25,25,25],"current_hp_per_floor":[72,66,72,64,69,53,53,54,54,56,50,63,47,35,35,13,82,82,80,80,80,60,20,26,26,26,26,26,26,26,26,26,13,62,61,62,41,41,41,11,11,27,27,27,32,32,43,49,49,57],"gold":190,"neow_bonus":"THREE_RARE_CARDS","is_prod":false,"is_daily":false,"chose_seed":false,"campfire_upgraded":7,"win_rate":0,"timestamp":1542551207,"path_taken":["M","M","M","M","M","E","R","M","T","E","M","?","?","E","R","BOSS","M","M","?","?","M","?","E","$","T","$","?","?","R","?","R","BOSS","M","M","?","$","?","E","R","?","T","R","E","?","M","M","R","BOSS"],"build_version":"2018-11-15","purchased_purges":2,"victory":true,"max_hp_per_floor":[72,72,72,72,72,72,72,72,72,82,82,82,82,82,82,82,82,82,82,82,82,82,82,89,89,89,89,89,62,62,62,62,62,62,62,62,62,62,62,62,62,62,62,62,62,62,62,62,62,62],"card_choices":[{"not_picked":["Barricade","Dark Embrace"],"picked":"Reaper","floor":0},{"not_picked":["Blood for Blood","Pummel"],"picked":"Clothesline","floor":1},{"not_picked":["Blood for Blood","Armaments"],"picked":"Intimidate","floor":2},{"not_picked":["Heavy Blade","Feel No Pain"],"picked":"Wild Strike","floor":3},{"not_picked":["Perfected Strike","Clothesline"],"picked":"Fire Breathing","floor":4},{"not_picked":["Heavy Blade","Entrench"],"picked":"Twin Strike","floor":5},{"not_picked":["Body Slam","Clash"],"picked":"Rage","floor":6},{"not_picked":["Cleave","Wild Strike"],"picked":"Headbutt","floor":8},{"not_picked":["Second Wind","Twin Strike"],"picked":"Sword Boomerang","floor":10},{"not_picked":["Berserk","Heavy Blade"],"picked":"Flex","floor":11},{"not_picked":["Warcry","Havoc"],"picked":"Thunderclap","floor":12},{"not_picked":["Heavy Blade","True Grit"],"picked":"Dropkick","floor":14},{"not_picked":["Brutality","Offering"],"picked":"Immolate","floor":16},{"not_picked":["Wild Strike","Warcry+1"],"picked":"Rage","floor":18},{"not_picked":["Uppercut","Warcry"],"picked":"Inflame","floor":19},{"not_picked":["Warcry","Shrug It Off+1"],"picked":"Body Slam","floor":21},{"not_picked":["Body Slam","Warcry"],"picked":"Armaments+1","floor":22},{"not_picked":["Reaper","Shrug It Off"],"picked":"Body Slam","floor":24},{"not_picked":["Berserk","Exhume"],"picked":"Juggernaut","floor":33},{"not_picked":["Flex","Spot Weakness+1"],"picked":"Shrug It Off+1","floor":35},{"not_picked":["Anger+1","Perfected Strike","Wild Strike+1"],"picked":"SKIP","floor":36},{"not_picked":["Fire Breathing","Armaments+1"],"picked":"Body Slam","floor":37},{"not_picked":["Double Tap","Thunderclap"],"picked":"Carnage","floor":40},{"not_picked":["Perfected Strike","Spot Weakness"],"picked":"Corruption+1","floor":45},{"not_picked":["Rampage+1","Flex+1"],"picked":"Second Wind+1","floor":47},{"not_picked":["Clash","Flex"],"picked":"Pummel","floor":48}],"player_experience":920200,"relics_obtained":[{"floor":6,"key":"Ginger"},{"floor":10,"key":"Pear"},{"floor":14,"key":"Lantern"},{"floor":24,"key":"Strawberry"},{"floor":26,"key":"Bottled Flame"},{"floor":28,"key":"Orichalcum"},{"floor":37,"key":"Peace Pipe"},{"floor":40,"key":"Tiny Chest"},{"floor":43,"key":"Incense Burner"},{"floor":45,"key":"MawBank"},{"floor":46,"key":"Mercury Hourglass"}],"event_choices":[{"damage_healed":0,"gold_gain":0,"player_choice":"Entered Light","damage_taken":16,"max_hp_gain":0,"max_hp_loss":0,"event_name":"Shining Light","floor":13,"gold_loss":0,"cards_upgraded":["Clothesline","Wild Strike"]},{"cards_removed":["Wild Strike"],"damage_healed":0,"gold_gain":0,"player_choice":"Upgrade and Remove","damage_taken":0,"max_hp_gain":0,"max_hp_loss":0,"event_name":"Designer","floor":20,"gold_loss":90,"cards_upgraded":["Fire Breathing"]},{"damage_healed":0,"gold_gain":0,"player_choice":"CARD CARD CARD CARD ","damage_taken":40,"max_hp_gain":0,"max_hp_loss":0,"event_name":"Knowing Skull","floor":23,"potions_obtained":[],"gold_loss":0,"cards_obtained":["Madness","Discovery","PanicButton","Finesse"]},{"damage_healed":0,"gold_gain":0,"player_choice":"Became a vampire","damage_taken":0,"max_hp_gain":0,"max_hp_loss":27,"event_name":"Vampires","floor":29,"gold_loss":0,"cards_obtained":["Bite","Bite","Bite","Bite","Bite"]},{"damage_healed":0,"gold_gain":0,"player_choice":"Inject Mutagens","damage_taken":0,"relics_obtained":["MutagenicStrength"],"max_hp_gain":0,"max_hp_loss":0,"event_name":"Drug Dealer","floor":31,"gold_loss":0},{"damage_healed":0,"gold_gain":0,"player_choice":"Fight","damage_taken":0,"max_hp_gain":0,"max_hp_loss":0,"event_name":"Mysterious Sphere","floor":37,"gold_loss":0},{"damage_healed":0,"gold_gain":0,"player_choice":"Paid","damage_taken":0,"relics_obtained":["Red Mask"],"max_hp_gain":0,"max_hp_loss":0,"event_name":"Tomb of Lord Red Mask","floor":39,"gold_loss":99},{"damage_healed":16,"gold_gain":0,"player_choice":"Writhe","damage_taken":0,"max_hp_gain":0,"max_hp_loss":0,"event_name":"Winding Halls","floor":42,"gold_loss":0,"cards_obtained":["Writhe"]}],"is_beta":true,"boss_relics":[{"not_picked":["Coffee Dripper","Lizard Tail"],"picked":"Runic Pyramid"},{"not_picked":["Snecko Eye","Runic Dome"],"picked":"Velvet Choker"}],"items_purged_floors":[25,38],"is_endless":false,"potions_floor_spawned":[1,3,4,8,11,14,19,21,33,36,47],"ascension_level":1}