{"path_per_floor":["M","?","M","M","T","R","?","M","T","R","T","M","M","M","R","B",null,"M","M","?","?","M","M","M","R","T","R","?","?","T","M","R","B",null,"M","?","?","M","M","M","M","$","T","M","R","M","R","M","R","B"],"character_chosen":"DEFECT","items_purchased":["Ice Cream","Bag of Preparation","Shovel","Flash of Steel"],"gold_per_floor":[112,112,132,147,202,202,202,216,216,216,216,232,249,262,262,361,361,375,386,436,436,452,469,482,482,482,482,582,582,632,649,649,753,753,764,864,914,928,939,951,966,39,63,80,80,96,96,111,111,111],"floor_reached":51,"campfire_rested":0,"playtime":3237,"current_hp_per_floor":[75,75,75,75,75,75,68,55,55,55,55,62,69,69,69,54,75,75,75,75,75,74,75,49,49,49,49,49,49,49,62,62,48,75,69,69,51,65,75,71,75,75,75,75,75,75,75,75,75,61],"items_purged":["Strike_B"],"gold":111,"score":672,"play_id":"1bdae156-9cdb-4d09-b82e-59c22fe95da7","local_time":"20180428152719","is_prod":false,"is_daily":false,"chose_seed":false,"is_ascension_mode":false,"campfire_upgraded":8,"timestamp":1524918439,"path_taken":["M","?","M","M","?","R","?","M","T","R","?","?","M","M","R","BOSS","M","M","?","?","M","?","?","R","T","R","?","?","?","M","R","BOSS","M","?","?","M","M","M","M","$","T","?","R","M","R","M","R","BOSS"],"build_version":"2018-04-27v3","seed_source_timestamp":822532670304,"purchased_purges":1,"victory":true,"master_deck":["Defend_B","Defend_B","Defend_B","Zap+1","Dualcast","Self Repair","Rebound+1","Glacier","Conserve Battery","Streamline+1","Defragment+1","Self Repair","Doom and Gloom","Rainbow+1","Axe Kick+1","Buffer+1","Beam Cell+1","Hologram+1","Stack","Go for the Eyes","Echo Form","Chill+1","Skim","FTL","Coolheaded+1","Impulse+1","Flash of Steel","Creative AI+1","Reprogram+1"],"max_hp_per_floor":[75,75,75,75,75,75,75,75,75,75,75,75,75,75,75,75,75,75,75,75,75,75,75,75,75,75,75,75,75,75,75,75,75,75,75,75,75,75,75,75,75,75,75,75,75,75,75,75,75,75],"relics":["Cracked Core","Anchor","Question Card","Meat on the Bone","Inserter","Bottled Lightning","Regal Pillow","Sozu","Calipers","Ice Cream","Bag of Preparation","Shovel","Lantern","Toolbox"],"card_choices":[{"not_picked":["Ball Lightning","Storm"],"picked":"Rebound","floor":1},{"not_picked":["Streamline","Hologram"],"picked":"Glacier","floor":3},{"not_picked":["Axe Kick","Reinforced Body"],"picked":"Conserve Battery","floor":4},{"not_picked":["Stack","Axe Kick"],"picked":"Streamline","floor":8},{"not_picked":["Chill","Reprogram","Impulse"],"picked":"Defragment","floor":12},{"not_picked":["Barrage","Skim","Rebound"],"picked":"Self Repair","floor":13},{"not_picked":["Cold Snap","Leap","Fusion"],"picked":"Doom and Gloom","floor":14},{"not_picked":["All For One","Seek","Amplify"],"picked":"Rainbow","floor":16},{"not_picked":["Ball Lightning","Skim","Capacitor"],"picked":"Axe Kick","floor":18},{"not_picked":["Cold Snap","Go for the Eyes","Rebound"],"picked":"Buffer","floor":19},{"not_picked":["Loop","Barrage","Streamline"],"picked":"Beam Cell","floor":22},{"not_picked":["Self Repair","Axe Kick","Capacitor"],"picked":"Hologram","floor":23},{"not_picked":["Cold Snap","Streamline","Go for the Eyes"],"picked":"Stack","floor":24},{"not_picked":["Tempest","Darkness","Capacitor"],"picked":"Go for the Eyes","floor":31},{"not_picked":["Fusion","Amplify","Machine Learning"],"picked":"Echo Form","floor":33},{"not_picked":["Leap","Stack","Barrage"],"picked":"Chill","floor":35},{"not_picked":["Cold Snap","Rebound","Barrage"],"picked":"Skim","floor":37},{"not_picked":["Chill","Blaster","Conserve Battery"],"picked":"FTL","floor":38},{"not_picked":["Biased Cognition","Beam Cell","Darkness"],"picked":"Coolheaded","floor":39},{"not_picked":["Stack","Buffer","Blizzard"],"picked":"Impulse","floor":41},{"not_picked":["Coolheaded","Axe Kick","Impulse"],"picked":"Creative AI","floor":44},{"not_picked":["Axe Kick","Steam Power","Coolheaded"],"picked":"Reprogram","floor":46}],"player_experience":386964,"potions_floor_usage":[19,22,40,50],"damage_taken":[{"damage":5,"enemies":"Jaw Worm","floor":1,"turns":4},{"damage":6,"enemies":"Cultist","floor":3,"turns":4},{"damage":0,"enemies":"2 Louse","floor":4,"turns":2},{"damage":20,"enemies":"Exordium Wildlife","floor":8,"turns":7},{"damage":0,"enemies":"Large Slime","floor":12,"turns":5},{"damage":0,"enemies":"2 Fungi Beasts","floor":13,"turns":4},{"damage":0,"enemies":"Looter","floor":14,"turns":3},{"damage":41,"enemies":"The Guardian","floor":16,"turns":12},{"damage":2,"enemies":"Shell Parasite","floor":18,"turns":5},{"damage":0,"enemies":"3 Byrds","floor":19,"turns":5},{"damage":15,"enemies":"Cultist and Chosen","floor":22,"turns":9},{"damage":4,"enemies":"Snecko","floor":23,"turns":6},{"damage":52,"enemies":"3 Cultists","floor":24,"turns":6},{"damage":13,"enemies":"Centurion and Healer","floor":31,"turns":9},{"damage":40,"enemies":"Champ","floor":33,"turns":16},{"damage":20,"enemies":"3 Shapes","floor":35,"turns":8},{"damage":44,"enemies":"Mysterious Sphere","floor":37,"turns":7},{"damage":0,"enemies":"Flame Bruiser 1 Orb","floor":38,"turns":8},{"damage":3,"enemies":"Maw","floor":39,"turns":9},{"damage":11,"enemies":"4 Shapes","floor":40,"turns":7},{"damage":7,"enemies":"Sphere and 2 Shapes","floor":41,"turns":6},{"damage":0,"enemies":"Flame Bruiser 2 Orb","floor":44,"turns":9},{"damage":6,"enemies":"4 Shapes","floor":46,"turns":7},{"damage":0,"enemies":"Sphere and 2 Shapes","floor":48,"turns":6},{"damage":36,"enemies":"Time Eater","floor":50,"turns":11}],"event_choices":[{"event_name":"Bonfire Elementals","player_choice":"BASIC","floor":2,"damage_taken":0},{"event_name":"Golden Wing","player_choice":"Card Removal","floor":7,"damage_taken":0},{"event_name":"The Joust","player_choice":"Bet on Murderer","floor":20,"damage_taken":0},{"event_name":"Purifier","player_choice":"One Purge","floor":21,"damage_taken":0},{"event_name":"Golden Shrine","player_choice":"Pray","floor":28,"damage_taken":0},{"event_name":"Ghosts","player_choice":"Ignored","floor":29,"damage_taken":0},{"event_name":"Golden Shrine","player_choice":"Pray","floor":36,"damage_taken":0},{"event_name":"Mysterious Sphere","player_choice":"Fight","floor":37,"damage_taken":0}],"boss_relics":[{"not_picked":["White Beast Statue","Snecko Eye"],"picked":"Inserter"},{"not_picked":["Philosopher\u0027s Stone","Eternal Feather"],"picked":"Sozu"}],"potions_floor_spawned":[8,13,23,31,33,38,40,44,46,48],"seed_played":"-5456966404389667439","ascension_level":0,"is_trial":false}