{"gold_per_floor":[115,115,115,43,43,81,99,99,99,142,163,197,210,243,243,373,373,391,391,46,66,66,99,99,99,124,138,138,167,467,498,498,601,601,611,101,101,118,131,157,157,157,157,157,167,199,210,210,210,210],"floor_reached":51,"playtime":2378,"items_purged":["Strike_R","Strike_R"],"score":1140,"play_id":"a4526e93-8500-4418-beb0-0b58d2c0b9d4","local_time":"20190828155739","is_ascension_mode":true,"campfire_choices":[{"data":"Immolate","floor":8.0,"key":"SMITH"},{"data":"True Grit","floor":15.0,"key":"SMITH"},{"data":"Flame Barrier","floor":24.0,"key":"SMITH"},{"data":"Seeing Red","floor":28.0,"key":"SMITH"},{"data":"Exhume","floor":32.0,"key":"SMITH"},{"data":"Shrug It Off","floor":41,"key":"SMITH"},{"data":"Madness","floor":44,"key":"SMITH"},{"data":"Madness","floor":49,"key":"SMITH"}],"neow_cost":"NONE","seed_source_timestamp":0,"circlet_count":0,"master_deck":["Defend_R","Defend_R","Defend_R","Defend_R","Bash","Immolate+1","Iron Wave","Limit Break","Intimidate","Sever Soul","Offering","Shrug It Off+1","Flame Barrier+1","True Grit+1","Exhume+1","Seeing Red+1","Magnetism+1","Burning Pact","Havoc+1","Dropkick","Offering","Entrench+1","Demon Form+1","Sentinel","Shrug It Off+1","Madness+1","Madness+1","Shrug It Off","Offering","Havoc+1"],"special_seed":0,"relics":["Burning Blood","Bloody Idol","Dead Branch","Omamori","Frozen Egg 2","Lantern","Happy Flower","Sozu","Strawberry","Letter Opener","PreservedInsect","Ornamental Fan","Old Coin","Paper Frog","Philosopher\u0027s Stone","Membership Card","Mummified Hand","Gremlin Horn","Oddly Smooth Stone","Bottled Tornado","Bag of Marbles"],"potions_floor_usage":[],"damage_taken":[{"damage":2.0,"enemies":"Small Slimes","floor":1.0,"turns":3.0},{"damage":38.0,"enemies":"Lagavulin","floor":6.0,"turns":9.0},{"damage":1.0,"enemies":"2 Louse","floor":7.0,"turns":2.0},{"damage":22.0,"enemies":"Gremlin Nob","floor":10.0,"turns":4.0},{"damage":3.0,"enemies":"Jaw Worm","floor":11.0,"turns":2.0},{"damage":0.0,"enemies":"3 Sentries","floor":12.0,"turns":3.0},{"damage":6.0,"enemies":"2 Fungi Beasts","floor":13.0,"turns":2.0},{"damage":6.0,"enemies":"Gremlin Nob","floor":14.0,"turns":1.0},{"damage":12.0,"enemies":"Slime Boss","floor":16.0,"turns":4.0},{"damage":1.0,"enemies":"2 Thieves","floor":18.0,"turns":2.0},{"damage":14.0,"enemies":"Shell Parasite","floor":21.0,"turns":4.0},{"damage":30.0,"enemies":"Slavers","floor":23.0,"turns":3.0},{"damage":3.0,"enemies":"Cultist and Chosen","floor":27.0,"turns":4.0},{"damage":0.0,"enemies":"Gremlin Leader","floor":29.0,"turns":5.0},{"damage":27.0,"enemies":"Book of Stabbing","floor":31.0,"turns":2.0},{"damage":50.0,"enemies":"Collector","floor":33.0,"turns":8.0},{"damage":9,"enemies":"3 Darklings","floor":35,"turns":5},{"damage":6,"enemies":"Orb Walker","floor":38,"turns":3},{"damage":22,"enemies":"Jaw Worm Horde","floor":39,"turns":2},{"damage":0,"enemies":"Nemesis","floor":40,"turns":4},{"damage":0,"enemies":"Writhing Mass","floor":45,"turns":4},{"damage":7,"enemies":"Reptomancer","floor":46,"turns":2},{"damage":0,"enemies":"Sphere and 2 Shapes","floor":47,"turns":3},{"damage":26,"enemies":"Awakened One","floor":50,"turns":3}],"seed_played":"3213582130722425978","potions_obtained":[{"floor":1.0,"key":"EssenceOfSteel"},{"floor":7.0,"key":"PowerPotion"},{"floor":14.0,"key":"BloodPotion"},{"floor":16.0,"key":"Strength Potion"}],"is_trial":false,"path_per_floor":["M","?","?","$","?","E","M","R","T","E","M","E","M","E","R","B",null,"M","?","$","M","?","E","R","?","T","M","R","E","T","E","R","B",null,"M","$","?","M","M","E","R","?","T","R","M","E","M","?","R","B",null],"character_chosen":"IRONCLAD","items_purchased":["Limit Break","Magnetism+1","Burning Pact","Membership Card","Mummified Hand","Gremlin Horn"],"campfire_rested":0,"item_purchase_floors":[4,20,20,36,36,36],"current_hp_per_floor":[80,60,60,60,60,28,33,33,33,17,20,26,26,26,26,20,80,80,87,87,79,79,55,55,55,60,68,68,79,84,68,68,29,87,87,87,87,87,76,87,87,76,76,76,87,87,87,87,87,67],"gold":210,"neow_bonus":"ONE_RANDOM_RARE_CARD","is_prod":false,"is_daily":false,"chose_seed":false,"campfire_upgraded":8,"win_rate":0,"timestamp":1566997059,"path_taken":["M","?","?","?","?","E","M","R","T","E","?","E","M","E","R","BOSS","M","?","$","?","?","E","R","?","T","M","R","E","?","E","R","BOSS","M","$","?","?","M","E","R","?","T","R","M","E","M","?","R","BOSS"],"build_version":"2019-07-17","purchased_purges":2,"victory":true,"max_hp_per_floor":[80,80,80,80,80,80,80,80,80,80,80,80,80,80,80,80,80,80,87,87,87,87,87,87,87,87,87,87,87,87,87,87,87,87,87,87,87,87,87,87,87,87,87,87,87,87,87,87,87,87],"card_choices":[{"not_picked":["Thunderclap","Reckless Charge"],"picked":"Iron Wave","floor":1.0},{"not_picked":["Infernal Blade","Spot Weakness"],"picked":"Intimidate","floor":6.0},{"not_picked":["Cleave","Clash"],"picked":"Sever Soul","floor":7.0},{"not_picked":["Flex","Reckless Charge","Pommel Strike"],"picked":"SKIP","floor":10.0},{"not_picked":["Headbutt","Flex"],"picked":"Offering","floor":11.0},{"not_picked":["Sword Boomerang","Armaments"],"picked":"Shrug It Off","floor":12.0},{"not_picked":["Spot Weakness","Sword Boomerang"],"picked":"Flame Barrier","floor":13.0},{"not_picked":["Armaments","Clash"],"picked":"True Grit","floor":14.0},{"not_picked":["Bludgeon","Feed"],"picked":"Exhume","floor":16.0},{"not_picked":["Twin Strike","Havoc"],"picked":"Seeing Red","floor":18.0},{"not_picked":["Sever Soul+1","Rampage+1"],"picked":"Havoc+1","floor":21.0},{"not_picked":["Sword Boomerang","Flex"],"picked":"Dropkick","floor":23.0},{"not_picked":["Warcry","Thunderclap","True Grit"],"picked":"SKIP","floor":27.0},{"not_picked":["Thunderclap","Flame Barrier"],"picked":"Offering","floor":29.0},{"not_picked":["Cleave","Searing Blow+1"],"picked":"Entrench+1","floor":31.0},{"not_picked":["Immolate","Feed"],"picked":"Demon Form+1","floor":33.0},{"not_picked":["Heavy Blade","Hemokinesis+1","Combust+1"],"picked":"SKIP","floor":35},{"not_picked":["Metallicize+1","Warcry"],"picked":"Sentinel","floor":38},{"not_picked":["Cleave+1","Dual Wield"],"picked":"Shrug It Off+1","floor":39},{"not_picked":["Whirlwind+1","Anger+1"],"picked":"Iron Wave","floor":40},{"not_picked":["Wild Strike+1","Intimidate+1"],"picked":"Shrug It Off","floor":45},{"not_picked":["Metallicize+1","Thunderclap"],"picked":"Offering","floor":46},{"not_picked":["Combust+1","Inflame+1"],"picked":"Havoc+1","floor":47}],"player_experience":230144,"relics_obtained":[{"floor":6.0,"key":"Dead Branch"},{"floor":9.0,"key":"Omamori"},{"floor":10.0,"key":"Frozen Egg 2"},{"floor":12.0,"key":"Lantern"},{"floor":14.0,"key":"Happy Flower"},{"floor":23.0,"key":"Letter Opener"},{"floor":26.0,"key":"PreservedInsect"},{"floor":29.0,"key":"Ornamental Fan"},{"floor":30.0,"key":"Old Coin"},{"floor":31.0,"key":"Paper Frog"},{"floor":40,"key":"Oddly Smooth Stone"},{"floor":43,"key":"Bottled Tornado"},{"floor":46,"key":"Bag of Marbles"}],"event_choices":[{"damage_healed":0.0,"max_hp_gain":0.0,"max_hp_loss":0.0,"gold_gain":0.0,"event_name":"Golden Idol","player_choice":"Take Damage","floor":2.0,"gold_loss":0.0,"damage_taken":20.0,"relics_obtained":["Golden Idol"]},{"cards_removed":["Strike_R"],"damage_healed":0.0,"max_hp_gain":0.0,"max_hp_loss":0.0,"gold_gain":0.0,"event_name":"Living Wall","player_choice":"Forget","floor":3.0,"gold_loss":0.0,"damage_taken":0.0},{"damage_healed":0.0,"max_hp_gain":0.0,"max_hp_loss":0.0,"gold_gain":0.0,"event_name":"Match and Keep!","player_choice":"0 cards matched","floor":5.0,"gold_loss":0.0,"damage_taken":0.0,"cards_obtained":[]},{"damage_healed":0.0,"max_hp_gain":0.0,"max_hp_loss":0.0,"gold_gain":0.0,"event_name":"WeMeetAgain","player_choice":"Gave Potion","floor":19.0,"gold_loss":0.0,"damage_taken":0.0,"relics_obtained":["Strawberry"]},{"cards_removed":["Strike_R"],"damage_healed":0.0,"max_hp_gain":0.0,"max_hp_loss":0.0,"gold_gain":0.0,"event_name":"Back to Basics","player_choice":"Elegance","floor":22.0,"gold_loss":0.0,"damage_taken":0.0},{"damage_healed":0.0,"max_hp_gain":0.0,"max_hp_loss":0.0,"gold_gain":0.0,"event_name":"Forgotten Altar","player_choice":"Gave Idol","floor":25.0,"relics_lost":["Golden Idol"],"gold_loss":0.0,"damage_taken":0.0,"relics_obtained":["Bloody Idol"]},{"cards_removed":["Strike_R"],"damage_healed":0,"gold_gain":0,"player_choice":"Offered Basic","damage_taken":0,"max_hp_gain":0,"max_hp_loss":0,"event_name":"Bonfire Elementals","floor":37,"gold_loss":0},{"damage_healed":0,"gold_gain":0,"player_choice":"Embrace Madness","damage_taken":11,"max_hp_gain":0,"max_hp_loss":0,"event_name":"Winding Halls","floor":42,"gold_loss":0,"cards_obtained":["Madness","Madness"]},{"cards_removed":["Iron Wave"],"damage_healed":0,"gold_gain":0,"player_choice":"Removed Attack","damage_taken":0,"max_hp_gain":0,"max_hp_loss":0,"event_name":"Falling","floor":48,"gold_loss":0}],"is_beta":false,"boss_relics":[{"not_picked":["Eternal Feather","Pandora\u0027s Box"],"picked":"Sozu"},{"not_picked":["Busted Crown","Black Blood"],"picked":"Philosopher\u0027s Stone"}],"items_purged_floors":[20,36],"is_endless":false,"potions_floor_spawned":[1,7,14,16,27,29,39,45,46,47],"ascension_level":1}