{"gold_per_floor":[116,128,145,157,82,114,114,129,129,142,153,170,170,170,170,265,265,284,284,31,42,58,90,102,129,156,156,180,180,180,180,180,278,278,289,289,289,289,309,334,334,334,359,373,386,399,399,426,426,426],"floor_reached":51,"playtime":2366,"items_purged":["Normality"],"score":799,"play_id":"f6b34a2a-a3e8-4dea-8d93-4f9d1dd7b8cc","local_time":"20180825081500","is_ascension_mode":false,"campfire_choices":[{"data":"Immolate","floor":7,"key":"SMITH"},{"data":"Spot Weakness","floor":13,"key":"SMITH"},{"data":"Shockwave","floor":15,"key":"SMITH"},{"data":"Demon Form","floor":27,"key":"SMITH"},{"data":"True Grit","floor":30,"key":"SMITH"},{"data":"Offering","floor":32,"key":"SMITH"},{"data":"Metallicize","floor":42,"key":"SMITH"},{"floor":49,"key":"REST"}],"neow_cost":"CURSE","seed_source_timestamp":218082331899699,"circlet_count":0,"master_deck":["Defend_R","Defend_R","Defend_R","Defend_R","Bash","Immolate+1","Sever Soul","Flame Barrier+1","Power Through","Metallicize+1","Thunderclap","Offering+1","Power Through","Spot Weakness+1","Shockwave+1","Impervious","Headbutt+1","Uppercut","Warcry+1","True Grit+1","Armaments+1","Demon Form+1","Bite","Bite","Bite","Violence","Impervious","Power Through+1","Demon Form+1","Disarm+1","Clothesline+1","Iron Wave+1","Rage+1","Madness","Madness","Flame Barrier+1"],"relics":["Burning Blood","Orichalcum","Gambling Chip","Velvet Choker","Shuriken","Meat on the Bone","Nunchaku","Regal Pillow","Ancient Tea Set","Black Star","Champion Belt","Sundial","Red Skull","Bird Faced Urn","Mango"],"potions_floor_usage":[16,16,16,24,33,35,40,44,48,48],"damage_taken":[{"damage":8,"enemies":"Jaw Worm","floor":1,"turns":3},{"damage":2,"enemies":"2 Louse","floor":2,"turns":2},{"damage":0,"enemies":"Small Slimes","floor":3,"turns":2},{"damage":0,"enemies":"3 Louse","floor":4,"turns":1},{"damage":28,"enemies":"Gremlin Nob","floor":6,"turns":6},{"damage":4,"enemies":"Large Slime","floor":8,"turns":7},{"damage":6,"enemies":"Exordium Thugs","floor":10,"turns":2},{"damage":6,"enemies":"Blue Slaver","floor":11,"turns":2},{"damage":6,"enemies":"Looter","floor":12,"turns":1},{"damage":9,"enemies":"Hexaghost","floor":16,"turns":6},{"damage":0,"enemies":"2 Thieves","floor":18,"turns":3},{"damage":10,"enemies":"Shell Parasite","floor":21,"turns":4},{"damage":6,"enemies":"Snecko","floor":22,"turns":3},{"damage":34,"enemies":"Book of Stabbing","floor":23,"turns":5},{"damage":13,"enemies":"Cultist and Chosen","floor":24,"turns":5},{"damage":5,"enemies":"Slavers","floor":25,"turns":3},{"damage":16,"enemies":"Automaton","floor":33,"turns":8},{"damage":6,"enemies":"3 Shapes","floor":35,"turns":3},{"damage":14,"enemies":"Flame Bruiser 1 Orb","floor":39,"turns":4},{"damage":6,"enemies":"Nemesis","floor":40,"turns":5},{"damage":13,"enemies":"Maw","floor":44,"turns":8},{"damage":6,"enemies":"Sphere and 2 Shapes","floor":45,"turns":2},{"damage":8,"enemies":"Transient","floor":46,"turns":5},{"damage":37,"enemies":"2 Orb Walkers","floor":48,"turns":7},{"damage":42,"enemies":"Time Eater","floor":50,"turns":10}],"seed_played":"-2435786450364181612","potions_obtained":[{"floor":2,"key":"SpeedPotion"},{"floor":3,"key":"Block Potion"},{"floor":10,"key":"Swift Potion"},{"floor":11,"key":"PowerPotion"},{"floor":16,"key":"SpeedPotion"},{"floor":18,"key":"GamblersBrew"},{"floor":24,"key":"Energy Potion"},{"floor":33,"key":"Energy Potion"},{"floor":35,"key":"GamblersBrew"},{"floor":39,"key":"Energy Potion"},{"floor":44,"key":"Weak Potion"},{"floor":46,"key":"BloodPotion"}],"is_trial":false,"path_per_floor":["M","M","M","M","$","E","R","M","T","M","M","M","R","?","R","B",null,"M","?","$","M","M","E","M","E","T","R","T","?","R","?","R","B",null,"M","?","?","?","M","E","?","R","T","M","M","M","?","E","R","B"],"character_chosen":"IRONCLAD","items_purchased":["Shuriken"],"campfire_rested":1,"item_purchase_floors":[20],"current_hp_per_floor":[78,80,80,80,80,58,58,60,60,60,60,60,60,60,60,57,80,80,80,80,76,76,48,53,54,54,54,54,54,54,54,54,48,56,56,56,56,56,51,55,55,55,55,54,56,56,49,51,70,50],"gold":426,"neow_bonus":"THREE_RARE_CARDS","is_prod":false,"is_daily":false,"chose_seed":false,"campfire_upgraded":7,"win_rate":0,"timestamp":1535174100,"path_taken":["M","M","M","M","$","E","R","M","T","M","M","M","R","?","R","BOSS","M","?","?","M","M","E","M","E","T","R","?","?","R","?","R","BOSS","M","?","?","?","?","E","?","R","T","?","M","M","?","E","R","BOSS"],"build_version":"2018-08-23v2","purchased_purges":1,"victory":true,"max_hp_per_floor":[80,80,80,80,80,80,80,80,80,80,80,80,80,80,80,80,80,80,80,80,80,80,80,80,80,80,80,80,56,56,56,56,56,56,56,56,56,56,56,56,56,56,56,56,56,56,56,70,70,70],"card_choices":[{"not_picked":["Impervious","Berserk"],"picked":"Immolate","floor":0},{"not_picked":["Anger","Perfected Strike"],"picked":"Sever Soul","floor":1},{"not_picked":["Twin Strike","Headbutt"],"picked":"Flame Barrier","floor":2},{"not_picked":["Pummel","Pommel Strike"],"picked":"Power Through","floor":3},{"not_picked":["Burning Pact","Bloodletting"],"picked":"Metallicize","floor":4},{"not_picked":["Sword Boomerang","Burning Pact"],"picked":"Thunderclap","floor":6},{"not_picked":["Flex","Twin Strike"],"picked":"Offering","floor":8},{"not_picked":["Clash","Cleave"],"picked":"Power Through","floor":10},{"not_picked":["Body Slam","Shrug It Off"],"picked":"Spot Weakness","floor":11},{"not_picked":["Burning Pact","Battle Trance"],"picked":"Shockwave","floor":12},{"not_picked":["Feed","Juggernaut"],"picked":"Impervious","floor":16},{"not_picked":["Dual Wield","Perfected Strike"],"picked":"Headbutt+1","floor":18},{"not_picked":["Uppercut","Clothesline"],"picked":"Warcry+1","floor":21},{"not_picked":["Dropkick","Shockwave+1"],"picked":"True Grit","floor":22},{"not_picked":["Clothesline+1","Rupture"],"picked":"Armaments+1","floor":23},{"not_picked":["Cleave","Wild Strike"],"picked":"Demon Form","floor":24},{"not_picked":["Blood for Blood","Flex"],"picked":"Shrug It Off","floor":25},{"not_picked":["Fiend Fire","Bludgeon"],"picked":"Impervious","floor":33},{"not_picked":["Shrug It Off+1","Iron Wave"],"picked":"Power Through+1","floor":35},{"not_picked":["Whirlwind","Clash"],"picked":"Disarm+1","floor":39},{"not_picked":["Infernal Blade","Sword Boomerang"],"picked":"Clothesline+1","floor":40},{"not_picked":["Anger","Clothesline","Warcry+1"],"picked":"SKIP","floor":44},{"not_picked":["Anger","Feed"],"picked":"Iron Wave+1","floor":45},{"not_picked":["Clothesline","Infernal Blade+1"],"picked":"Rage+1","floor":46},{"not_picked":["Blood for Blood+1","Body Slam"],"picked":"Flame Barrier+1","floor":48}],"player_experience":655025,"relics_obtained":[{"floor":6,"key":"Orichalcum"},{"floor":9,"key":"Gambling Chip"},{"floor":23,"key":"Meat on the Bone"},{"floor":25,"key":"Nunchaku"},{"floor":26,"key":"Regal Pillow"},{"floor":28,"key":"Ancient Tea Set"},{"floor":40,"key":"Champion Belt"},{"floor":40,"key":"Sundial"},{"floor":43,"key":"Red Skull"},{"floor":48,"key":"Bird Faced Urn"},{"floor":48,"key":"Mango"}],"event_choices":[{"event_name":"Living Wall","player_choice":"Grow","floor":14,"damage_taken":0},{"event_name":"The Library","player_choice":"Read","floor":19,"damage_taken":0},{"event_name":"Vampires","player_choice":"Became a vampire","floor":29,"damage_taken":0},{"event_name":"Transmorgrifier","player_choice":"Transform","floor":31,"damage_taken":0},{"event_name":"Duplicator","player_choice":"One dupe","floor":36,"damage_taken":0},{"event_name":"Purifier","player_choice":"One Purge","floor":37,"damage_taken":0},{"event_name":"Tomb of Lord Red Mask","player_choice":"Ignored","floor":38,"damage_taken":0},{"event_name":"Falling","player_choice":"Removed Skill","floor":41,"damage_taken":0},{"event_name":"Winding Halls","player_choice":"Embrace Madness","floor":47,"damage_taken":0}],"is_beta":true,"boss_relics":[{"not_picked":["Empty Cage","Busted Crown"],"picked":"Velvet Choker"},{"not_picked":["Tiny House","Calling Bell"],"picked":"Black Star"}],"items_purged_floors":[5],"is_endless":false,"potions_floor_spawned":[2,3,10,11,16,18,24,33,35,39,44,46],"ascension_level":0}