{"gold_per_floor":[115,130,149,169,187,217,217,245,270,301,321,348,348,27,27,124,124,142,142,159,36,56,89,89,116,181,193],"floor_reached":27,"playtime":1159,"items_purged":["Strike_B"],"score":376,"play_id":"7f8a58c2-ab06-4c59-9389-432af5ebd146","local_time":"20190908100653","is_ascension_mode":true,"campfire_choices":[{"data":"Defragment","floor":7,"key":"SMITH"},{"data":"Defragment","floor":15,"key":"SMITH"}],"neow_cost":"NONE","seed_source_timestamp":75705474116900,"circlet_count":0,"master_deck":["Strike_B+1","Defend_B+1","Defend_B","Defend_B","Defend_B","Zap","Dualcast","Cold Snap","Defragment+1","Leap","Ball Lightning+1","Steam","Ball Lightning","Biased Cognition","Defragment+1","Go for the Eyes","Genetic Algorithm","Ball Lightning","Core Surge","Conserve Battery","Melter+1","Self Repair","Hologram","Rebound+1","Leap+1","Decay"],"relics":["Cracked Core","Dodecahedron","Dream Catcher","Centennial Puzzle","Ancient Tea Set","Bag of Preparation","Medical Kit","Black Star","Oddly Smooth Stone","DataDisk","Whetstone","MawBank","Tiny Chest"],"potions_floor_usage":[6,8,25],"damage_taken":[{"damage":0,"enemies":"Cultist","floor":1,"turns":3},{"damage":0,"enemies":"Small Slimes","floor":2,"turns":3},{"damage":4,"enemies":"Jaw Worm","floor":3,"turns":3},{"damage":0,"enemies":"Blue Slaver","floor":4,"turns":4},{"damage":1,"enemies":"Exordium Wildlife","floor":5,"turns":3},{"damage":3,"enemies":"3 Sentries","floor":6,"turns":8},{"damage":8,"enemies":"Lagavulin","floor":8,"turns":5},{"damage":1,"enemies":"3 Sentries","floor":10,"turns":6},{"damage":13,"enemies":"Large Slime","floor":11,"turns":5},{"damage":0,"enemies":"Gremlin Nob","floor":12,"turns":3},{"damage":0,"enemies":"Slime Boss","floor":16,"turns":7},{"damage":17,"enemies":"2 Thieves","floor":18,"turns":4},{"damage":10,"enemies":"Spheric Guardian","floor":20,"turns":4},{"damage":14,"enemies":"3 Cultists","floor":22,"turns":6},{"damage":15,"enemies":"Gremlin Leader","floor":23,"turns":6},{"damage":19,"enemies":"Book of Stabbing","floor":25,"turns":5},{"damage":11,"enemies":"Snake Plant","floor":27,"turns":2}],"seed_played":"3861985737837032399","potions_obtained":[{"floor":2,"key":"Block Potion"},{"floor":5,"key":"PowerPotion"},{"floor":6,"key":"Strength Potion"},{"floor":16,"key":"GamblersBrew"},{"floor":25,"key":"Fire Potion"}],"is_trial":false,"path_per_floor":["M","M","M","M","M","E","R","E","T","E","M","E","?","$","R","B",null,"M","?","M","$","M","E","?","E","T","M"],"character_chosen":"DEFECT","items_purchased":["Medical Kit","Ball Lightning","Self Repair","Hologram"],"campfire_rested":0,"item_purchase_floors":[14,14,21,21],"current_hp_per_floor":[75,75,71,71,70,67,67,59,59,58,45,45,30,30,30,30,75,58,58,48,48,34,26,26,7,7,0],"gold":193,"neow_bonus":"REMOVE_CARD","is_prod":false,"is_daily":false,"chose_seed":false,"campfire_upgraded":2,"win_rate":0,"timestamp":1567926413,"path_taken":["M","M","M","M","?","E","R","E","T","E","M","E","?","$","R","BOSS","M","?","M","?","M","E","?","E","T","?"],"build_version":"2019-07-17","purchased_purges":1,"victory":false,"max_hp_per_floor":[75,75,75,75,75,75,75,75,75,75,75,75,75,75,75,75,75,75,75,75,75,75,75,75,75,75,75],"card_choices":[{"not_picked":["Blizzard","Conserve Battery"],"picked":"Cold Snap","floor":1},{"not_picked":["Consume","Leap"],"picked":"Defragment","floor":2},{"not_picked":["Heatsinks","Steam"],"picked":"Leap","floor":3},{"not_picked":["Turbo","Cold Snap"],"picked":"Ball Lightning","floor":4},{"not_picked":["Fusion","Chill"],"picked":"Steam","floor":5},{"not_picked":["Steam","Barrage"],"picked":"Ball Lightning","floor":6},{"not_picked":["Scrape","BootSequence"],"picked":"Biased Cognition","floor":8},{"not_picked":["Beam Cell","Cold Snap"],"picked":"Defragment","floor":10},{"not_picked":["Sweeping Beam","Gash"],"picked":"Go for the Eyes","floor":11},{"not_picked":["Ball Lightning","Compile Driver"],"picked":"Genetic Algorithm","floor":12},{"not_picked":["Meteor Strike","Hyperbeam"],"picked":"Core Surge","floor":16},{"not_picked":["Sweeping Beam","Lockon"],"picked":"Conserve Battery","floor":18},{"not_picked":["Chaos","Heatsinks+1"],"picked":"Melter+1","floor":20},{"not_picked":["Doom and Gloom","Tempest"],"picked":"Rebound","floor":22},{"not_picked":["Go for the Eyes","Rebound"],"picked":"Leap+1","floor":23},{"not_picked":["Fusion","Ball Lightning","Genetic Algorithm"],"picked":"SKIP","floor":25}],"player_experience":254365,"relics_obtained":[{"floor":6,"key":"Dodecahedron"},{"floor":8,"key":"Dream Catcher"},{"floor":9,"key":"Centennial Puzzle"},{"floor":10,"key":"Ancient Tea Set"},{"floor":12,"key":"Bag of Preparation"},{"floor":23,"key":"Oddly Smooth Stone"},{"floor":23,"key":"DataDisk"},{"floor":25,"key":"Whetstone"},{"floor":25,"key":"MawBank"},{"floor":26,"key":"Tiny Chest"}],"event_choices":[{"damage_healed":0,"gold_gain":0,"player_choice":"Entered Light","damage_taken":15,"max_hp_gain":0,"max_hp_loss":0,"event_name":"Shining Light","floor":13,"gold_loss":0,"cards_upgraded":["Strike_B","Defend_B"]},{"cards_removed":["Strike_B"],"damage_healed":0,"gold_gain":0,"player_choice":"Purged","damage_taken":0,"max_hp_gain":0,"max_hp_loss":0,"event_name":"Purifier","floor":19,"gold_loss":0},{"damage_healed":0,"gold_gain":0,"player_choice":"Smashed Altar","damage_taken":0,"max_hp_gain":0,"max_hp_loss":0,"event_name":"Forgotten Altar","floor":24,"gold_loss":0,"cards_obtained":["Decay"]}],"is_beta":false,"boss_relics":[{"not_picked":["Busted Crown","Astrolabe"],"picked":"Black Star"}],"items_purged_floors":[14],"is_endless":false,"potions_floor_spawned":[2,5,6,16,25],"killed_by":"Snake Plant","ascension_level":1}