{"gold_per_floor":[113,128,303,314,326,326,352,365,412,412,425,500,530,530,530,633,633,652,652,667,667],"floor_reached":21,"playtime":671,"items_purged":[],"score":190,"play_id":"19630b98-304b-426f-918d-d256dddc7276","local_time":"20181114054334","is_ascension_mode":true,"campfire_choices":[{"data":"Zap","floor":6,"key":"SMITH"},{"data":"Dualcast","floor":10,"key":"SMITH"},{"data":"Ball Lightning","floor":15,"key":"SMITH"}],"neow_cost":"NONE","seed_source_timestamp":302269993985270,"circlet_count":0,"master_deck":["Strike_B","Strike_B","Strike_B","Strike_B","Defend_B","Defend_B","Zap+1","Dualcast+1","Sweeping Beam","Ball Lightning+1","Doubt","Doom and Gloom","Conserve Battery","Loop+1","Go for the Eyes","Rebound","Creative AI","Streamline","FTL","Rip and Tear","Turbo"],"relics":["Cracked Core","Symbiotic Virus","Juzu Bracelet","Shuriken","Black Star"],"potions_floor_usage":[7,16,16,16],"damage_taken":[{"damage":0,"enemies":"2 Louse","floor":1,"turns":2},{"damage":2,"enemies":"Small Slimes","floor":2,"turns":2},{"damage":1,"enemies":"Cultist","floor":4,"turns":3},{"damage":9,"enemies":"Blue Slaver","floor":5,"turns":3},{"damage":20,"enemies":"Gremlin Nob","floor":7,"turns":4},{"damage":0,"enemies":"Large Slime","floor":8,"turns":2},{"damage":0,"enemies":"3 Louse","floor":11,"turns":3},{"damage":38,"enemies":"The Guardian","floor":16,"turns":7},{"damage":32,"enemies":"3 Byrds","floor":18,"turns":5},{"damage":10,"enemies":"Chosen","floor":20,"turns":3},{"damage":41,"enemies":"Shelled Parasite and Fungi","floor":21,"turns":3}],"seed_played":"1703976694367154939","potions_obtained":[{"floor":2,"key":"EntropicBrew"},{"floor":8,"key":"Strength Potion"},{"floor":11,"key":"AttackPotion"},{"floor":20,"key":"Ancient Potion"}],"is_trial":false,"path_per_floor":["M","M","?","M","M","R","E","M","T","R","M","?","?","?","R","B",null,"M","?","M","M"],"character_chosen":"DEFECT","items_purchased":[],"campfire_rested":0,"item_purchase_floors":[],"current_hp_per_floor":[82,80,80,79,70,70,50,50,50,50,50,39,39,39,39,16,82,50,50,40,0],"gold":667,"neow_bonus":"TEN_PERCENT_HP_BONUS","is_prod":false,"is_daily":false,"chose_seed":false,"campfire_upgraded":3,"win_rate":0,"timestamp":1542163414,"path_taken":["M","M","?","M","M","R","E","M","T","R","M","?","?","?","R","BOSS","M","?","M","M"],"build_version":"2018-11-12","purchased_purges":0,"victory":false,"max_hp_per_floor":[82,82,82,82,82,82,82,82,82,82,82,82,82,82,82,82,82,82,82,82,82],"card_choices":[{"not_picked":["Gash","Coolheaded"],"picked":"Sweeping Beam","floor":1},{"not_picked":["Rebound","Leap"],"picked":"Ball Lightning","floor":2},{"not_picked":["Aggregate","Auto Shields"],"picked":"Doom and Gloom","floor":4},{"not_picked":["Stack","Coolheaded"],"picked":"Conserve Battery","floor":5},{"not_picked":["Chaos","Stack"],"picked":"Loop","floor":7},{"not_picked":["Streamline","Beam Cell"],"picked":"Go for the Eyes","floor":8},{"not_picked":["Sweeping Beam","Doom and Gloom"],"picked":"Rebound","floor":11},{"not_picked":["Rainbow","Machine Learning"],"picked":"Creative AI","floor":16},{"not_picked":["Stack","Fusion"],"picked":"Streamline","floor":18},{"not_picked":["Redo","Skim+1"],"picked":"Turbo","floor":20}],"player_experience":905086,"relics_obtained":[{"floor":7,"key":"Symbiotic Virus"},{"floor":9,"key":"Juzu Bracelet"}],"event_choices":[{"damage_healed":0,"gold_gain":175,"player_choice":"AGREE","damage_taken":0,"max_hp_gain":0,"max_hp_loss":0,"event_name":"Liars Game","floor":3,"gold_loss":0,"cards_obtained":["Doubt"]},{"damage_healed":0,"gold_gain":75,"player_choice":"Gather Gold","damage_taken":11,"max_hp_gain":0,"max_hp_loss":0,"event_name":"World of Goop","floor":12,"gold_loss":0},{"damage_healed":0,"gold_gain":30,"player_choice":"Searched \u00272\u0027 times","damage_taken":0,"relics_obtained":["Shuriken"],"max_hp_gain":0,"max_hp_loss":0,"event_name":"Dead Adventurer","floor":13,"gold_loss":0},{"damage_healed":0,"gold_gain":0,"player_choice":"Upgraded","damage_taken":0,"max_hp_gain":0,"max_hp_loss":0,"event_name":"Upgrade Shrine","floor":14,"gold_loss":0,"cards_upgraded":["Loop"]},{"damage_healed":0,"gold_gain":0,"cards_transformed":["Defend_B","Defend_B"],"player_choice":"Became Test Subject","damage_taken":0,"max_hp_gain":0,"max_hp_loss":0,"event_name":"Drug Dealer","floor":19,"gold_loss":0,"cards_obtained":["FTL","Rip and Tear"]}],"is_beta":true,"boss_relics":[{"not_picked":["Runic Pyramid","Empty Cage"],"picked":"Black Star"}],"items_purged_floors":[],"is_endless":false,"potions_floor_spawned":[2,8,11,20],"killed_by":"Shelled Parasite and Fungi","ascension_level":1}