{"gold_per_floor":[115,128,146,158,169,203,219,235,260,285,2,17,17,42,42,147,147,166,178,195,211,211,211,245,259,285,285,305,322,44,74,74,176,176,200,212,224,236,248,260,298,16,40,55,73,73,100,119,119,119,119,119,5,35,35],"floor_reached":55,"playtime":5329,"items_purged":["Strike_R","Strike_R"],"score":1595,"play_id":"5f23da6c-d620-4822-9a73-ffa89f2dfdcb","local_time":"20190203130508","is_ascension_mode":true,"campfire_choices":[{"data":"Corruption","floor":15,"key":"SMITH"},{"data":"Rupture","floor":23,"key":"SMITH"},{"data":"strawberrySpire:Hellbender","floor":32,"key":"SMITH"},{"data":"Metallicize","floor":40,"key":"SMITH"},{"floor":46,"key":"RECALL"},{"data":"Madness","floor":49,"key":"SMITH"},{"data":"Metallicize","floor":52,"key":"SMITH"}],"neow_cost":"","seed_source_timestamp":574337027448204,"circlet_count":0,"master_deck":["Strike_R","Defend_R","Defend_R","Defend_R","Defend_R","Bash","Carnage","True Grit","Spot Weakness","Corruption+1","Anger","Feel No Pain","Bloodletting","Heavy Blade","Wild Strike","Headbutt","Juggernaut","Shrug It Off","Whirlwind","strawberrySpire:DraftPunk","Twin Strike","Clothesline","strawberrySpire:FortFortyFour","strawberrySpire:PowerStomp","Combust+1","Rupture+1","Battle Trance","Blood for Blood+1","Shrug It Off+1","Carnage","Headbutt","Feed","Flame Barrier","strawberrySpire:FireDrill","Metallicize+1","Rage","Feed","strawberrySpire:Hellbender+1","strawberrySpire:Hellbender","Clumsy","Clumsy","Clumsy","Sentinel+1","strawberrySpire:DraftPunk","Madness","Madness","strawberrySpire:Hellbender+1","strawberrySpire:Hellbender+1","Strike_R","Strike_R","Strike_R","Strike_R","Defend_R","Defend_R","Defend_R","Defend_R","Defend_R","Defend_R","Defend_R","Defend_R","Bash","Bash","Carnage","Carnage","True Grit","True Grit","Spot Weakness","Spot Weakness","Corruption+1","Corruption+1","Anger","Anger","Feel No Pain","Feel No Pain","Bloodletting","Bloodletting","Heavy Blade","Heavy Blade","Wild Strike","Wild Strike","Headbutt","Headbutt","Juggernaut","Juggernaut","Shrug It Off","Shrug It Off","Whirlwind","Whirlwind","strawberrySpire:DraftPunk","strawberrySpire:DraftPunk","Twin Strike","Twin Strike","Clothesline","Clothesline","strawberrySpire:FortFortyFour","strawberrySpire:FortFortyFour","strawberrySpire:PowerStomp","strawberrySpire:PowerStomp","Combust+1","Combust+1","Rupture+1","Rupture+1","Battle Trance","Battle Trance","Blood for Blood+1","Blood for Blood+1","Shrug It Off+1","Shrug It Off+1","Carnage","Carnage","Headbutt","Headbutt","Feed","Feed","Flame Barrier","Flame Barrier","strawberrySpire:FireDrill","strawberrySpire:FireDrill","Metallicize","Metallicize+1","Rage","Rage","Feed","Feed","strawberrySpire:Hellbender+1","strawberrySpire:Hellbender+1","strawberrySpire:Hellbender","strawberrySpire:Hellbender","Clumsy","Clumsy","Clumsy","Clumsy","Clumsy","Clumsy","Sentinel+1","Sentinel+1","strawberrySpire:DraftPunk","strawberrySpire:DraftPunk","Madness","Madness","Madness","Madness+1","strawberrySpire:Hellbender+1","strawberrySpire:Hellbender+1","strawberrySpire:Hellbender+1","strawberrySpire:Hellbender+1","strawberrySpire:Overwork+1","Corruption+1","Combust","strawberrySpire:Taunt+1","Rupture+1","Uppercut+1","strawberrySpire:JustAWound","Entrench+1","True Grit","strawberrySpire:Aggression+1","strawberrySpire:JustAWound","Seeing Red+1"],"relics":["Burning Blood","Red Skull","Medical Kit","Lantern","Bronze Scales","Regal Pillow","strawberrySpire:Flakhammer","Membership Card","Prayer Wheel","Busted Crown","PreservedInsect","Orichalcum","Mummified Hand","Bag of Preparation","strawberrySpire:ElefentMask","Calling Bell","MawBank","strawberrySpire:PoopsieRoll","strawberrySpire:ThornyGelberry","Pen Nib","Centennial Puzzle","strawberrySpire:WyrmJar","strawberrySpire:CharschorBlot","Blood Vial","Toy Ornithopter","Art of War"],"potions_floor_usage":[10,16,16,24,24,28,29,33,33,33,35,41,54,54,55,55],"damage_taken":[{"damage":0,"enemies":"Small Slimes","floor":1,"turns":3},{"damage":0,"enemies":"Cultist","floor":2,"turns":2},{"damage":17,"enemies":"Jaw Worm","floor":3,"turns":5},{"damage":8,"enemies":"Exordium Wildlife","floor":4,"turns":4},{"damage":2,"enemies":"Gremlin Gang","floor":5,"turns":4},{"damage":16,"enemies":"3 Sentries","floor":6,"turns":9},{"damage":6,"enemies":"Looter","floor":7,"turns":3},{"damage":0,"enemies":"2 Fungi Beasts","floor":8,"turns":2},{"damage":6,"enemies":"Gremlin Nob","floor":10,"turns":3},{"damage":15,"enemies":"Gremlin Gang","floor":12,"turns":4},{"damage":18,"enemies":"3 Sentries","floor":14,"turns":6},{"damage":18,"enemies":"Hexaghost","floor":16,"turns":5},{"damage":10,"enemies":"theJungle:GiantWrat","floor":18,"turns":3},{"damage":10,"enemies":"theJungle:5_Spyders","floor":19,"turns":4},{"damage":3,"enemies":"theJungle:2_Snecko_Cultists","floor":20,"turns":3},{"damage":7,"enemies":"theJungle:2_Flameangoes","floor":21,"turns":5},{"damage":24,"enemies":"theJungle:2_Phrogs","floor":24,"turns":3},{"damage":10,"enemies":"theJungle:SlimyTreeVines","floor":25,"turns":5},{"damage":14,"enemies":"theJungle:JungleHuntersEncounter","floor":28,"turns":4},{"damage":0,"enemies":"theJungle:2_Snecko_Cultists","floor":29,"turns":2},{"damage":3,"enemies":"theJungle:MamaSnecko","floor":31,"turns":4},{"damage":8,"enemies":"theJungle:QueenSpyder","floor":33,"turns":8},{"damage":0,"enemies":"Orb Walker","floor":35,"turns":3},{"damage":0,"enemies":"Nemesis","floor":41,"turns":5},{"damage":14,"enemies":"3 Darklings","floor":44,"turns":4},{"damage":15,"enemies":"Maw","floor":45,"turns":6},{"damage":11,"enemies":"Giant Head","floor":47,"turns":5},{"damage":4,"enemies":"4 Shapes","floor":48,"turns":2},{"damage":28,"enemies":"Time Eater","floor":50,"turns":11},{"damage":79,"enemies":"Shield and Spear","floor":54,"turns":6},{"damage":34,"enemies":"The Heart","floor":55,"turns":3}],"seed_played":"-3306673819505180568","potions_obtained":[{"floor":1,"key":"LiquidBronze"},{"floor":3,"key":"FearPotion"},{"floor":4,"key":"Energy Potion"},{"floor":18,"key":"SpeedPotion"},{"floor":21,"key":"EntropicBrew"},{"floor":24,"key":"Explosive Potion"},{"floor":25,"key":"Strength Potion"},{"floor":33,"key":"Fire Potion"},{"floor":35,"key":"AttackPotion"},{"floor":41,"key":"GamblersBrew"},{"floor":47,"key":"Strength Potion"},{"floor":54,"key":"Poison Potion"}],"is_trial":false,"path_per_floor":["M","M","M","M","M","E","M","M","T","E","$","M","?","E","R","B",null,"M","M","M","M","?","R","E","M","T","T","M","M","$","E","R","B",null,"M","?","?","?","T","R","E","$","T","M","M","R","E","M","R","B",null,"R","$","E","B"],"character_chosen":"IRONCLAD","items_purchased":["Red Skull","Medical Kit","Lantern","Carnage","True Grit","Membership Card","Shrug It Off","Whirlwind","Metallicize","Rage","Bag of Preparation","Feed","strawberrySpire:WyrmJar","strawberrySpire:CharschorBlot","Combust","Toy Ornithopter","strawberrySpire:JustAWound"],"campfire_rested":0,"item_purchase_floors":[0,0,0,0,0,11,11,11,30,30,30,30,42,42,42,53,53],"current_hp_per_floor":[80,80,69,67,71,61,61,67,67,67,67,58,58,46,46,34,80,76,72,75,74,66,66,48,50,50,50,42,48,48,51,51,49,80,80,70,43,43,43,43,49,49,49,41,32,32,27,31,31,11,80,80,80,15,0],"gold":35,"neow_bonus":"","is_prod":false,"is_daily":false,"chose_seed":false,"campfire_upgraded":6,"win_rate":0,"timestamp":1549188308,"path_taken":["M","M","M","M","M","E","M","M","T","E","$","M","?","E","R","BOSS","M","M","?","M","?","R","E","M","T","?","?","M","$","E","R","BOSS","M","?","?","?","?","R","E","?","T","?","?","R","E","M","R","BOSS","R","$","E","BOSS"],"build_version":"2019-01-23","purchased_purges":2,"victory":false,"max_hp_per_floor":[80,80,80,80,80,80,80,80,80,80,80,80,80,80,80,80,80,80,80,80,80,80,80,80,80,80,80,80,80,80,80,80,80,80,80,80,80,80,80,80,80,80,80,80,80,80,80,80,80,80,80,80,80,83,83],"card_choices":[{"not_picked":["Warcry","strawberrySpire:FireDrill"],"picked":"Spot Weakness","floor":1},{"not_picked":["Anger","Warcry"],"picked":"Corruption","floor":2},{"not_picked":["Havoc","strawberrySpire:PowerStomp"],"picked":"Anger","floor":3},{"not_picked":["Bloodletting","Armaments"],"picked":"Feel No Pain","floor":4},{"not_picked":["strawberrySpire:Aggression","strawberrySpire:DebrisPile"],"picked":"Bloodletting","floor":5},{"not_picked":["Flex","Thunderclap"],"picked":"Heavy Blade","floor":6},{"not_picked":["True Grit","Thunderclap"],"picked":"Wild Strike","floor":7},{"not_picked":["Sever Soul","Body Slam"],"picked":"Headbutt","floor":8},{"not_picked":["Twin Strike","Combust"],"picked":"Juggernaut","floor":10},{"not_picked":["Twin Strike","Perfected Strike"],"picked":"strawberrySpire:DraftPunk","floor":12},{"not_picked":["Rage","Thunderclap"],"picked":"Clothesline","floor":14},{"not_picked":["Demon Form","Exhume"],"picked":"strawberrySpire:FortFortyFour","floor":16},{"not_picked":[],"picked":"strawberrySpire:PowerStomp","floor":18},{"not_picked":["Twin Strike+1"],"picked":"SKIP","floor":18},{"not_picked":[],"picked":"Combust+1","floor":19},{"not_picked":[],"picked":"Rupture","floor":19},{"not_picked":[],"picked":"Battle Trance","floor":20},{"not_picked":[],"picked":"Blood for Blood+1","floor":20},{"not_picked":[],"picked":"Shrug It Off+1","floor":21},{"not_picked":["Perfected Strike"],"picked":"SKIP","floor":21},{"not_picked":[],"picked":"Carnage","floor":24},{"not_picked":[],"picked":"Headbutt","floor":25},{"not_picked":["Cleave+1"],"picked":"SKIP","floor":25},{"not_picked":[],"picked":"Feed","floor":28},{"not_picked":["Headbutt+1"],"picked":"SKIP","floor":28},{"not_picked":[],"picked":"Flame Barrier","floor":29},{"not_picked":[],"picked":"strawberrySpire:FireDrill","floor":29},{"not_picked":[],"picked":"strawberrySpire:Hellbender","floor":31},{"not_picked":[],"picked":"strawberrySpire:Hellbender","floor":33},{"not_picked":[],"picked":"Sentinel+1","floor":35},{"not_picked":[],"picked":"strawberrySpire:DraftPunk","floor":35},{"not_picked":[],"picked":"strawberrySpire:Overwork+1","floor":41},{"not_picked":[],"picked":"strawberrySpire:Taunt+1","floor":44},{"not_picked":[],"picked":"Rupture+1","floor":44},{"not_picked":[],"picked":"Uppercut+1","floor":45},{"not_picked":[],"picked":"strawberrySpire:JustAWound","floor":45},{"not_picked":[],"picked":"Entrench+1","floor":47},{"not_picked":[],"picked":"True Grit","floor":48},{"not_picked":[],"picked":"strawberrySpire:Aggression+1","floor":48},{"not_picked":[],"picked":"Seeing Red+1","floor":54}],"player_experience":1122089,"relics_obtained":[{"floor":6,"key":"Bronze Scales"},{"floor":9,"key":"Regal Pillow"},{"floor":10,"key":"strawberrySpire:Flakhammer"},{"floor":14,"key":"Prayer Wheel"},{"floor":24,"key":"PreservedInsect"},{"floor":26,"key":"Orichalcum"},{"floor":27,"key":"Mummified Hand"},{"floor":31,"key":"strawberrySpire:ElefentMask"},{"floor":34,"key":"MawBank"},{"floor":34,"key":"strawberrySpire:PoopsieRoll"},{"floor":34,"key":"strawberrySpire:ThornyGelberry"},{"floor":39,"key":"Pen Nib"},{"floor":41,"key":"Centennial Puzzle"},{"floor":47,"key":"Blood Vial"},{"floor":54,"key":"Art of War"}],"event_choices":[{"damage_healed":0,"gold_gain":0,"cards_transformed":["Strike_R"],"player_choice":"Transformed","damage_taken":0,"max_hp_gain":0,"max_hp_loss":0,"event_name":"Transmorgrifier","floor":13,"gold_loss":0,"cards_obtained":["Twin Strike"]},{"damage_healed":0,"gold_gain":0,"player_choice":"Embrace Madness","damage_taken":10,"max_hp_gain":0,"max_hp_loss":0,"event_name":"Winding Halls","floor":36,"gold_loss":0,"cards_obtained":["Madness","Madness"]},{"damage_healed":0,"gold_gain":0,"player_choice":"Ignored","damage_taken":0,"max_hp_gain":0,"max_hp_loss":0,"event_name":"Tomb of Lord Red Mask","floor":38,"gold_loss":0}],"is_beta":true,"boss_relics":[{"not_picked":["Empty Cage","Cursed Key"],"picked":"Busted Crown"},{"not_picked":["Lizard Tail","White Beast Statue"],"picked":"Calling Bell"}],"items_purged_floors":[11,30],"is_endless":false,"potions_floor_spawned":[1,3,4,8,18,21,24,25,33,35,41,47,54],"killed_by":"The Heart","ascension_level":1}