{"gold_per_floor":[112,187,32,32,32,32,47,73,73,90,108,108,123,193,193,291,291,304,304,320,333,76,101,101,120,120,120,131,131,149,172,172,172],"floor_reached":33,"playtime":1318,"items_purged":["Strike_R","Defend_R"],"score":292,"play_id":"5615b94d-a597-4afb-b711-eec3107e4e87","local_time":"20190912032253","is_ascension_mode":false,"campfire_choices":[{"data":"Inflame","floor":6.0,"key":"SMITH"},{"data":"Bash","floor":12.0,"key":"SMITH"},{"data":"Clothesline","floor":15.0,"key":"SMITH"},{"data":"Demon Form","floor":24.0,"key":"SMITH"},{"floor":27.0,"key":"REST"},{"floor":32.0,"key":"REST"}],"neow_cost":"NONE","seed_source_timestamp":0,"circlet_count":0,"master_deck":["Strike_R","Strike_R+1","Strike_R","Strike_R","Defend_R+1","Defend_R","Defend_R","Bash+1","Iron Wave","Inflame+1","Twin Strike","Clothesline+1","Heavy Blade","Twin Strike","Demon Form+1","Headbutt","Flame Barrier+1","Flex+1","Shrug It Off+1","Flex","True Grit+1"],"special_seed":0,"relics":["Burning Blood","NeowsBlessing","Oddly Smooth Stone","Art of War","Happy Flower","Sozu","MutagenicStrength","HandDrill","HornCleat","Smiling Mask","Ornamental Fan","PreservedInsect"],"potions_floor_usage":[33],"damage_taken":[{"damage":0.0,"enemies":"Small Slimes","floor":1.0,"turns":1.0},{"damage":0.0,"enemies":"2 Louse","floor":7.0,"turns":2.0},{"damage":0.0,"enemies":"3 Sentries","floor":8.0,"turns":1.0},{"damage":5.0,"enemies":"Jaw Worm","floor":10.0,"turns":4.0},{"damage":0.0,"enemies":"2 Fungi Beasts","floor":11.0,"turns":4.0},{"damage":0.0,"enemies":"Looter","floor":13.0,"turns":4.0},{"damage":37.0,"enemies":"The Guardian","floor":16.0,"turns":10.0},{"damage":16.0,"enemies":"Shell Parasite","floor":18.0,"turns":5.0},{"damage":4.0,"enemies":"Chosen","floor":20.0,"turns":4.0},{"damage":9.0,"enemies":"3 Cultists","floor":21.0,"turns":5.0},{"damage":50.0,"enemies":"Slavers","floor":23.0,"turns":5.0},{"damage":21.0,"enemies":"Cultist and Chosen","floor":25.0,"turns":5.0},{"damage":8.0,"enemies":"Centurion and Healer","floor":28.0,"turns":5.0},{"damage":15.0,"enemies":"Snake Plant","floor":30.0,"turns":3.0},{"damage":59,"enemies":"Champ","floor":33,"turns":8}],"seed_played":"1946845610246861655","potions_obtained":[{"floor":8.0,"key":"PowerPotion"},{"floor":13.0,"key":"Fire Potion"}],"is_trial":false,"path_per_floor":["M","?","$","?","?","R","M","E","T","M","M","R","M","?","R","B",null,"M","?","M","M","$","E","R","M","T","R","M","?","M","T","R","B"],"character_chosen":"IRONCLAD","items_purchased":["Inflame","HandDrill"],"campfire_rested":2,"item_purchase_floors":[3,22],"current_hp_per_floor":[80,69,69,44,28,28,34,40,40,41,47,47,53,53,53,22,80,70,70,72,69,69,25,25,10,10,34,32,32,23,23,47,0],"gold":172,"neow_bonus":"THREE_ENEMY_KILL","is_prod":false,"is_daily":false,"chose_seed":false,"campfire_upgraded":4,"win_rate":0,"timestamp":1568280173,"path_taken":["M","?","$","?","?","R","M","E","T","M","M","R","?","?","R","BOSS","M","?","M","M","$","E","R","M","T","R","M","?","?","?","R","BOSS"],"build_version":"2019-09-11v2","purchased_purges":2,"victory":false,"max_hp_per_floor":[80,80,80,80,80,80,80,80,80,80,80,80,80,80,80,80,80,80,80,80,80,80,80,80,80,80,80,80,80,80,80,80,80],"card_choices":[{"not_picked":["Wild Strike","Warcry"],"picked":"Iron Wave","floor":1.0},{"not_picked":["Anger","Cleave"],"picked":"Twin Strike","floor":7.0},{"not_picked":["True Grit","Shrug It Off"],"picked":"Clothesline","floor":8.0},{"not_picked":["Power Through","Rampage"],"picked":"Exhume","floor":10.0},{"not_picked":["Clash","Warcry"],"picked":"Heavy Blade","floor":11.0},{"not_picked":["Anger","Havoc"],"picked":"Twin Strike","floor":13.0},{"not_picked":["Immolate","Brutality"],"picked":"Demon Form","floor":16.0},{"not_picked":["Flex","Cleave"],"picked":"Headbutt","floor":18.0},{"not_picked":["Feel No Pain","Bloodletting","Burning Pact"],"picked":"SKIP","floor":20.0},{"not_picked":["Clothesline","Body Slam"],"picked":"Flame Barrier+1","floor":21.0},{"not_picked":["Iron Wave+1","Body Slam"],"picked":"Flex+1","floor":23.0},{"not_picked":["Pummel","Havoc+1"],"picked":"Shrug It Off+1","floor":25.0},{"not_picked":["Sword Boomerang+1","Reckless Charge"],"picked":"Flex","floor":28.0},{"not_picked":["Pummel","Heavy Blade"],"picked":"True Grit+1","floor":30.0}],"player_experience":1518485,"relics_obtained":[{"floor":8.0,"key":"Art of War"},{"floor":9.0,"key":"Happy Flower"},{"floor":23.0,"key":"HornCleat"},{"floor":26.0,"key":"Smiling Mask"},{"floor":31.0,"key":"PreservedInsect"}],"event_choices":[{"damage_healed":0.0,"max_hp_gain":0.0,"max_hp_loss":0.0,"gold_gain":75.0,"event_name":"World of Goop","player_choice":"Gather Gold","floor":2.0,"gold_loss":0.0,"damage_taken":11.0},{"damage_healed":0.0,"max_hp_gain":0.0,"max_hp_loss":0.0,"gold_gain":0.0,"event_name":"Scrap Ooze","player_choice":"Success","floor":4.0,"gold_loss":0.0,"damage_taken":25.0,"relics_obtained":["Oddly Smooth Stone"]},{"damage_healed":0.0,"max_hp_gain":0.0,"max_hp_loss":0.0,"gold_gain":0.0,"event_name":"Shining Light","player_choice":"Entered Light","floor":5.0,"gold_loss":0.0,"damage_taken":16.0,"cards_upgraded":["Strike_R","Defend_R"]},{"damage_healed":0.0,"max_hp_gain":0.0,"max_hp_loss":0.0,"gold_gain":70.0,"event_name":"Golden Wing","player_choice":"Gained Gold","floor":14.0,"gold_loss":0.0,"damage_taken":0.0},{"damage_healed":0.0,"max_hp_gain":0.0,"max_hp_loss":0.0,"gold_gain":0.0,"event_name":"Drug Dealer","player_choice":"Inject Mutagens","floor":19.0,"gold_loss":0.0,"damage_taken":0.0,"relics_obtained":["MutagenicStrength"]},{"cards_removed":["Exhume"],"damage_healed":0.0,"max_hp_gain":0.0,"max_hp_loss":0.0,"gold_gain":0.0,"event_name":"WeMeetAgain","player_choice":"Gave Card","floor":29.0,"gold_loss":0.0,"damage_taken":0.0,"relics_obtained":["Ornamental Fan"]}],"is_beta":true,"boss_relics":[{"not_picked":["Tiny House","Velvet Choker"],"picked":"Sozu"}],"items_purged_floors":[3,22],"is_endless":false,"potions_floor_spawned":[8,13,23,28,30],"killed_by":"Champ","ascension_level":0}