{"gold_per_floor":[115,128,128,203,203,231,231,258,258,271,288,288,463,490,490,590,590,607,522,91,16,30,30,8,8,8,28,63,77,105,121,121,217,217,236,247,265,16,35,35,60,113,113,142,142,142,159,187,187,187],"floor_reached":50,"playtime":2113,"items_purged":["Doubt","Regret"],"score":720,"play_id":"2e827791-ca05-4a1a-ad65-968374d9f12e","local_time":"20190810151538","is_ascension_mode":true,"campfire_choices":[{"data":"Whirlwind","floor":7,"key":"SMITH"},{"data":"Bash","floor":12,"key":"SMITH"},{"data":"Armaments","floor":15,"key":"SMITH"},{"data":"Demon Form","floor":23,"key":"SMITH"},{"data":"Uppercut","floor":25,"key":"SMITH"},{"data":"Dual Wield","floor":32,"key":"SMITH"},{"data":"Double Tap","floor":40,"key":"SMITH"},{"data":"Iron Wave","floor":46,"key":"SMITH"},{"data":"Shrug It Off","floor":49,"key":"SMITH"}],"neow_cost":"NONE","seed_source_timestamp":81375641664722,"circlet_count":0,"master_deck":["Strike_R+1","Strike_R+1","Strike_R","Strike_R","Strike_R+1","Defend_R","Defend_R","Defend_R","Bash+1","Thunderclap","Clothesline","Whirlwind+1","Shrug It Off+1","Headbutt","Armaments+1","Twin Strike","Demon Form+1","Second Wind+1","Uppercut+1","Headbutt","True Grit+1","Headbutt+1","Anger","Shrug It Off+1","Sword Boomerang+1","Dual Wield+1","Offering","Shame","Doubt","Disarm+1","Pommel Strike+1","Battle Trance+1","Double Tap+1","Havoc+1","Offering","Iron Wave+1","Mayhem+1"],"relics":["Burning Blood","NeowsBlessing","Mercury Hourglass","Thread and Needle","Bag of Preparation","Ornamental Fan","Gremlin Horn","Darkstone Periapt","Coffee Dripper","Blue Candle","Kunai","Pantograph","Art of War","Strawberry","Calling Bell","Potion Belt","Frozen Egg 2","Unceasing Top","Membership Card","Bag of Marbles","Nunchaku","Lantern","Ginger","Whetstone"],"potions_floor_usage":[16,28,44,48,48,50],"damage_taken":[{"damage":0,"enemies":"Small Slimes","floor":1,"turns":1},{"damage":0,"enemies":"Jaw Worm","floor":2,"turns":1},{"damage":0,"enemies":"Gremlin Nob","floor":6,"turns":1},{"damage":30,"enemies":"Lagavulin","floor":8,"turns":7},{"damage":0,"enemies":"2 Louse","floor":10,"turns":1},{"damage":0,"enemies":"Exordium Thugs","floor":11,"turns":4},{"damage":3,"enemies":"Gremlin Nob","floor":14,"turns":4},{"damage":31,"enemies":"Hexaghost","floor":16,"turns":12},{"damage":15,"enemies":"Chosen","floor":18,"turns":5},{"damage":6,"enemies":"Spheric Guardian","floor":22,"turns":4},{"damage":11,"enemies":"Centurion and Healer","floor":27,"turns":3},{"damage":28,"enemies":"Gremlin Leader","floor":28,"turns":3},{"damage":6,"enemies":"Snake Plant","floor":29,"turns":4},{"damage":20,"enemies":"Slavers","floor":30,"turns":5},{"damage":6,"enemies":"Cultist and Chosen","floor":31,"turns":4},{"damage":45,"enemies":"Automaton","floor":33,"turns":7},{"damage":18,"enemies":"3 Darklings","floor":35,"turns":5},{"damage":10,"enemies":"3 Shapes","floor":36,"turns":5},{"damage":7,"enemies":"Maw","floor":37,"turns":6},{"damage":26,"enemies":"3 Darklings","floor":39,"turns":6},{"damage":28,"enemies":"Reptomancer","floor":41,"turns":5},{"damage":23,"enemies":"2 Orb Walkers","floor":42,"turns":2},{"damage":7,"enemies":"Nemesis","floor":44,"turns":4},{"damage":17,"enemies":"4 Shapes","floor":47,"turns":2},{"damage":27,"enemies":"Reptomancer","floor":48,"turns":4},{"damage":45,"enemies":"Awakened One","floor":50,"turns":7}],"seed_played":"4103690187269673976","potions_obtained":[{"floor":1,"key":"PowerPotion"},{"floor":6,"key":"Regen Potion"},{"floor":8,"key":"FairyPotion"},{"floor":18,"key":"BloodPotion"},{"floor":22,"key":"Ancient Potion"},{"floor":33,"key":"Explosive Potion"},{"floor":36,"key":"Poison Potion"},{"floor":47,"key":"Weak Potion"},{"floor":48,"key":"Fire Potion"}],"is_trial":false,"path_per_floor":["M","M","?","T","?","E","R","E","T","M","M","R","?","E","R","B",null,"M","?","$","?","M","R","$","R","T","M","E","M","E","M","R","B",null,"M","M","M","$","M","R","E","?","T","E","?","R","M","E","R","B"],"character_chosen":"IRONCLAD","items_purchased":["Kunai","Uppercut","Headbutt","Headbutt","Membership Card"],"campfire_rested":0,"item_purchase_floors":[20,20,20,24,38],"current_hp_per_floor":[80,80,64,64,52,58,58,34,34,40,46,46,46,49,49,24,80,71,71,71,71,71,71,71,71,71,66,64,64,57,57,57,43,105,93,89,88,88,68,68,46,29,29,40,40,40,29,8,8,0],"gold":187,"neow_bonus":"THREE_ENEMY_KILL","is_prod":false,"is_daily":false,"chose_seed":false,"campfire_upgraded":9,"win_rate":0,"timestamp":1565439338,"path_taken":["M","M","?","?","?","E","R","E","T","?","M","R","?","E","R","BOSS","M","?","$","?","M","R","?","R","T","?","E","M","E","M","R","BOSS","M","M","M","$","M","R","E","?","T","E","?","R","M","E","R","BOSS"],"build_version":"2019-07-17","purchased_purges":2,"victory":false,"max_hp_per_floor":[80,80,80,80,80,80,80,80,80,80,80,80,80,80,80,80,80,80,80,80,80,80,80,80,80,80,80,80,80,87,87,87,87,105,105,105,105,105,105,105,105,105,105,105,105,105,105,105,105,105],"card_choices":[{"not_picked":["Blood for Blood","Sever Soul"],"picked":"Thunderclap","floor":1},{"not_picked":["Corruption","Warcry"],"picked":"Clothesline","floor":2},{"not_picked":["Clash","Body Slam"],"picked":"Whirlwind","floor":6},{"not_picked":["Sword Boomerang","Clothesline"],"picked":"Shrug It Off","floor":8},{"not_picked":["Sever Soul","Dark Embrace"],"picked":"Headbutt","floor":10},{"not_picked":["Rage","Clothesline"],"picked":"Armaments","floor":11},{"not_picked":["Armaments","Rage"],"picked":"Twin Strike","floor":14},{"not_picked":["Fiend Fire","Juggernaut"],"picked":"Demon Form","floor":16},{"not_picked":["Flex+1","Sever Soul"],"picked":"Second Wind+1","floor":18},{"not_picked":["Perfected Strike","Fire Breathing+1"],"picked":"True Grit+1","floor":22},{"not_picked":["Perfected Strike","Clash+1"],"picked":"Anger","floor":27},{"not_picked":["Corruption","Twin Strike"],"picked":"Shrug It Off+1","floor":28},{"not_picked":["Corruption","Entrench","Headbutt"],"picked":"SKIP","floor":29},{"not_picked":["Power Through","Anger"],"picked":"Sword Boomerang+1","floor":30},{"not_picked":["Warcry","Flex"],"picked":"Dual Wield","floor":31},{"not_picked":["Demon Form","Fiend Fire"],"picked":"Offering","floor":33},{"not_picked":["Headbutt+1","Evolve+1"],"picked":"Disarm+1","floor":35},{"not_picked":["Thunderclap","Clash+1"],"picked":"Pommel Strike+1","floor":36},{"not_picked":["Wild Strike","Carnage"],"picked":"Battle Trance+1","floor":37},{"not_picked":["Headbutt+1","Pommel Strike+1"],"picked":"Double Tap","floor":39},{"not_picked":["Pommel Strike","True Grit"],"picked":"Havoc+1","floor":41},{"not_picked":["Bloodletting","Warcry"],"picked":"Offering","floor":42},{"not_picked":["Wild Strike","Second Wind"],"picked":"Iron Wave","floor":44},{"not_picked":["Madness","Bandage Up"],"picked":"Mayhem+1","floor":45},{"not_picked":["Clash","Rupture+1","Uppercut+1"],"picked":"SKIP","floor":47},{"not_picked":["Uppercut+1","Searing Blow","Armaments"],"picked":"SKIP","floor":48}],"player_experience":206691,"relics_obtained":[{"floor":4,"key":"Mercury Hourglass"},{"floor":6,"key":"Bag of Preparation"},{"floor":8,"key":"Ornamental Fan"},{"floor":9,"key":"Gremlin Horn"},{"floor":14,"key":"Darkstone Periapt"},{"floor":26,"key":"Pantograph"},{"floor":28,"key":"Art of War"},{"floor":30,"key":"Strawberry"},{"floor":34,"key":"Potion Belt"},{"floor":34,"key":"Frozen Egg 2"},{"floor":34,"key":"Unceasing Top"},{"floor":41,"key":"Bag of Marbles"},{"floor":42,"key":"Nunchaku"},{"floor":43,"key":"Lantern"},{"floor":44,"key":"Ginger"},{"floor":48,"key":"Whetstone"}],"event_choices":[{"damage_healed":0,"gold_gain":0,"player_choice":"Entered Light","damage_taken":16,"max_hp_gain":0,"max_hp_loss":0,"event_name":"Shining Light","floor":3,"gold_loss":0,"cards_upgraded":["Strike_R","Strike_R"]},{"damage_healed":0,"gold_gain":0,"player_choice":"Success","damage_taken":12,"relics_obtained":["Thread and Needle"],"max_hp_gain":0,"max_hp_loss":0,"event_name":"Scrap Ooze","floor":5,"gold_loss":0},{"damage_healed":0,"gold_gain":175,"player_choice":"AGREE","damage_taken":0,"max_hp_gain":0,"max_hp_loss":0,"event_name":"Liars Game","floor":13,"gold_loss":0,"cards_obtained":["Doubt"]},{"damage_healed":0,"gold_gain":0,"player_choice":"Obtained Relic","damage_taken":0,"relics_obtained":["Blue Candle"],"max_hp_gain":0,"max_hp_loss":0,"event_name":"Addict","floor":19,"gold_loss":85},{"cards_removed":["Defend_R"],"damage_healed":0,"gold_gain":0,"player_choice":"Gave Gold","damage_taken":0,"max_hp_gain":0,"max_hp_loss":0,"event_name":"Beggar","floor":21,"gold_loss":75},{"damage_healed":0,"gold_gain":0,"player_choice":"Fight","damage_taken":0,"max_hp_gain":0,"max_hp_loss":0,"event_name":"Mysterious Sphere","floor":42,"gold_loss":0},{"damage_healed":0,"gold_gain":0,"player_choice":"Memory 1","damage_taken":0,"max_hp_gain":0,"max_hp_loss":0,"event_name":"SensoryStone","floor":45,"gold_loss":0}],"is_beta":false,"boss_relics":[{"not_picked":["Cursed Key","Lizard Tail"],"picked":"Coffee Dripper"},{"not_picked":["Runic Pyramid","Astrolabe"],"picked":"Calling Bell"}],"items_purged_floors":[20,38],"is_endless":false,"potions_floor_spawned":[1,6,8,18,22,33,36,47,48],"killed_by":"Awakened One","ascension_level":1}