{"gold_per_floor":[115,75,97,114,135,135,157,157,157,157,175,192,192,234,234,413,413,430,430,453,471,495,533,533,930,930,962,962,982,999,999,999,1185,1185,1208,1208,1220,1220,739,776,776,794,892,911,911,911,911,933,933,933,933,933,340,378,378],"floor_reached":56,"playtime":2384,"items_purged":["Strike_B+1","Strike_B+1"],"score":450,"play_id":"ba0ae40d-4cc5-476a-a90c-224c7da5d9e3","local_time":"20190324062439","is_ascension_mode":true,"campfire_choices":[{"data":"Capacitor","floor":6,"key":"SMITH"},{"data":"Consume","floor":8,"key":"SMITH"},{"floor":10,"key":"RECALL"},{"data":"Streamline","floor":15,"key":"SMITH"},{"floor":24,"key":"REST"},{"data":"Capacitor","floor":28,"key":"SMITH"},{"data":"Go for the Eyes","floor":32,"key":"SMITH"},{"data":"Panache","floor":41,"key":"SMITH"},{"data":"strawberrySpire:Flashback","floor":47,"key":"SMITH"},{"data":"strawberrySpire:Flashback","floor":49,"key":"SMITH"},{"data":"strawberrySpire:Flashback","floor":52,"key":"SMITH"}],"neow_cost":"NONE","seed_source_timestamp":451488637031043,"circlet_count":0,"master_deck":["Strike_B+1","Strike_B+1","Defend_B+1","Defend_B+1","Defend_B+1","Zap+1","Dualcast+1","strawberrySpire:BlasterWyrm+1","Compile Driver+1","Stack+1","Capacitor+1","Consume+1","Streamline+1","Rebound+1","Electrodynamics","strawberrySpire:Adapter+1","Hologram+1","Rebound","Ball Lightning+1","Turbo+1","Capacitor+1","Go for the Eyes+1","strawberrySpire:Adapter+1","Gash+1","Capacitor+1","Double Energy+1","Reboot+1","strawberrySpire:DataDump+1","Turbo+1","Panache+1","strawberrySpire:BlasterWyrm+1","strawberrySpire:Compressor+1","strawberrySpire:Flashback","strawberrySpire:Flashback","Tempest+1","Magnetism","Seek+1"],"relics":["Cracked Core","Happy Flower","strawberrySpire:DirtyLipstick","Shuriken","Du-Vu Doll","Unceasing Top","Black Star","Toxic Egg 2","Shuriken","Symbiotic Virus","Pantograph","Mango","Juzu Bracelet","Old Coin","Blood Vial","Blue Candle","Omamori","Ornamental Fan","Art of War","Incense Burner","energizedSpire:DeadBattery","GremlinMask","Oddly Smooth Stone","Singing Bowl","Dead Branch","Lantern","strawberrySpire:Treaders","strawberrySpire:WhoaramAlpha","War Paint","Orichalcum","DollysMirror","Cables","strawberrySpire:TinySteamboat"],"potions_floor_usage":[16,19,27,33,55,55,55],"damage_taken":[{"damage":0,"enemies":"2 Louse","floor":1,"turns":2},{"damage":0,"enemies":"Cultist","floor":3,"turns":2},{"damage":0,"enemies":"Jaw Worm","floor":4,"turns":2},{"damage":0,"enemies":"Looter","floor":5,"turns":2},{"damage":0,"enemies":"Blue Slaver","floor":7,"turns":3},{"damage":0,"enemies":"3 Louse","floor":11,"turns":1},{"damage":0,"enemies":"Lots of Slimes","floor":12,"turns":2},{"damage":7,"enemies":"3 Sentries","floor":14,"turns":4},{"damage":18,"enemies":"Hexaghost","floor":16,"turns":6},{"damage":11,"enemies":"theJungle:Flameango_and_Byrd","floor":18,"turns":4},{"damage":37,"enemies":"JungleHuntersEvent","floor":19,"turns":4},{"damage":0,"enemies":"Shell Parasite","floor":20,"turns":4},{"damage":9,"enemies":"theJungle:Lyon","floor":21,"turns":3},{"damage":20,"enemies":"theJungle:2_Flameangoes","floor":22,"turns":3},{"damage":6,"enemies":"theJungle:Cassacara","floor":23,"turns":4},{"damage":0,"enemies":"theJungle:MamaSnecko","floor":25,"turns":4},{"damage":3,"enemies":"theJungle:2_Phrogs","floor":27,"turns":3},{"damage":0,"enemies":"theJungle:SlimyTreeVines","floor":29,"turns":3},{"damage":0,"enemies":"Snake Plant","floor":30,"turns":2},{"damage":0,"enemies":"theJungle:FunGuy","floor":33,"turns":4},{"damage":0,"enemies":"3 Darklings","floor":35,"turns":2},{"damage":0,"enemies":"3 Shapes","floor":37,"turns":3},{"damage":0,"enemies":"Giant Head","floor":40,"turns":4},{"damage":11,"enemies":"Writhing Mass","floor":42,"turns":4},{"damage":9,"enemies":"4 Shapes","floor":44,"turns":3},{"damage":0,"enemies":"3 Darklings","floor":48,"turns":3},{"damage":0,"enemies":"Time Eater","floor":50,"turns":8},{"damage":3,"enemies":"Shield and Spear","floor":54,"turns":5},{"damage":39,"enemies":"The Heart","floor":55,"turns":8}],"seed_played":"-6172238005792723349","potions_obtained":[{"floor":1,"key":"SpeedPotion"},{"floor":1,"key":"Swift Potion"},{"floor":2,"key":"Strength Potion"},{"floor":2,"key":"Energy Potion"},{"floor":4,"key":"LiquidBronze"},{"floor":7,"key":"SkillPotion"},{"floor":11,"key":"Dexterity Potion"},{"floor":16,"key":"Poison Potion"},{"floor":18,"key":"Strength Potion"},{"floor":19,"key":"Dexterity Potion"},{"floor":23,"key":"Ancient Potion"},{"floor":27,"key":"Fruit Juice"},{"floor":29,"key":"FocusPotion"},{"floor":33,"key":"Energy Potion"},{"floor":54,"key":"Energy Potion"}],"is_trial":false,"path_per_floor":["M","?","M","M","M","R","M","R","T","R","M","M","?","E","R","B",null,"M","?","M","M","M","E","R","E","T","E","R","M","M","?","R","B",null,"M","?","M","?","$","E","R","M","T","M","?","?","R","M","R","B",null,"R","$","E","B",null],"character_chosen":"DEFECT","items_purchased":["Panache","Oddly Smooth Stone","Singing Bowl","War Paint","Orichalcum","DollysMirror","Tempest+1","Magnetism"],"campfire_rested":1,"item_purchase_floors":[39,39,39,53,53,53,53,53],"current_hp_per_floor":[86,86,86,86,86,86,86,86,86,86,86,86,79,72,72,60,90,79,42,42,33,13,27,70,70,70,77,77,84,87,108,108,113,113,113,113,113,113,113,113,113,105,105,102,98,98,98,104,104,127,127,127,127,127,96],"gold":378,"neow_bonus":"TEN_PERCENT_HP_BONUS","is_prod":false,"is_daily":false,"chose_seed":false,"campfire_upgraded":9,"win_rate":0,"timestamp":1553397879,"path_taken":["M","?","M","M","M","R","M","R","T","R","M","?","?","E","R","BOSS","M","?","M","M","M","E","R","E","T","E","R","M","M","?","R","BOSS","M","?","M","?","$","E","R","M","T","M","?","?","R","M","R","BOSS","R","$","E","BOSS"],"build_version":"2019-03-15","purchased_purges":2,"victory":true,"max_hp_per_floor":[86,86,86,86,86,86,86,86,86,86,86,86,86,86,86,90,90,90,90,90,90,90,104,104,104,104,109,109,109,109,109,109,113,113,113,113,113,113,113,113,113,115,115,117,121,121,121,123,123,127,127,127,127,129,133],"card_choices":[{"not_picked":["Self Repair+1","strawberrySpire:GearCrunch"],"picked":"strawberrySpire:BlasterWyrm+1","floor":1},{"not_picked":["strawberrySpire:NeonFlight","Stack"],"picked":"Compile Driver+1","floor":3},{"not_picked":["Rebound","strawberrySpire:DataDump"],"picked":"Stack+1","floor":4},{"not_picked":["Stack+1","Amplify"],"picked":"Capacitor","floor":5},{"not_picked":["strawberrySpire:NeonFlight+1","Self Repair+1"],"picked":"Consume","floor":7},{"not_picked":["strawberrySpire:NeonFlight","Stack+1","Conserve Battery+1"],"picked":"SKIP","floor":11},{"not_picked":["Leap","Auto Shields","Consume"],"picked":"SKIP","floor":12},{"not_picked":["Buffer","strawberrySpire:NeonFlight"],"picked":"Streamline","floor":14},{"not_picked":["Ball Lightning","Leap"],"picked":"Rebound","floor":14},{"not_picked":["Thunder Strike","Reboot"],"picked":"Electrodynamics","floor":16},{"not_picked":["Beam Cell","Sweeping Beam"],"picked":"strawberrySpire:Adapter","floor":18},{"not_picked":["Barrage","Reinforced Body+1"],"picked":"Hologram+1","floor":19},{"not_picked":["Genetic Algorithm+1","Sweeping Beam+1"],"picked":"Rebound","floor":20},{"not_picked":["Gash","Rebound+1"],"picked":"Streamline","floor":21},{"not_picked":["Heatsinks","Electrodynamics"],"picked":"Ball Lightning+1","floor":22},{"not_picked":["Darkness+1","Barrage"],"picked":"Turbo+1","floor":23},{"not_picked":["Machine Learning","strawberrySpire:FocalLaser"],"picked":"Capacitor","floor":23},{"not_picked":["Doom and Gloom+1","Leap+1"],"picked":"Go for the Eyes","floor":25},{"not_picked":["Sweeping Beam","Fusion+1"],"picked":"strawberrySpire:Adapter+1","floor":25},{"not_picked":["Auto Shields+1","Self Repair"],"picked":"Gash+1","floor":27},{"not_picked":["Steam Power+1","Conserve Battery+1"],"picked":"Capacitor+1","floor":27},{"not_picked":["Leap+1","Compile Driver+1"],"picked":"Double Energy+1","floor":29},{"not_picked":["Coolheaded+1","Chaos+1","Cold Snap"],"picked":"SKIP","floor":30},{"not_picked":["Machine Learning","Electrodynamics"],"picked":"Reboot+1","floor":33},{"not_picked":["Barrage+1","Cold Snap+1"],"picked":"strawberrySpire:DataDump+1","floor":35},{"not_picked":["Stack+1","Lockon+1"],"picked":"Turbo+1","floor":37},{"not_picked":["Rebound","Compile Driver+1"],"picked":"strawberrySpire:BlasterWyrm+1","floor":40},{"not_picked":["strawberrySpire:Adapter+1","Coolheaded+1"],"picked":"strawberrySpire:Compressor+1","floor":40},{"not_picked":["Hello World","Streamline+1","strawberrySpire:Package+1"],"picked":"Singing Bowl","floor":42},{"not_picked":["strawberrySpire:THEL+1","Go for the Eyes+1","Steam Power+1"],"picked":"Singing Bowl","floor":44},{"not_picked":["PanicButton+1","The Bomb+1","Blind+1"],"picked":"Singing Bowl","floor":45},{"not_picked":["Thinking Ahead+1","Swift Strike"],"picked":"strawberrySpire:Flashback","floor":45},{"not_picked":["strawberrySpire:Neurons","Panacea+1","Deep Breath+1"],"picked":"Singing Bowl","floor":45},{"not_picked":["Hello World","Go for the Eyes+1","Lockon"],"picked":"Singing Bowl","floor":48},{"not_picked":["strawberrySpire:Package+1","strawberrySpire:Compressor+1","Go for the Eyes"],"picked":"Singing Bowl","floor":54},{"not_picked":["Compile Driver+1","Rip and Tear+1"],"picked":"Seek+1","floor":54}],"player_experience":1192499,"relics_obtained":[{"floor":5,"key":"Happy Flower"},{"floor":9,"key":"strawberrySpire:DirtyLipstick"},{"floor":9,"key":"Shuriken"},{"floor":14,"key":"Du-Vu Doll"},{"floor":16,"key":"Unceasing Top"},{"floor":18,"key":"Toxic Egg 2"},{"floor":19,"key":"Shuriken"},{"floor":21,"key":"Symbiotic Virus"},{"floor":23,"key":"Pantograph"},{"floor":23,"key":"Mango"},{"floor":25,"key":"Juzu Bracelet"},{"floor":25,"key":"Old Coin"},{"floor":26,"key":"Blood Vial"},{"floor":26,"key":"Blue Candle"},{"floor":27,"key":"Omamori"},{"floor":27,"key":"Ornamental Fan"},{"floor":29,"key":"Art of War"},{"floor":33,"key":"Incense Burner"},{"floor":40,"key":"Dead Branch"},{"floor":40,"key":"Lantern"},{"floor":43,"key":"strawberrySpire:Treaders"},{"floor":48,"key":"strawberrySpire:WhoaramAlpha"},{"floor":54,"key":"Cables"},{"floor":54,"key":"strawberrySpire:TinySteamboat"}],"event_choices":[{"damage_healed":0,"gold_gain":0,"player_choice":"Bought 3 Potions","damage_taken":0,"max_hp_gain":0,"max_hp_loss":0,"event_name":"The Woman in Blue","floor":2,"gold_loss":0},{"cards_removed":["Defend_B"],"damage_healed":0,"gold_gain":0,"player_choice":"Card Removal","damage_taken":7,"max_hp_gain":0,"max_hp_loss":0,"event_name":"Golden Wing","floor":13,"gold_loss":0},{"damage_healed":0,"gold_gain":0,"player_choice":"Upgraded","damage_taken":0,"max_hp_gain":0,"max_hp_loss":0,"event_name":"Upgrade Shrine","floor":36,"gold_loss":0,"cards_upgraded":["Rebound"]},{"damage_healed":0,"gold_gain":0,"player_choice":"Trade","damage_taken":0,"relics_obtained":["GremlinMask"],"max_hp_gain":0,"max_hp_loss":0,"event_name":"FaceTrader","floor":38,"gold_loss":0},{"damage_healed":0,"gold_gain":0,"player_choice":"Memory 3","damage_taken":10,"max_hp_gain":0,"max_hp_loss":0,"event_name":"SensoryStone","floor":45,"gold_loss":0},{"cards_removed":["Streamline"],"damage_healed":0,"gold_gain":0,"player_choice":"Removed Attack","damage_taken":0,"max_hp_gain":0,"max_hp_loss":0,"event_name":"Falling","floor":46,"gold_loss":0}],"is_beta":true,"boss_relics":[{"not_picked":["Eternal Feather","strawberrySpire:Dictionifier"],"picked":"Black Star"},{"not_picked":["Velvet Choker","Orrery"],"picked":"energizedSpire:DeadBattery"}],"items_purged_floors":[39,53],"is_endless":false,"potions_floor_spawned":[1,4,11,12,21,29,33,35,44,48],"ascension_level":-20}