{"gold_per_floor":[115,132,132,53,53,84,108,108,159,159,180,220,301,332,332,460,460,484,583,583,606,16,16,52,52,102,27,67,67,67,101,101,224,224,247,372,372,396,72,103,103,139,139,39,39,39,78,78,78,78],"floor_reached":51,"playtime":3106,"items_purged":["Shame","Parasite"],"score":889,"play_id":"bb3a6bb7-92ba-4685-ae53-a60084b6e18f","local_time":"20190814230224","is_ascension_mode":true,"campfire_choices":[{"data":"Sunder","floor":10.0,"key":"SMITH"},{"floor":15.0,"key":"REST"},{"data":"Hologram","floor":23,"key":"SMITH"},{"data":"Dualcast","floor":25,"key":"SMITH"},{"data":"Defragment","floor":29,"key":"SMITH"},{"data":"Go for the Eyes","floor":32,"key":"SMITH"},{"data":"Fission","floor":45,"key":"SMITH"},{"data":"Aggregate","floor":49,"key":"SMITH"}],"neow_cost":"NONE","seed_source_timestamp":0,"circlet_count":0,"master_deck":["Strike_B","Strike_B","Defend_B","Defend_B","Defend_B+1","Zap+1","Dualcast+1","Chaos","Defragment+1","Hologram+1","Beam Cell","Sunder+1","Rebound","Compile Driver","Undo+1","Cold Snap","Leap","Creative AI","Go for the Eyes+1","Rebound","Conserve Battery","Doom and Gloom","Defragment+1","Fission+1","Tempest+1","All For One+1","Rainbow+1","FTL+1","Gash+1","Genetic Algorithm","Aggregate+1","Good Instincts","Flash of Steel","Turbo+1"],"special_seed":0,"relics":["Cracked Core","NeowsBlessing","Regal Pillow","Odd Mushroom","Golden Idol","Oddly Smooth Stone","Bag of Preparation","Bottled Flame","Centennial Puzzle","Cursed Key","Kunai","Pantograph","Cables","Juzu Bracelet","Darkstone Periapt","War Paint","Astrolabe","Bird Faced Urn","Ice Cream","Symbiotic Virus","Happy Flower","PreservedInsect","Smiling Mask"],"potions_floor_usage":[42,42,50],"damage_taken":[{"damage":0.0,"enemies":"2 Louse","floor":1.0,"turns":1.0},{"damage":0.0,"enemies":"Small Slimes","floor":2.0,"turns":1.0},{"damage":0.0,"enemies":"Gremlin Nob","floor":6.0,"turns":1.0},{"damage":6.0,"enemies":"The Mushroom Lair","floor":7.0,"turns":4.0},{"damage":11.0,"enemies":"Jaw Worm","floor":11.0,"turns":2.0},{"damage":36.0,"enemies":"Lagavulin","floor":12.0,"turns":6.0},{"damage":2.0,"enemies":"Gremlin Nob","floor":13.0,"turns":4.0},{"damage":0.0,"enemies":"3 Sentries","floor":14.0,"turns":5.0},{"damage":16.0,"enemies":"The Guardian","floor":16.0,"turns":10.0},{"damage":1,"enemies":"3 Byrds","floor":18,"turns":4},{"damage":8,"enemies":"Shell Parasite","floor":21,"turns":5},{"damage":26,"enemies":"Book of Stabbing","floor":24,"turns":6},{"damage":11,"enemies":"Gremlin Leader","floor":28,"turns":5},{"damage":4,"enemies":"Slavers","floor":31,"turns":4},{"damage":25,"enemies":"Champ","floor":33,"turns":11},{"damage":5,"enemies":"3 Shapes","floor":35,"turns":3},{"damage":25,"enemies":"Mind Bloom Boss Battle","floor":36,"turns":7},{"damage":4,"enemies":"3 Darklings","floor":38,"turns":4},{"damage":13,"enemies":"Reptomancer","floor":40,"turns":7},{"damage":11,"enemies":"Giant Head","floor":42,"turns":7},{"damage":19,"enemies":"Reptomancer","floor":47,"turns":4},{"damage":40,"enemies":"Donu and Deca","floor":50,"turns":8}],"seed_played":"7775704519150474678","potions_obtained":[{"floor":1.0,"key":"Dexterity Potion"},{"floor":2.0,"key":"Dexterity Potion"},{"floor":13.0,"key":"Block Potion"},{"floor":14.0,"key":"Poison Potion"},{"floor":28,"key":"Swift Potion"},{"floor":33,"key":"Regen Potion"},{"floor":35,"key":"FearPotion"}],"is_trial":false,"path_per_floor":["M","M","?","$","?","E","?","?","T","R","M","E","?","E","R","B",null,"M","?","?","M","$","R","E","R","T","$","E","R","?","E","R","B",null,"M","?","?","M","$","E","?","E","T","$","R","$","E","?","R","B",null],"character_chosen":"DEFECT","items_purchased":["Hologram","Beam Cell","Kunai","Rebound","Pantograph","Conserve Battery","Ice Cream","Genetic Algorithm"],"campfire_rested":1,"item_purchase_floors":[4,4,22,22,22,22,39,39],"current_hp_per_floor":[75,75,75,75,80,80,74,54,54,54,43,7,5,5,44,28,80,79,79,79,71,71,71,45,45,45,45,34,34,60,56,56,55,80,75,55,55,55,55,46,36,46,52,52,52,52,43,43,43,46],"gold":78,"neow_bonus":"THREE_ENEMY_KILL","is_prod":false,"is_daily":false,"chose_seed":false,"campfire_upgraded":7,"win_rate":0,"timestamp":1565812944,"path_taken":["M","M","?","$","?","E","?","?","T","R","?","E","?","E","R","BOSS","M","?","?","M","$","R","E","R","T","$","E","R","?","E","R","BOSS","M","?","?","M","$","E","?","E","T","$","R","?","E","?","R","BOSS"],"build_version":"2019-07-17","purchased_purges":2,"victory":true,"max_hp_per_floor":[75,75,75,75,80,80,80,80,80,80,80,80,80,80,80,80,80,80,80,80,80,80,80,80,80,80,80,80,80,80,80,80,80,80,80,80,80,80,80,80,80,80,86,83,83,83,83,83,83,83],"card_choices":[{"not_picked":["Force Field","Lockon"],"picked":"Chaos","floor":1.0},{"not_picked":["Coolheaded","Force Field"],"picked":"Defragment","floor":2.0},{"not_picked":["White Noise","Stack"],"picked":"Sunder","floor":6.0},{"not_picked":["Beam Cell","Chaos"],"picked":"Rebound","floor":7.0},{"not_picked":["Rebound","Coolheaded"],"picked":"Compile Driver","floor":11.0},{"not_picked":["Turbo","Hologram"],"picked":"Undo","floor":12.0},{"not_picked":["Go for the Eyes","Redo"],"picked":"Cold Snap","floor":13.0},{"not_picked":["Reinforced Body","Auto Shields"],"picked":"Leap","floor":14.0},{"not_picked":["Rainbow","Core Surge"],"picked":"Creative AI","floor":16.0},{"not_picked":["Rebound","Lockon","Streamline"],"picked":"SKIP","floor":18},{"not_picked":["Consume+1","Aggregate"],"picked":"Go for the Eyes","floor":21},{"not_picked":["Cold Snap","Coolheaded"],"picked":"Doom and Gloom","floor":24},{"not_picked":["Sweeping Beam+1","Force Field","Beam Cell+1"],"picked":"SKIP","floor":28},{"not_picked":["Go for the Eyes","Hologram"],"picked":"Defragment+1","floor":31},{"not_picked":["Meteor Strike","Rainbow"],"picked":"Fission","floor":33},{"not_picked":["Sweeping Beam+1","Recycle+1"],"picked":"FTL+1","floor":35},{"not_picked":["Auto Shields","Conserve Battery"],"picked":"Ball Lightning+1","floor":36},{"not_picked":["Sweeping Beam","Multi-Cast"],"picked":"Gash+1","floor":38},{"not_picked":["Coolheaded+1","Streamline"],"picked":"Aggregate","floor":40},{"not_picked":["Magnetism","Impatience"],"picked":"Good Instincts","floor":41},{"not_picked":["Forethought","Violence"],"picked":"Flash of Steel","floor":41},{"not_picked":["Beam Cell+1","Leap"],"picked":"Turbo+1","floor":42},{"not_picked":["Coolheaded","Streamline","Barrage"],"picked":"SKIP","floor":47}],"player_experience":215456,"relics_obtained":[{"floor":6.0,"key":"Regal Pillow"},{"floor":7.0,"key":"Odd Mushroom"},{"floor":9.0,"key":"Oddly Smooth Stone"},{"floor":12.0,"key":"Bag of Preparation"},{"floor":13.0,"key":"Bottled Flame"},{"floor":14.0,"key":"Centennial Puzzle"},{"floor":24,"key":"Cables"},{"floor":26,"key":"Juzu Bracelet"},{"floor":28,"key":"Darkstone Periapt"},{"floor":31,"key":"War Paint"},{"floor":36,"key":"Bird Faced Urn"},{"floor":40,"key":"Symbiotic Virus"},{"floor":42,"key":"Happy Flower"},{"floor":43,"key":"PreservedInsect"},{"floor":47,"key":"Smiling Mask"}],"event_choices":[{"damage_healed":0.0,"max_hp_gain":0.0,"max_hp_loss":0.0,"gold_gain":0.0,"event_name":"Living Wall","player_choice":"Grow","floor":3.0,"gold_loss":0.0,"damage_taken":0.0,"cards_upgraded":["Zap"]},{"damage_healed":0.0,"max_hp_gain":5.0,"max_hp_loss":0.0,"gold_gain":0.0,"event_name":"Big Fish","player_choice":"Donut","floor":5.0,"gold_loss":0.0,"damage_taken":0.0},{"damage_healed":0.0,"max_hp_gain":0.0,"max_hp_loss":0.0,"gold_gain":0.0,"event_name":"Mushrooms","player_choice":"Fought Mushrooms","floor":7.0,"gold_loss":0.0,"damage_taken":0.0},{"damage_healed":0.0,"max_hp_gain":0.0,"max_hp_loss":0.0,"gold_gain":0.0,"event_name":"Golden Idol","player_choice":"Take Damage","floor":8.0,"gold_loss":0.0,"damage_taken":20.0,"relics_obtained":["Golden Idol"]},{"damage_healed":0.0,"max_hp_gain":0.0,"max_hp_loss":0.0,"gold_gain":0.0,"event_name":"Dead Adventurer","player_choice":"Searched \u00271\u0027 times","floor":13.0,"gold_loss":0.0,"damage_taken":0.0},{"damage_healed":0,"gold_gain":99,"player_choice":"Stole From Cult","damage_taken":0,"max_hp_gain":0,"max_hp_loss":0,"event_name":"Nest","floor":19,"gold_loss":0},{"damage_healed":0,"gold_gain":0,"player_choice":"Ignored","damage_taken":0,"max_hp_gain":0,"max_hp_loss":0,"event_name":"NoteForYourself","floor":20,"gold_loss":0},{"damage_healed":26,"gold_gain":0,"player_choice":"Heal","damage_taken":0,"max_hp_gain":0,"max_hp_loss":0,"event_name":"The Library","floor":30,"gold_loss":0},{"damage_healed":0,"gold_gain":0,"player_choice":"Fight","damage_taken":0,"max_hp_gain":0,"max_hp_loss":0,"event_name":"MindBloom","floor":36,"gold_loss":0},{"damage_healed":0,"gold_gain":0,"player_choice":"Ignored","damage_taken":0,"max_hp_gain":0,"max_hp_loss":0,"event_name":"Tomb of Lord Red Mask","floor":37,"gold_loss":0},{"damage_healed":0,"gold_gain":0,"player_choice":"Memory 3","damage_taken":10,"max_hp_gain":0,"max_hp_loss":0,"event_name":"SensoryStone","floor":41,"gold_loss":0},{"cards_removed":["Ball Lightning"],"damage_healed":0,"gold_gain":0,"player_choice":"Removed Attack","damage_taken":0,"max_hp_gain":0,"max_hp_loss":0,"event_name":"Falling","floor":48,"gold_loss":0}],"is_beta":false,"boss_relics":[{"not_picked":["Snecko Eye","Tiny House"],"picked":"Cursed Key"},{"not_picked":["Orrery","Nuclear Battery"],"picked":"Astrolabe"}],"items_purged_floors":[27,44],"is_endless":false,"potions_floor_spawned":[1,2,13,14,28,33,35],"ascension_level":1}