{"gold_per_floor":[109,123,123,136,34,34,61,61,87,102,119,150,167,194,194,298,298,308,308,322,322,232,232,265,276,276,306,306],"floor_reached":28,"playtime":2001,"items_purged":[],"score":318,"play_id":"bfc6b2c9-7680-41bb-9187-612dee0b105b","local_time":"20181109194600","is_ascension_mode":true,"campfire_choices":[{"data":"Dash","floor":6,"key":"SMITH"},{"data":"Footwork","floor":8,"key":"SMITH"},{"data":"Bullet Time","floor":15,"key":"SMITH"},{"floor":23,"key":"REST"}],"neow_cost":"NONE","seed_source_timestamp":369923432760936,"circlet_count":0,"master_deck":["Defend_G","Defend_G","Defend_G","Defend_G","Defend_G","Strike_G","Strike_G","Strike_G","Survivor","Neutralize","Trip","Heel Hook","Leg Sweep","Doppelganger","All Out Attack+1","Cloak And Dagger","Dash+1","Footwork+1","Bouncing Flask","Bullet Time+1","Backflip","Slice","Riddle With Holes+1","A Thousand Cuts","Riddle With Holes+1","Predator+1","Cloak And Dagger+1","Caltrops","Slice+1"],"relics":["Ring of the Snake","Juzu Bracelet","PreservedInsect","Molten Egg 2","Philosopher\u0027s Stone","Question Card","Bottled Lightning","Mummified Hand","Frozen Egg 2"],"potions_floor_usage":[16,20,24,27],"damage_taken":[{"damage":0,"enemies":"2 Louse","floor":1,"turns":3},{"damage":0,"enemies":"Jaw Worm","floor":2,"turns":3},{"damage":4,"enemies":"Cultist","floor":4,"turns":3},{"damage":17,"enemies":"3 Sentries","floor":7,"turns":12},{"damage":10,"enemies":"Red Slaver","floor":10,"turns":3},{"damage":0,"enemies":"Blue Slaver","floor":11,"turns":4},{"damage":0,"enemies":"Lagavulin","floor":12,"turns":5},{"damage":0,"enemies":"3 Louse","floor":13,"turns":5},{"damage":7,"enemies":"Gremlin Nob","floor":14,"turns":4},{"damage":1,"enemies":"Hexaghost","floor":16,"turns":10},{"damage":26,"enemies":"3 Byrds","floor":18,"turns":6},{"damage":13,"enemies":"Spheric Guardian","floor":20,"turns":5},{"damage":6,"enemies":"Gremlin Leader","floor":24,"turns":4},{"damage":1,"enemies":"Centurion and Healer","floor":25,"turns":5},{"damage":25,"enemies":"Slavers","floor":27,"turns":3},{"damage":8,"enemies":"Shelled Parasite and Fungi","floor":28,"turns":1}],"seed_played":"2847100056474854859","potions_obtained":[{"floor":2,"key":"Strength Potion"},{"floor":7,"key":"AttackPotion"},{"floor":10,"key":"PowerPotion"},{"floor":14,"key":"Strength Potion"},{"floor":16,"key":"Ancient Potion"},{"floor":18,"key":"SkillPotion"},{"floor":20,"key":"GamblersBrew"}],"is_trial":false,"path_per_floor":["M","M","?","M","$","R","E","R","T","M","M","E","M","E","R","B",null,"M","?","M","?","?","R","E","M","T","E","M"],"character_chosen":"THE_SILENT","items_purchased":["Cloak And Dagger","Dash"],"campfire_rested":1,"item_purchase_floors":[5,5],"current_hp_per_floor":[70,70,70,66,66,66,49,49,49,39,39,39,39,32,32,31,70,44,31,18,18,18,40,34,33,33,8,0],"gold":306,"neow_bonus":"RANDOM_COLORLESS","is_prod":false,"is_daily":false,"chose_seed":false,"campfire_upgraded":3,"win_rate":0,"timestamp":1541781960,"path_taken":["M","M","?","M","$","R","E","R","T","M","M","E","M","E","R","BOSS","M","?","M","?","?","R","E","M","T","E","M"],"build_version":"2018-11-08","purchased_purges":0,"victory":false,"max_hp_per_floor":[70,70,70,70,70,70,70,70,70,70,70,70,70,70,70,70,70,70,75,75,75,75,75,75,75,75,75,75],"card_choices":[{"not_picked":["Tactician","Acrobatics"],"picked":"Heel Hook","floor":1},{"not_picked":["Poisoned Stab","Bane"],"picked":"Leg Sweep","floor":2},{"not_picked":["Acrobatics","Prepared"],"picked":"All Out Attack","floor":4},{"not_picked":["Slice","Blade Dance"],"picked":"Footwork","floor":7},{"not_picked":["Underhanded Strike","Dodge and Roll"],"picked":"Bouncing Flask","floor":10},{"not_picked":["All Out Attack","Acrobatics"],"picked":"Bullet Time","floor":11},{"not_picked":["Dodge and Roll","Leg Sweep"],"picked":"Backflip","floor":12},{"not_picked":["Underhanded Strike","Eviscerate"],"picked":"Slice","floor":13},{"not_picked":["Flechettes","Well Laid Plans"],"picked":"Riddle With Holes","floor":14},{"not_picked":["Grand Finale+1","Bullet Time"],"picked":"A Thousand Cuts","floor":16},{"not_picked":["Bane+1","Sucker Punch+1"],"picked":"Riddle With Holes+1","floor":18},{"not_picked":["Setup","Distraction+1"],"picked":"Predator+1","floor":20},{"not_picked":["Flechettes+1","Caltrops","Slice+1"],"picked":"Cloak And Dagger+1","floor":24},{"not_picked":["Prepared","Outmaneuver","Flying Knee+1"],"picked":"Caltrops","floor":25},{"not_picked":["Setup","Finisher+1","Prepared+1"],"picked":"Slice+1","floor":27}],"player_experience":890542,"relics_obtained":[{"floor":7,"key":"Juzu Bracelet"},{"floor":12,"key":"PreservedInsect"},{"floor":14,"key":"Molten Egg 2"},{"floor":24,"key":"Bottled Lightning"},{"floor":26,"key":"Mummified Hand"},{"floor":27,"key":"Frozen Egg 2"}],"event_choices":[{"damage_healed":0,"gold_gain":0,"cards_transformed":["Strike_G"],"player_choice":"Change","damage_taken":0,"max_hp_gain":0,"max_hp_loss":0,"event_name":"Living Wall","floor":3,"gold_loss":0,"cards_obtained":["Doppelganger"]},{"damage_healed":0,"gold_gain":0,"player_choice":"Shed Blood","damage_taken":18,"max_hp_gain":5,"max_hp_loss":0,"event_name":"Forgotten Altar","floor":19,"gold_loss":0},{"damage_healed":0,"gold_gain":0,"player_choice":"Gave Potion","damage_taken":0,"relics_obtained":["Question Card"],"max_hp_gain":0,"max_hp_loss":0,"event_name":"WeMeetAgain","floor":21,"gold_loss":0},{"cards_removed":["Strike_G"],"damage_healed":0,"gold_gain":0,"player_choice":"Upgrade and Remove","damage_taken":0,"max_hp_gain":0,"max_hp_loss":0,"event_name":"Designer","floor":22,"gold_loss":90,"cards_upgraded":["All Out Attack"]}],"is_beta":true,"boss_relics":[{"not_picked":["Runic Pyramid","Orrery"],"picked":"Philosopher\u0027s Stone"}],"items_purged_floors":[],"is_endless":false,"potions_floor_spawned":[2,7,10,14,16,18,20],"killed_by":"Shelled Parasite and Fungi","ascension_level":1}