{"gold_per_floor":[110,127,140,150,7,41,41,41,41,41,41,18,34,34,34,129,129,147,69,69,69,81,81,180,209,234,246],"floor_reached":27,"playtime":916,"items_purged":[],"score":355,"play_id":"e55e3538-8820-40cd-8be7-c94274a5e556","local_time":"20190414121942","is_ascension_mode":true,"campfire_choices":[{"floor":7,"key":"REST"},{"floor":11,"key":"REST"},{"floor":15,"key":"REST"},{"floor":23,"key":"REST"}],"neow_cost":"NONE","seed_source_timestamp":301107555274000,"circlet_count":0,"master_deck":["AscendersBane","Defend_G","Defend_G","Defend_G","Defend_G","Defend_G","Strike_G+1","Strike_G","Strike_G","Strike_G+1","Strike_G","Survivor+1","Neutralize","Malaise","Deadly Poison","Catalyst","Bane+1","Bouncing Flask","Poisoned Stab","Well Laid Plans","Burst","Doubt","Shame","Normality","Masterful Stab+1","Dash","Bouncing Flask"],"relics":["Ring of the Snake","Snake Skull","Lantern","Whetstone","Calling Bell","Happy Flower","Shuriken","Thread and Needle","Ornamental Fan","MawBank"],"potions_floor_usage":[16,22,25,27],"damage_taken":[{"damage":2,"enemies":"Cultist","floor":1,"turns":5},{"damage":0,"enemies":"Small Slimes","floor":2,"turns":4},{"damage":0,"enemies":"2 Louse","floor":3,"turns":4},{"damage":1,"enemies":"Large Slime","floor":4,"turns":6},{"damage":47,"enemies":"Gremlin Nob","floor":6,"turns":6},{"damage":7,"enemies":"2 Fungi Beasts","floor":13,"turns":3},{"damage":7,"enemies":"Slime Boss","floor":16,"turns":8},{"damage":0,"enemies":"Chosen","floor":18,"turns":3},{"damage":25,"enemies":"Colosseum Slavers","floor":20,"turns":6},{"damage":11,"enemies":"2 Thieves","floor":22,"turns":3},{"damage":25,"enemies":"Book of Stabbing","floor":25,"turns":5},{"damage":40,"enemies":"Gremlin Leader","floor":27,"turns":4}],"seed_played":"-8338001917232645358","potions_obtained":[{"floor":13,"key":"SkillPotion"},{"floor":16,"key":"FearPotion"},{"floor":18,"key":"EssenceOfSteel"},{"floor":25,"key":"Regen Potion"}],"is_trial":false,"path_per_floor":["M","M","M","M","$","E","R","$","T","$","R","$","M","?","R","B",null,"M","$","?","$","M","R","?","E","T","E"],"character_chosen":"THE_SILENT","items_purchased":["Snake Skull","Poisoned Stab","Dash"],"campfire_rested":4,"item_purchase_floors":[5,12,19],"current_hp_per_floor":[61,61,61,60,60,13,34,34,34,34,55,55,48,34,55,48,65,65,65,40,40,29,50,50,25,25,0],"gold":246,"neow_bonus":"ONE_RANDOM_RARE_CARD","is_prod":false,"is_daily":false,"chose_seed":false,"campfire_upgraded":0,"win_rate":0,"timestamp":1555237182,"path_taken":["M","M","?","M","?","E","R","$","T","$","R","?","M","?","R","BOSS","M","$","?","$","M","R","?","E","T","E"],"build_version":"2019-01-23","purchased_purges":0,"victory":false,"max_hp_per_floor":[70,70,70,70,70,70,70,70,70,70,70,70,70,70,70,70,70,70,70,70,70,70,70,70,70,70,70],"card_choices":[{"not_picked":["Underhanded Strike","Eviscerate"],"picked":"Deadly Poison","floor":1},{"not_picked":["Expertise","Sucker Punch"],"picked":"Catalyst","floor":2},{"not_picked":["Dagger Spray","Reflex"],"picked":"Bane","floor":3},{"not_picked":["Poisoned Stab","Tactician"],"picked":"Bouncing Flask","floor":4},{"not_picked":["Prepared","Eviscerate","Acrobatics"],"picked":"SKIP","floor":6},{"not_picked":["Underhanded Strike","Quick Slash"],"picked":"Well Laid Plans","floor":13},{"not_picked":["Envenom","Glass Knife"],"picked":"Burst","floor":16},{"not_picked":["Flying Knee","Predator"],"picked":"Masterful Stab+1","floor":18},{"not_picked":["Riddle With Holes+1","Accuracy+1"],"picked":"Bouncing Flask","floor":22},{"not_picked":["Backflip","Underhanded Strike","Crippling Poison"],"picked":"SKIP","floor":25}],"player_experience":1697599,"relics_obtained":[{"floor":6,"key":"Lantern"},{"floor":9,"key":"Whetstone"},{"floor":17,"key":"Happy Flower"},{"floor":17,"key":"Shuriken"},{"floor":17,"key":"Thread and Needle"},{"floor":25,"key":"Ornamental Fan"},{"floor":26,"key":"MawBank"}],"event_choices":[{"damage_healed":0,"gold_gain":0,"player_choice":"Entered Light","damage_taken":14,"max_hp_gain":0,"max_hp_loss":0,"event_name":"Shining Light","floor":14,"gold_loss":0,"cards_upgraded":["Survivor","Bane"]},{"damage_healed":0,"gold_gain":0,"player_choice":"Fight","damage_taken":0,"max_hp_gain":0,"max_hp_loss":0,"event_name":"Colosseum","floor":20,"gold_loss":0},{"damage_healed":0,"gold_gain":0,"player_choice":"Fled From Nobs","damage_taken":0,"max_hp_gain":0,"max_hp_loss":0,"event_name":"Colosseum","floor":20,"gold_loss":0},{"damage_healed":0,"gold_gain":99,"player_choice":"Stole From Cult","damage_taken":0,"max_hp_gain":0,"max_hp_loss":0,"event_name":"Nest","floor":24,"gold_loss":0}],"is_beta":false,"boss_relics":[{"not_picked":["Sozu","Orrery"],"picked":"Calling Bell"}],"items_purged_floors":[],"is_endless":false,"potions_floor_spawned":[13,16,18,25],"killed_by":"Gremlin Leader","ascension_level":11}