{"gold_per_floor":[119,119,134,151,166,193,193,193,193,193,94,127,140,157,157,256,306,318,89,89,89,101,101,111,145,200,200,200,213,228,228],"floor_reached":31,"playtime":1228,"items_purged":["Strike_B"],"score":372,"play_id":"7989ce12-0072-4220-b271-5a78088ffeb1","local_time":"20190427172839","is_ascension_mode":true,"campfire_choices":[{"floor":8,"key":"REST"},{"floor":15,"key":"REST"},{"data":"Defragment","floor":23,"key":"SMITH"},{"floor":27,"key":"REST"}],"neow_cost":"NONE","seed_source_timestamp":1413633222255000,"circlet_count":0,"master_deck":["Strike_B","Strike_B+1","Strike_B","Defend_B+1","Defend_B","Defend_B","Defend_B","Zap+1","Dualcast","Steam","Turbo","Rip and Tear+1","Coolheaded","Steam","Go for the Eyes+1","Genetic Algorithm","Core Surge","Electrodynamics","Coolheaded","Conserve Battery","Defragment+1","Stack","Loop+1","Ball Lightning","RitualDagger","Beam Cell+1","Stack"],"relics":["Cracked Core","Vajra","Regal Pillow","Pear","Tiny House","Blood Vial","Incense Burner","Tiny Chest"],"potions_floor_usage":[16,16,16,16,25,25,25,31],"damage_taken":[{"damage":7,"enemies":"2 Louse","floor":1,"turns":2},{"damage":8,"enemies":"Jaw Worm","floor":3,"turns":4},{"damage":0,"enemies":"Small Slimes","floor":4,"turns":3},{"damage":9,"enemies":"Red Slaver","floor":5,"turns":2},{"damage":24,"enemies":"Lagavulin","floor":6,"turns":8},{"damage":28,"enemies":"Gremlin Nob","floor":12,"turns":4},{"damage":0,"enemies":"2 Fungi Beasts","floor":13,"turns":3},{"damage":9,"enemies":"Exordium Thugs","floor":14,"turns":4},{"damage":34,"enemies":"Slime Boss","floor":16,"turns":9},{"damage":12,"enemies":"2 Thieves","floor":18,"turns":5},{"damage":15,"enemies":"3 Byrds","floor":22,"turns":3},{"damage":31,"enemies":"Snecko","floor":24,"turns":6},{"damage":2,"enemies":"Book of Stabbing","floor":25,"turns":6},{"damage":16,"enemies":"Shelled Parasite and Fungi","floor":29,"turns":7},{"damage":25,"enemies":"Snake Plant","floor":30,"turns":5},{"damage":13,"enemies":"Centurion and Healer","floor":31,"turns":2}],"seed_played":"-2371985495356110377","potions_obtained":[{"floor":5,"key":"Energy Potion"},{"floor":12,"key":"EntropicBrew"},{"floor":16,"key":"PowerPotion"},{"floor":17,"key":"EssenceOfSteel"},{"floor":25,"key":"PowerPotion"}],"is_trial":false,"path_per_floor":["M","?","M","M","M","E","?","R","T","?","$","E","M","M","R","B",null,"M","$","?","$","M","R","M","E","T","R","?","M","M","M"],"character_chosen":"DEFECT","items_purchased":["Go for the Eyes","Defragment","Blood Vial"],"campfire_rested":3,"item_purchase_floors":[11,19,19],"current_hp_per_floor":[68,68,60,60,51,27,11,35,35,35,35,17,17,8,50,16,78,66,66,47,47,34,34,5,5,5,50,44,30,7,0],"gold":228,"neow_bonus":"TEN_PERCENT_HP_BONUS","is_prod":false,"is_daily":false,"chose_seed":false,"campfire_upgraded":1,"win_rate":0,"timestamp":1556411319,"path_taken":["M","?","M","M","M","E","?","R","T","?","$","E","?","M","R","BOSS","M","$","?","?","M","R","M","E","T","R","?","M","?","M"],"build_version":"2019-01-23","purchased_purges":1,"victory":false,"max_hp_per_floor":[82,82,82,82,82,82,82,82,82,82,82,92,92,92,92,92,97,97,97,102,102,102,102,102,102,102,102,102,102,102,102],"card_choices":[{"not_picked":["Redo","Turbo"],"picked":"Steam","floor":1},{"not_picked":["Stack","Reprogram"],"picked":"Turbo","floor":3},{"not_picked":["Go for the Eyes","Conserve Battery"],"picked":"Rip and Tear","floor":4},{"not_picked":["Rebound","BootSequence"],"picked":"Coolheaded","floor":5},{"not_picked":["Stack","Storm"],"picked":"Steam","floor":6},{"not_picked":["Reinforced Body","Undo"],"picked":"Genetic Algorithm","floor":12},{"not_picked":["Sweeping Beam","Barrage","Go for the Eyes"],"picked":"SKIP","floor":13},{"not_picked":["Scrape","Consume"],"picked":"Core Surge","floor":14},{"not_picked":["Fission","Hyperbeam"],"picked":"Electrodynamics","floor":16},{"not_picked":["Barrage","Turbo"],"picked":"Coolheaded","floor":17},{"not_picked":["Reinforced Body","Redo+1"],"picked":"Conserve Battery","floor":18},{"not_picked":["Coolheaded","Recycle"],"picked":"Stack","floor":22},{"not_picked":["Heatsinks+1","Cold Snap"],"picked":"Loop+1","floor":24},{"not_picked":["Barrage+1","Recycle+1"],"picked":"Ball Lightning","floor":25},{"not_picked":["Buffer","Streamline"],"picked":"Beam Cell+1","floor":29},{"not_picked":["Beam Cell","Barrage"],"picked":"Stack","floor":30}],"player_experience":388986,"relics_obtained":[{"floor":6,"key":"Vajra"},{"floor":9,"key":"Regal Pillow"},{"floor":12,"key":"Pear"},{"floor":25,"key":"Incense Burner"},{"floor":26,"key":"Tiny Chest"}],"event_choices":[{"damage_healed":0,"gold_gain":0,"player_choice":"Grow","damage_taken":0,"max_hp_gain":0,"max_hp_loss":0,"event_name":"Living Wall","floor":2,"gold_loss":0,"cards_upgraded":["Zap"]},{"damage_healed":0,"gold_gain":0,"player_choice":"Entered Light","damage_taken":16,"max_hp_gain":0,"max_hp_loss":0,"event_name":"Shining Light","floor":7,"gold_loss":0,"cards_upgraded":["Defend_B","Strike_B"]},{"damage_healed":0,"gold_gain":0,"player_choice":"Upgraded","damage_taken":0,"max_hp_gain":0,"max_hp_loss":0,"event_name":"Upgrade Shrine","floor":10,"gold_loss":0,"cards_upgraded":["Rip and Tear"]},{"damage_healed":0,"gold_gain":0,"player_choice":"Shed Blood","damage_taken":24,"max_hp_gain":5,"max_hp_loss":0,"event_name":"Forgotten Altar","floor":20,"gold_loss":0},{"damage_healed":0,"gold_gain":0,"player_choice":"Joined the Cult","damage_taken":6,"max_hp_gain":0,"max_hp_loss":0,"event_name":"Nest","floor":28,"gold_loss":0,"cards_obtained":["RitualDagger"]}],"is_beta":false,"boss_relics":[{"not_picked":["Lizard Tail","Runic Pyramid"],"picked":"Tiny House"}],"items_purged_floors":[11],"is_endless":false,"potions_floor_spawned":[5,12,16,22,25,29],"killed_by":"Centurion and Healer","ascension_level":6}