{"gold_per_floor":[411,411,486,172,347,347,377,377,377,377,394,128,147,181,181,260,260,275,275,293,110,110,110,110,123,147,111,131,131],"floor_reached":29,"playtime":1234,"items_purged":["Doubt"],"score":378,"play_id":"a93891a0-623f-44b9-9161-3b1316f4b7e9","local_time":"20190409225448","is_ascension_mode":true,"campfire_choices":[{"data":"Rampage","floor":6,"key":"SMITH"},{"floor":8,"key":"REST"},{"floor":10,"key":"REST"},{"floor":15,"key":"REST"},{"floor":23,"key":"REST"}],"neow_cost":"TEN_PERCENT_HP_LOSS","seed_source_timestamp":1134896142800,"circlet_count":0,"master_deck":["AscendersBane","Strike_R","Strike_R","Strike_R","Strike_R","Strike_R","Defend_R","Defend_R","Defend_R","Defend_R","Bash","Infernal Blade","Rampage+1","Bandage Up","Burning Pact","Disarm","Discovery","Echo Form","Sunder","Apotheosis","Bludgeon","Battle Trance","Skewer"],"relics":["Black Blood","Old Coin","Lee\u0027s Waffle","Self Forming Clay","Singing Bowl","PrismaticShard","Art of War","Potion Belt"],"potions_floor_usage":[25,28],"damage_taken":[{"damage":12,"enemies":"2 Louse","floor":1,"turns":3},{"damage":61,"enemies":"3 Sentries","floor":7,"turns":11},{"damage":6,"enemies":"Cultist","floor":11,"turns":3},{"damage":6,"enemies":"Jaw Worm","floor":13,"turns":3},{"damage":44,"enemies":"Lagavulin","floor":14,"turns":8},{"damage":77,"enemies":"Slime Boss","floor":16,"turns":12},{"damage":29,"enemies":"Chosen","floor":18,"turns":5},{"damage":34,"enemies":"Spheric Guardian","floor":20,"turns":6},{"damage":29,"enemies":"Snake Plant","floor":25,"turns":5},{"damage":48,"enemies":"Chosen and Byrds","floor":28,"turns":7},{"damage":22,"enemies":"Snecko","floor":29,"turns":4}],"seed_played":"-5139997193584873051","potions_obtained":[{"floor":14,"key":"SpeedPotion"},{"floor":16,"key":"Poison Potion"},{"floor":18,"key":"SteroidPotion"}],"is_trial":false,"path_per_floor":["M","?","?","$","?","R","E","R","T","R","M","$","M","E","R","B",null,"M","?","M","$","$","R","?","M","T","$","M","M"],"character_chosen":"IRONCLAD","items_purchased":["Lee\u0027s Waffle","Rampage","Bandage Up","PrismaticShard","Apotheosis","Battle Trance"],"campfire_rested":4,"item_purchase_floors":[4,4,4,12,21,27],"current_hp_per_floor":[66,71,60,84,84,84,33,58,58,83,83,83,86,52,77,10,67,54,46,30,30,30,56,56,45,45,45,11,0],"gold":131,"neow_bonus":"ONE_RARE_RELIC","is_prod":false,"is_daily":false,"chose_seed":false,"campfire_upgraded":1,"win_rate":0,"timestamp":1554843288,"path_taken":["M","?","?","$","?","R","E","R","T","R","M","$","M","E","R","BOSS","M","?","?","?","$","R","?","M","T","$","?","M"],"build_version":"2019-01-23","purchased_purges":1,"victory":false,"max_hp_per_floor":[72,77,77,84,84,84,84,84,84,84,84,84,86,86,86,86,86,88,88,88,88,88,88,88,90,90,90,90,90],"card_choices":[{"not_picked":["Wild Strike","Shrug It Off"],"picked":"Infernal Blade","floor":1},{"not_picked":["Shrug It Off","Corruption"],"picked":"Burning Pact","floor":7},{"not_picked":["Fire Breathing","Heavy Blade"],"picked":"Disarm","floor":11},{"not_picked":["Whirlwind","Steam","Warcry"],"picked":"Singing Bowl","floor":13},{"not_picked":["Limit Break","Anger"],"picked":"Discovery","floor":14},{"not_picked":["Seek","Demon Form"],"picked":"Echo Form","floor":16},{"not_picked":["Headbutt","Infinite Blades","Blade Dance"],"picked":"Singing Bowl","floor":18},{"not_picked":["Rampage","Deadly Poison"],"picked":"Sunder","floor":20},{"not_picked":["Predator","Rebound","PiercingWail"],"picked":"Singing Bowl","floor":25},{"not_picked":["Bouncing Flask","Auto Shields"],"picked":"Skewer","floor":28}],"player_experience":1629473,"relics_obtained":[{"floor":7,"key":"Self Forming Clay"},{"floor":9,"key":"Singing Bowl"},{"floor":14,"key":"Art of War"},{"floor":26,"key":"Potion Belt"}],"event_choices":[{"damage_healed":0,"gold_gain":0,"player_choice":"Donut","damage_taken":0,"max_hp_gain":5,"max_hp_loss":0,"event_name":"Big Fish","floor":2,"gold_loss":0},{"damage_healed":0,"gold_gain":75,"player_choice":"Gather Gold","damage_taken":11,"max_hp_gain":0,"max_hp_loss":0,"event_name":"World of Goop","floor":3,"gold_loss":0},{"damage_healed":0,"gold_gain":175,"player_choice":"AGREE","damage_taken":0,"max_hp_gain":0,"max_hp_loss":0,"event_name":"Liars Game","floor":5,"gold_loss":0,"cards_obtained":["Doubt"]},{"damage_healed":0,"gold_gain":0,"player_choice":"Damaged","damage_taken":8,"max_hp_gain":0,"max_hp_loss":0,"event_name":"Wheel of Change","floor":19,"gold_loss":0},{"damage_healed":0,"gold_gain":0,"player_choice":"1 cards matched","damage_taken":0,"max_hp_gain":0,"max_hp_loss":0,"event_name":"Match and Keep!","floor":24,"gold_loss":0,"cards_obtained":["Bludgeon"]}],"is_beta":false,"boss_relics":[{"not_picked":["Sozu","Lizard Tail"],"picked":"Black Blood"}],"items_purged_floors":[12],"is_endless":false,"potions_floor_spawned":[14,16,18],"killed_by":"Snecko","ascension_level":13}