{"path_per_floor":["M","$","M","M","M","R","E","R","T","E","M","R","?","?","R","B",null,"M","?","M","M","?","R","E","R","T","E","M","$","?"],"character_chosen":"IRONCLAD","items_purchased":["Shrug It Off","Regal Pillow"],"gold_per_floor":[113,89,101,114,131,131,162,162,187,221,232,232,407,407,407,504,504,485,485,505,518,443,443,472,472,472,506,522,299,299],"floor_reached":31,"campfire_rested":3,"playtime":1984,"current_hp_per_floor":[79,79,73,79,66,66,50,50,50,48,47,47,47,47,71,29,80,80,65,71,27,27,52,55,82,82,38,9,9,9],"items_purged":["Strike_R"],"gold":299,"score":337,"play_id":"7eb8efb4-fec9-4ad5-abeb-e8215d474977","local_time":"20180308220021","is_prod":false,"is_daily":false,"is_ascension_mode":true,"campfire_upgraded":3,"timestamp":1520575221,"path_taken":["M","$","M","M","M","R","E","R","T","E","M","R","?","?","R","BOSS","M","?","M","M","?","R","E","R","T","E","?","$","?","M"],"build_version":"2018-03-01-PROD1","purchased_purges":1,"victory":false,"master_deck":["Defend_R+1","Defend_R","Defend_R+1","Defend_R","Bash+1","Clothesline+1","Shrug It Off","Iron Wave","Shrug It Off+1","Flex+1","Armaments","Carnage","Sever Soul","Dark Embrace","Shockwave","Spot Weakness+1","Cleave","Impervious","Uppercut","Feel No Pain","Bite","Bite","Bite","Bite","Bite"],"max_hp_per_floor":[80,80,80,80,80,80,80,80,80,80,80,80,80,80,80,80,80,80,85,85,85,85,85,92,92,92,92,92,92,64],"relics":["Burning Blood","War Paint","Happy Flower","Anchor","Lizard Tail","Strawberry","Girya","Bottled Lightning","Regal Pillow"],"card_choices":[{"not_picked":["Twin Strike","Sword Boomerang"],"picked":"Clothesline"},{"not_picked":["Armaments","Headbutt"],"picked":"Iron Wave"},{"not_picked":["Clothesline","True Grit"],"picked":"Shrug It Off"},{"not_picked":["Heavy Blade","Warcry"],"picked":"Flex"},{"not_picked":["Brutality","Immolate"],"picked":"Armaments"},{"not_picked":["Flex","Havoc"],"picked":"Carnage"},{"not_picked":["Armaments","Wild Strike"],"picked":"Sever Soul"},{"not_picked":["Impervious","Limit Break"],"picked":"Dark Embrace"},{"not_picked":["Evolve","Body Slam"],"picked":"Shockwave"},{"not_picked":["Pommel Strike","Thunderclap"],"picked":"Spot Weakness"},{"not_picked":["Body Slam","Clothesline"],"picked":"Cleave"},{"not_picked":["Power Through","Cleave"],"picked":"Impervious"},{"not_picked":["Reckless Charge","Second Wind"],"picked":"Uppercut"},{"not_picked":["Infernal Blade","Combust"],"picked":"Feel No Pain"}],"player_experience":163038,"potions_floor_usage":[16,24,24,24,31],"damage_taken":[{"damage":7,"enemies":"Jaw Worm","floor":1,"turns":3},{"damage":12,"enemies":"Small Slimes","floor":3,"turns":5},{"damage":0,"enemies":"Cultist","floor":4,"turns":4},{"damage":19,"enemies":"Large Slime","floor":5,"turns":9},{"damage":22,"enemies":"3 Sentries","floor":7,"turns":10},{"damage":8,"enemies":"Lagavulin","floor":10,"turns":8},{"damage":7,"enemies":"2 Fungi Beasts","floor":11,"turns":3},{"damage":63,"enemies":"Slime Boss","floor":16,"turns":14},{"damage":4,"enemies":"2 Thieves","floor":18,"turns":4},{"damage":0,"enemies":"Chosen","floor":20,"turns":8},{"damage":50,"enemies":"Slaver and Parasite","floor":21,"turns":9},{"damage":61,"enemies":"Gremlin Leader","floor":24,"turns":9},{"damage":50,"enemies":"Book of Stabbing","floor":27,"turns":9},{"damage":35,"enemies":"Centurion and Healer","floor":28,"turns":8},{"damage":20,"enemies":"Snake Plant","floor":31,"turns":2}],"event_choices":[{"event_name":"Liars Game","player_choice":"agreed","floor":13,"damage_taken":0},{"event_name":"Purifier","player_choice":"One Purge","floor":14,"damage_taken":0},{"event_name":"Forgotten Altar","player_choice":"Shed Blood","floor":19,"damage_taken":0},{"event_name":"Beggar","player_choice":"Gave Gold","floor":22,"damage_taken":0},{"event_name":"Vampires","player_choice":"Became a vampire","floor":30,"damage_taken":0}],"boss_relics":[{"not_picked":["Astrolabe","Pandora\u0027s Box"],"picked":"Lizard Tail"}],"potions_floor_spawned":[4,5,10,18,27],"seed_played":"8679444282236692661","killed_by":"Snake Plant","ascension_level":2,"is_trial":false}