{"gold_per_floor":[144,144,144,189,234,324,324,369,369,369,7,52,97,142,142,142],"floor_reached":16,"playtime":1834,"items_purged":["Strike_B"],"score":104,"play_id":"17709269-a36e-429a-8472-e7a5844071c7","local_time":"20190104195248","daily_mods":["Chimera","Uncertain Future","Midas"],"is_ascension_mode":false,"campfire_choices":[{"floor":7,"key":"REST"},{"floor":10,"key":"REST"},{"floor":15,"key":"REST"}],"neow_cost":"","seed_source_timestamp":0,"circlet_count":0,"master_deck":["Bash","Survivor","Zap","Strike_R+1","Defend_R","Defend_G","Defend_B+1","Dodge and Roll","PiercingWail","Acrobatics","Backflip","Wraith Form v2+1","Wraith Form v2+1","Good Instincts","Backflip","Slice"],"special_seed":17901,"relics":["Ring of the Snake","Frozen Egg 2","Letter Opener","DollysMirror"],"potions_floor_usage":[6,6,13,13],"damage_taken":[{"damage":1,"enemies":"Cultist","floor":1,"turns":4},{"damage":0,"enemies":"Small Slimes","floor":4,"turns":4},{"damage":1,"enemies":"Jaw Worm","floor":5,"turns":7},{"damage":22,"enemies":"Lagavulin","floor":6,"turns":13},{"damage":0,"enemies":"Exordium Wildlife","floor":8,"turns":5},{"damage":0,"enemies":"2 Fungi Beasts","floor":12,"turns":5},{"damage":0,"enemies":"Large Slime","floor":13,"turns":5},{"damage":1,"enemies":"Blue Slaver","floor":14,"turns":7},{"damage":10,"enemies":"The Guardian","floor":16,"turns":9}],"seed_played":"4277757570811761034","potions_obtained":[{"floor":4,"key":"Block Potion"},{"floor":5,"key":"Swift Potion"},{"floor":6,"key":"Energy Potion"},{"floor":8,"key":"AttackPotion"}],"is_trial":false,"path_per_floor":["M","?","?","M","M","E","R","M","T","R","$","M","M","M","R","B"],"character_chosen":"THE_SILENT","items_purchased":["DollysMirror","Good Instincts"],"campfire_rested":3,"item_purchase_floors":[11,11],"current_hp_per_floor":[69,55,55,55,54,32,53,53,53,70,70,70,70,69,70,60],"gold":142,"neow_bonus":"","is_prod":false,"is_daily":true,"chose_seed":false,"campfire_upgraded":0,"win_rate":0,"timestamp":1546660368,"path_taken":["M","?","?","M","M","E","R","M","T","R","$","?","M","M","R","BOSS"],"build_version":"2019-01-03v4","purchased_purges":1,"victory":false,"max_hp_per_floor":[70,70,70,70,70,70,70,70,70,70,70,70,70,70,70,70],"card_choices":[{"not_picked":["Outmaneuver","Expertise"],"picked":"Dodge and Roll","floor":1},{"not_picked":["Quick Slash","Finisher"],"picked":"PiercingWail","floor":4},{"not_picked":["Riddle With Holes","Dagger Spray"],"picked":"Acrobatics","floor":5},{"not_picked":["Underhanded Strike","Sucker Punch"],"picked":"Backflip","floor":6},{"not_picked":["Sucker Punch","Dagger Throw"],"picked":"Wraith Form v2+1","floor":8},{"not_picked":["Dodge and Roll","Prepared"],"picked":"Backflip","floor":12},{"not_picked":["Underhanded Strike","Dagger Throw"],"picked":"Slice","floor":13},{"not_picked":["Blade Dance","Sucker Punch","Riddle With Holes"],"picked":"SKIP","floor":14}],"player_experience":432426,"relics_obtained":[{"floor":6,"key":"Frozen Egg 2"},{"floor":9,"key":"Letter Opener"}],"event_choices":[{"damage_healed":0,"gold_gain":0,"player_choice":"Entered Light","damage_taken":14,"max_hp_gain":0,"max_hp_loss":0,"event_name":"Shining Light","floor":2,"gold_loss":0,"cards_upgraded":["Strike_R","Defend_B"]},{"cards_removed":["Strike_G"],"damage_healed":0,"gold_gain":0,"player_choice":"Offered Basic","damage_taken":0,"max_hp_gain":0,"max_hp_loss":0,"event_name":"Bonfire Elementals","floor":3,"gold_loss":0}],"is_beta":false,"boss_relics":[],"items_purged_floors":[11],"is_endless":false,"potions_floor_spawned":[4,5,6,8],"killed_by":"The Guardian","ascension_level":0}