{"gold_per_floor":[114,129,144,29,44,219,92,122,172,187,217,232,247,277,277,377,377,392,407,261,276,25,55,55],"floor_reached":24,"playtime":1369,"items_purged":["Defend_B"],"score":340,"play_id":"df2019d4-3f95-4372-8a58-51703ce2f7b1","local_time":"20181230182623","daily_mods":["Cursed Run","Flight","Binary"],"is_ascension_mode":false,"campfire_choices":[{"data":"Seek","floor":15,"key":"SMITH"}],"neow_cost":"","seed_source_timestamp":0,"circlet_count":0,"master_deck":["Strike_B","Strike_B","Strike_B","Strike_B","Defend_B","Defend_B","Defend_B","Zap","Dualcast","Compile Driver","Hologram","Loop","FTL","Capacitor","Redo","Doubt","Doom and Gloom","Ball Lightning","Shame","Redo","Seek+1","Go for the Eyes","Loop","Injury","Core Surge","Lockon","Rebound","Barrage","Melter","Cold Snap","Consume","Ball Lightning","Madness","Ball Lightning","Ball Lightning","Go for the Eyes"],"special_seed":17896,"relics":["Cursed Key","Darkstone Periapt","Du-Vu Doll","Ornamental Fan","Smiling Mask","Symbiotic Virus","Cables","Orrery","Sling","Shovel"],"potions_floor_usage":[23,23,23],"damage_taken":[{"damage":0,"enemies":"Small Slimes","floor":1,"turns":3},{"damage":3,"enemies":"Jaw Worm","floor":2,"turns":3},{"damage":0,"enemies":"2 Louse","floor":3,"turns":2},{"damage":5,"enemies":"Looter","floor":5,"turns":2},{"damage":13,"enemies":"Gremlin Nob","floor":8,"turns":3},{"damage":0,"enemies":"2 Fungi Beasts","floor":10,"turns":2},{"damage":11,"enemies":"3 Sentries","floor":11,"turns":4},{"damage":11,"enemies":"Exordium Wildlife","floor":12,"turns":3},{"damage":9,"enemies":"Blue Slaver","floor":13,"turns":2},{"damage":0,"enemies":"Gremlin Nob","floor":14,"turns":3},{"damage":8,"enemies":"The Guardian","floor":16,"turns":4},{"damage":19,"enemies":"3 Byrds","floor":18,"turns":4},{"damage":30,"enemies":"2 Thieves","floor":19,"turns":3},{"damage":17,"enemies":"Centurion and Healer","floor":21,"turns":3},{"damage":22,"enemies":"Book of Stabbing","floor":23,"turns":3},{"damage":10,"enemies":"Gremlin Leader","floor":24,"turns":1}],"seed_played":"-1256899049179470920","potions_obtained":[{"floor":2,"key":"FocusPotion"},{"floor":10,"key":"Poison Potion"},{"floor":11,"key":"AttackPotion"},{"floor":12,"key":"PowerPotion"},{"floor":23,"key":"SpeedPotion"}],"is_trial":false,"path_per_floor":["M","M","M","$","M","?","$","E","T","M","E","M","M","E","R","B",null,"M","M","$","M","$","E","E"],"character_chosen":"DEFECT","items_purchased":["FTL","Capacitor","Doom and Gloom","Ball Lightning","Madness","Ball Lightning","Sling"],"campfire_rested":0,"item_purchase_floors":[4,4,7,7,20,22,22],"current_hp_per_floor":[75,72,72,72,67,73,73,60,66,66,55,44,35,35,35,33,93,74,44,44,27,27,5,0],"gold":55,"neow_bonus":"","is_prod":false,"is_daily":true,"chose_seed":false,"campfire_upgraded":1,"win_rate":0,"timestamp":1546223183,"path_taken":["M","M","M","$","M","?","$","E","T","M","E","M","M","E","R","BOSS","M","M","$","M","$","E","E"],"build_version":"2018-12-20","purchased_purges":1,"victory":false,"max_hp_per_floor":[75,75,75,75,75,81,81,81,87,87,87,87,87,87,87,93,93,93,93,93,93,93,93,93],"card_choices":[{"not_picked":["Go for the Eyes"],"picked":"Compile Driver","floor":1},{"not_picked":["Sweeping Beam"],"picked":"Hologram","floor":2},{"not_picked":["Coolheaded"],"picked":"Loop","floor":3},{"not_picked":["Rebound"],"picked":"Redo","floor":5},{"not_picked":["Conserve Battery","Stack"],"picked":"SKIP","floor":8},{"not_picked":["Static Discharge","Stack"],"picked":"SKIP","floor":10},{"not_picked":["Force Field"],"picked":"Redo","floor":11},{"not_picked":["Coolheaded"],"picked":"Seek","floor":12},{"not_picked":["Recycle"],"picked":"Go for the Eyes","floor":13},{"not_picked":["Gash"],"picked":"Loop","floor":14},{"not_picked":["Rainbow"],"picked":"Core Surge","floor":16},{"not_picked":["Sweeping Beam"],"picked":"Lockon","floor":17},{"not_picked":["Conserve Battery"],"picked":"Rebound","floor":17},{"not_picked":["Scrape"],"picked":"Barrage","floor":17},{"not_picked":["Conserve Battery"],"picked":"Melter","floor":17},{"not_picked":["Conserve Battery"],"picked":"Cold Snap","floor":17},{"not_picked":["Lockon"],"picked":"Consume","floor":18},{"not_picked":["Redo"],"picked":"Ball Lightning","floor":19},{"not_picked":["Multi-Cast"],"picked":"Ball Lightning","floor":21},{"not_picked":["Sweeping Beam"],"picked":"Go for the Eyes","floor":23}],"player_experience":266251,"relics_obtained":[{"floor":8,"key":"Ornamental Fan"},{"floor":9,"key":"Smiling Mask"},{"floor":11,"key":"Symbiotic Virus"},{"floor":14,"key":"Cables"},{"floor":23,"key":"Shovel"}],"event_choices":[{"damage_healed":0,"gold_gain":175,"player_choice":"AGREE","damage_taken":0,"max_hp_gain":0,"max_hp_loss":0,"event_name":"Liars Game","floor":6,"gold_loss":0,"cards_obtained":["Doubt"]}],"is_beta":false,"boss_relics":[{"not_picked":["Velvet Choker","Coffee Dripper"],"picked":"Orrery"}],"items_purged_floors":[20],"is_endless":false,"potions_floor_spawned":[2,10,11,12,16,19,23],"killed_by":"Gremlin Leader","ascension_level":0}