{"path_per_floor":["M","?","$","M","$","R","M","R","T","M","?","R","M","M","R","B",null,"M","$"],"character_chosen":"IRONCLAD","items_purchased":["Rampage"],"gold_per_floor":[118,118,10,23,23,23,42,42,66,86,86,86,106,120,120,218,218,236,136,136],"floor_reached":20,"campfire_rested":0,"playtime":707,"current_hp_per_floor":[75,75,75,75,75,75,69,69,69,63,60,60,66,64,64,15,80,39,39,0],"items_purged":["Strike_R","Strike_R"],"gold":136,"score":189,"play_id":"a21ce4f9-6e56-4561-8af3-638059e3613a","local_time":"20180325192515","is_prod":false,"is_daily":false,"is_ascension_mode":true,"campfire_upgraded":4,"timestamp":1522031115,"path_taken":["M","?","$","M","$","R","M","R","T","M","?","R","M","M","R","BOSS","M","$","M"],"build_version":"2018-03-22v2","purchased_purges":2,"victory":false,"master_deck":["Strike_R","Strike_R","Strike_R","Defend_R","Defend_R","Defend_R","Defend_R","Bash+1","Dark Embrace","Heavy Blade","Rampage+1","Cleave+1","True Grit+1","Heavy Blade","Demon Form","Inflame+1"],"max_hp_per_floor":[80,80,80,80,80,80,80,80,80,80,80,80,80,80,80,80,80,80,80,80],"relics":["Burning Blood","Ancient Tea Set","Mummified Hand","White Beast Statue"],"card_choices":[{"not_picked":["Flex","Battle Trance"],"picked":"Heavy Blade","floor":1.0},{"not_picked":["Seeing Red","Wild Strike"],"picked":"Cleave","floor":4.0},{"not_picked":["Flex","Warcry"],"picked":"True Grit","floor":7.0},{"not_picked":["Iron Wave","Sever Soul"],"picked":"Heavy Blade","floor":13.0},{"not_picked":["Berserk","Offering"],"picked":"Demon Form","floor":16.0},{"not_picked":["Sever Soul","Havoc"],"picked":"Inflame","floor":18.0}],"player_experience":197342,"potions_floor_usage":[],"damage_taken":[{"damage":11.0,"enemies":"2 Louse","floor":1.0,"turns":4.0},{"damage":6.0,"enemies":"Cultist","floor":4.0,"turns":4.0},{"damage":12.0,"enemies":"Jaw Worm","floor":7.0,"turns":2.0},{"damage":12.0,"enemies":"Looter","floor":10.0,"turns":3.0},{"damage":0.0,"enemies":"2 Fungi Beasts","floor":13.0,"turns":3.0},{"damage":8.0,"enemies":"Blue Slaver","floor":14.0,"turns":4.0},{"damage":55.0,"enemies":"The Guardian","floor":16.0,"turns":14.0},{"damage":47.0,"enemies":"Shell Parasite","floor":18.0,"turns":5.0},{"damage":59,"enemies":"Chosen","floor":20,"turns":4}],"event_choices":[{"event_name":"Match and Keep!","player_choice":"0 cards matched","floor":2.0,"damage_taken":0.0},{"event_name":"Scrap Ooze","player_choice":"success","floor":11.0,"damage_taken":3.0}],"boss_relics":[],"potions_floor_spawned":[4,13,16,18],"seed_played":"-3825527229571723706","killed_by":"Chosen","ascension_level":3,"is_trial":false}