{"gold_per_floor":[110,110,124,199,211,242,2,2,2,2,2,16,16,28,28,126,126,142,158,428,15,15,15,49,59,59,158,177,177,26,26,26,124,124,140,153,153,153,165,165,175,175],"floor_reached":42,"playtime":4059,"items_purged":[],"score":632,"play_id":"5d9e7ba0-bab8-4b48-9332-7c2439135345","local_time":"20190415222840","is_ascension_mode":true,"campfire_choices":[{"floor":10,"key":"REST"},{"floor":13,"key":"REST"},{"floor":15,"key":"REST"},{"floor":23,"key":"REST"},{"floor":32,"key":"REST"},{"data":"After Image","floor":40,"key":"SMITH"}],"neow_cost":"NONE","seed_source_timestamp":361640701212666,"circlet_count":0,"master_deck":["Defend_G","Defend_G","Defend_G","Defend_G","Defend_G","Strike_G","Strike_G","Strike_G","Strike_G","Strike_G","Survivor","Neutralize","Well Laid Plans","Prepared","Cloak And Dagger","Cloak And Dagger","Dagger Spray","Malaise","Backflip","Expertise","Cloak And Dagger","Infinite Blades","Swift Strike","Escape Plan","Leg Sweep","Backflip","After Image+1","Accuracy","Accuracy","Well Laid Plans","Apotheosis","Cloak And Dagger","Footwork+1","Backflip","Cloak And Dagger","Endless Agony","Noxious Fumes","Shame","Adrenaline","Tactician+1","Setup+1","Apotheosis","Mayhem","Violence","Slice+1"],"relics":["Orrery","Thread and Needle","Art of War","Dodecahedron","WristBlade","Bag of Preparation","Pantograph","Matryoshka","Ancient Tea Set","Busted Crown"],"potions_floor_usage":[5,6,6,14,16,24,25,33,33,39],"damage_taken":[{"damage":1,"enemies":"2 Louse","floor":1,"turns":2},{"damage":0,"enemies":"Cultist","floor":3,"turns":5},{"damage":0,"enemies":"Jaw Worm","floor":5,"turns":3},{"damage":46,"enemies":"Lagavulin","floor":6,"turns":12},{"damage":0,"enemies":"Large Slime","floor":12,"turns":6},{"damage":0,"enemies":"Exordium Thugs","floor":14,"turns":8},{"damage":33,"enemies":"Slime Boss","floor":16,"turns":16},{"damage":0,"enemies":"3 Byrds","floor":18,"turns":7},{"damage":0,"enemies":"Shell Parasite","floor":19,"turns":7},{"damage":20,"enemies":"Gremlin Leader","floor":24,"turns":8},{"damage":0,"enemies":"Snake Plant","floor":25,"turns":8},{"damage":0,"enemies":"Snecko","floor":28,"turns":5},{"damage":0,"enemies":"Colosseum Slavers","floor":29,"turns":6},{"damage":24,"enemies":"Automaton","floor":33,"turns":8},{"damage":0,"enemies":"3 Shapes","floor":35,"turns":5},{"damage":2,"enemies":"3 Darklings","floor":36,"turns":6},{"damage":2,"enemies":"Spire Growth","floor":39,"turns":6},{"damage":37,"enemies":"4 Shapes","floor":41,"turns":7},{"damage":13,"enemies":"Transient","floor":42,"turns":2}],"seed_played":"-330357559367386465","potions_obtained":[{"floor":1,"key":"SpeedPotion"},{"floor":2,"key":"EssenceOfSteel"},{"floor":2,"key":"AttackPotion"},{"floor":2,"key":"SkillPotion"},{"floor":6,"key":"Ancient Potion"},{"floor":12,"key":"Weak Potion"},{"floor":16,"key":"Strength Potion"},{"floor":24,"key":"Weak Potion"},{"floor":25,"key":"GamblersBrew"},{"floor":28,"key":"Dexterity Potion"},{"floor":36,"key":"LiquidBronze"}],"is_trial":false,"path_per_floor":["M","?","M","?","M","E","$","?","T","R","$","M","R","M","R","B",null,"M","M","?","$","$","R","E","M","T","?","M","?","$","?","R","B",null,"M","M","?","?","M","R","M","M"],"character_chosen":"THE_SILENT","items_purchased":["Infinite Blades","Swift Strike","Escape Plan","SteroidPotion","Bag of Preparation","Well Laid Plans","Apotheosis","Cloak And Dagger","Endless Agony","Noxious Fumes"],"campfire_rested":5,"item_purchase_floors":[7,7,7,7,21,21,21,30,30,30],"current_hp_per_floor":[62,62,62,51,51,5,5,5,5,26,26,26,47,47,68,35,61,61,61,33,33,33,54,34,34,34,34,34,34,34,34,55,46,64,64,62,52,52,50,50,13,0],"gold":175,"neow_bonus":"BOSS_RELIC","is_prod":false,"is_daily":false,"chose_seed":false,"campfire_upgraded":1,"win_rate":0,"timestamp":1555392520,"path_taken":["M","?","?","?","M","E","$","?","T","R","$","M","R","M","R","BOSS","M","M","?","?","$","R","E","M","T","?","M","?","?","?","R","BOSS","M","M","?","?","M","R","M","M"],"build_version":"2019-01-23","purchased_purges":0,"victory":false,"max_hp_per_floor":[70,70,70,70,70,70,70,70,70,70,70,70,70,70,70,70,70,70,70,70,70,70,70,70,70,70,70,70,70,70,70,70,70,70,70,70,70,66,66,66,66,66],"card_choices":[{"not_picked":["Bane","Leg Sweep"],"picked":"Well Laid Plans","floor":0},{"not_picked":["Dagger Throw","Bane"],"picked":"Prepared","floor":0},{"not_picked":["Prepared","Deadly Poison"],"picked":"Cloak And Dagger","floor":0},{"not_picked":["PiercingWail","Blade Dance"],"picked":"Cloak And Dagger","floor":0},{"not_picked":["Bouncing Flask","Deflect"],"picked":"Dagger Spray","floor":0},{"not_picked":["Choke","Underhanded Strike"],"picked":"Malaise","floor":1},{"not_picked":["Prepared","Acrobatics"],"picked":"Backflip","floor":3},{"not_picked":["Caltrops","Dodge and Roll"],"picked":"Expertise","floor":5},{"not_picked":["Quick Slash","Finisher"],"picked":"Cloak And Dagger","floor":6},{"not_picked":["Deadly Poison","Endless Agony"],"picked":"Leg Sweep","floor":12},{"not_picked":["Tactician","Masterful Stab"],"picked":"Backflip","floor":14},{"not_picked":["A Thousand Cuts","Wraith Form v2"],"picked":"After Image","floor":16},{"not_picked":["Riddle With Holes+1","Acrobatics"],"picked":"Accuracy","floor":18},{"not_picked":["PiercingWail","Flying Knee+1"],"picked":"Accuracy","floor":19},{"not_picked":["Sucker Punch","Slice"],"picked":"Cloak And Dagger","floor":24},{"not_picked":["Bane","Eviscerate"],"picked":"Footwork+1","floor":25},{"not_picked":["Bouncing Flask+1","Underhanded Strike"],"picked":"Backflip","floor":28},{"not_picked":["Corpse Explosion","Doppelganger"],"picked":"Adrenaline","floor":33},{"not_picked":[],"picked":"Tactician+1","floor":35},{"not_picked":[],"picked":"Setup+1","floor":36},{"not_picked":[],"picked":"Apotheosis","floor":37},{"not_picked":[],"picked":"Mayhem","floor":37},{"not_picked":[],"picked":"Violence","floor":37},{"not_picked":[],"picked":"Slice+1","floor":39},{"not_picked":["Deadly Poison"],"picked":"SKIP","floor":41}],"player_experience":1384239,"relics_obtained":[{"floor":6,"key":"Thread and Needle"},{"floor":9,"key":"Dodecahedron"},{"floor":24,"key":"Pantograph"},{"floor":26,"key":"Matryoshka"}],"event_choices":[{"damage_healed":0,"gold_gain":0,"player_choice":"Got Potions","damage_taken":0,"max_hp_gain":0,"max_hp_loss":0,"event_name":"Lab","floor":2,"gold_loss":0},{"damage_healed":0,"gold_gain":75,"player_choice":"Gather Gold","damage_taken":11,"max_hp_gain":0,"max_hp_loss":0,"event_name":"World of Goop","floor":4,"gold_loss":0},{"damage_healed":0,"gold_gain":0,"player_choice":"Gave Potion","damage_taken":0,"relics_obtained":["Art of War"],"max_hp_gain":0,"max_hp_loss":0,"event_name":"WeMeetAgain","floor":8,"gold_loss":0},{"damage_healed":0,"gold_gain":270,"player_choice":"GOLD GOLD GOLD ","damage_taken":28,"max_hp_gain":0,"max_hp_loss":0,"event_name":"Knowing Skull","floor":20,"potions_obtained":[],"gold_loss":0,"cards_obtained":[]},{"damage_healed":0,"gold_gain":99,"player_choice":"Stole From Cult","damage_taken":0,"max_hp_gain":0,"max_hp_loss":0,"event_name":"Nest","floor":27,"gold_loss":0},{"damage_healed":0,"gold_gain":0,"player_choice":"Fight","damage_taken":0,"max_hp_gain":0,"max_hp_loss":0,"event_name":"Colosseum","floor":29,"gold_loss":0},{"damage_healed":0,"gold_gain":0,"player_choice":"Fled From Nobs","damage_taken":0,"max_hp_gain":0,"max_hp_loss":0,"event_name":"Colosseum","floor":29,"gold_loss":0},{"damage_healed":0,"gold_gain":0,"player_choice":"Stole Relic","damage_taken":0,"relics_obtained":["Ancient Tea Set"],"max_hp_gain":0,"max_hp_loss":0,"event_name":"Addict","floor":31,"gold_loss":0,"cards_obtained":["Shame"]},{"damage_healed":0,"gold_gain":0,"player_choice":"Memory 3","damage_taken":10,"max_hp_gain":0,"max_hp_loss":0,"event_name":"SensoryStone","floor":37,"gold_loss":0},{"damage_healed":0,"gold_gain":0,"player_choice":"Max HP","damage_taken":0,"max_hp_gain":0,"max_hp_loss":4,"event_name":"Winding Halls","floor":38,"gold_loss":0}],"is_beta":false,"boss_relics":[{"not_picked":["White Beast Statue","Eternal Feather"],"picked":"WristBlade"},{"not_picked":["Calling Bell","Snecko Eye"],"picked":"Busted Crown"}],"items_purged_floors":[],"is_endless":false,"potions_floor_spawned":[1,6,12,16,24,25,28,36],"killed_by":"Transient","ascension_level":8}