{"gold_per_floor":[119,132,56,56,69,69,94,45,72,42,53,72,72,72,72,169,169,180,192,26,41,41,41,58,73,73,105,0,18,18,18],"floor_reached":31,"playtime":1359,"items_purged":[],"score":386,"play_id":"767162b7-cee2-4d8f-a07e-13fc135260bc","local_time":"20190327210309","is_ascension_mode":true,"campfire_choices":[{"floor":6,"key":"REST"},{"floor":15,"key":"REST"},{"floor":23,"key":"REST"},{"floor":30,"key":"REST"}],"neow_cost":"PERCENT_DAMAGE","seed_source_timestamp":90888269709800,"circlet_count":0,"master_deck":["AscendersBane","Defend_G","Defend_G","Defend_G","Defend_G","Defend_G","Strike_G","Strike_G","Strike_G","Survivor","Neutralize","Jack Of All Trades","Deep Breath","Dagger Throw","Terror","Bouncing Flask","Wraith Form v2","Deadly Poison","Cloak And Dagger","Expertise","Die Die Die","Backstab","Sadistic Nature","Dagger Throw","Escape Plan+1","Blade Dance","Slice","Storm of Steel"],"relics":["Ring of the Snake","Bag of Marbles","Potion Belt","Bottled Lightning","WristBlade","Smiling Mask","Lantern","Sundial"],"potions_floor_usage":[16,24,24,27,27],"damage_taken":[{"damage":2,"enemies":"Jaw Worm","floor":1,"turns":4},{"damage":1,"enemies":"Cultist","floor":2,"turns":4},{"damage":0,"enemies":"2 Louse","floor":5,"turns":2},{"damage":35,"enemies":"Gremlin Nob","floor":7,"turns":5},{"damage":5,"enemies":"Looter","floor":11,"turns":4},{"damage":1,"enemies":"Blue Slaver","floor":12,"turns":3},{"damage":26,"enemies":"Hexaghost","floor":16,"turns":9},{"damage":15,"enemies":"Shell Parasite","floor":18,"turns":5},{"damage":3,"enemies":"Spheric Guardian","floor":19,"turns":5},{"damage":25,"enemies":"Snake Plant","floor":21,"turns":4},{"damage":12,"enemies":"Centurion and Healer","floor":24,"turns":5},{"damage":2,"enemies":"3 Cultists","floor":25,"turns":4},{"damage":13,"enemies":"Gremlin Leader","floor":27,"turns":8},{"damage":15,"enemies":"Snake Plant","floor":29,"turns":3},{"damage":33,"enemies":"Book of Stabbing","floor":31,"turns":3}],"seed_played":"1153218358697318161","potions_obtained":[{"floor":2,"key":"Explosive Potion"},{"floor":5,"key":"Regen Potion"},{"floor":19,"key":"Energy Potion"},{"floor":21,"key":"Explosive Potion"},{"floor":25,"key":"Regen Potion"}],"is_trial":false,"path_per_floor":["M","M","$","?","M","R","E","$","T","?","M","M","?","T","R","B",null,"M","M","$","M","?","R","M","M","T","E","?","M","R","E"],"character_chosen":"THE_SILENT","items_purchased":["Bouncing Flask","Deadly Poison","Sadistic Nature"],"campfire_rested":4,"item_purchase_floors":[3,8,20],"current_hp_per_floor":[43,42,42,42,42,63,28,28,28,28,23,22,22,22,43,32,61,46,43,43,18,18,39,27,25,25,27,27,12,33,0],"gold":18,"neow_bonus":"RANDOM_COLORLESS_2","is_prod":false,"is_daily":false,"chose_seed":false,"campfire_upgraded":0,"win_rate":0,"timestamp":1553716989,"path_taken":["M","M","$","?","?","R","E","$","T","?","M","M","?","?","R","BOSS","M","?","$","M","?","R","M","M","T","E","?","M","R","E"],"build_version":"2019-01-23","purchased_purges":0,"victory":false,"max_hp_per_floor":[70,70,70,70,70,70,70,70,70,70,70,70,70,70,70,70,70,70,70,70,70,70,70,70,70,70,70,70,70,70,70],"card_choices":[{"not_picked":["Leg Sweep","Blade Dance"],"picked":"Dagger Throw","floor":1},{"not_picked":["Dodge and Roll","Acrobatics"],"picked":"Terror","floor":2},{"not_picked":["Finisher","Sucker Punch","Reflex"],"picked":"SKIP","floor":5},{"not_picked":["PiercingWail","Concentrate"],"picked":"Wraith Form v2","floor":7},{"not_picked":["Heel Hook","Setup"],"picked":"Cloak And Dagger","floor":11},{"not_picked":["Masterful Stab","Outmaneuver"],"picked":"Expertise","floor":12},{"not_picked":["After Image","Phantasmal Killer"],"picked":"Die Die Die","floor":16},{"not_picked":["Expertise","Flying Knee","Prepared"],"picked":"SKIP","floor":18},{"not_picked":["Well Laid Plans+1","Slice"],"picked":"Backstab","floor":19},{"not_picked":["Setup","Bane"],"picked":"Dagger Throw","floor":21},{"not_picked":["Deflect","Flying Knee+1"],"picked":"Escape Plan+1","floor":24},{"not_picked":["Acrobatics","Crippling Poison+1"],"picked":"Blade Dance","floor":25},{"not_picked":["Expertise+1","Eviscerate+1"],"picked":"Slice","floor":27},{"not_picked":["Poisoned Stab","Heel Hook"],"picked":"Storm of Steel","floor":29}],"player_experience":1576580,"relics_obtained":[{"floor":7,"key":"Bag of Marbles"},{"floor":9,"key":"Potion Belt"},{"floor":14,"key":"Bottled Lightning"},{"floor":26,"key":"Lantern"},{"floor":27,"key":"Sundial"}],"event_choices":[{"cards_removed":["Strike_G"],"damage_healed":0,"gold_gain":0,"player_choice":"Purged","damage_taken":0,"max_hp_gain":0,"max_hp_loss":0,"event_name":"Purifier","floor":4,"gold_loss":0},{"damage_healed":0,"gold_gain":0,"player_choice":"Left Gold","damage_taken":0,"max_hp_gain":0,"max_hp_loss":0,"event_name":"World of Goop","floor":10,"gold_loss":30},{"cards_removed":["Strike_G"],"damage_healed":0,"gold_gain":0,"player_choice":"Forget","damage_taken":0,"max_hp_gain":0,"max_hp_loss":0,"event_name":"Living Wall","floor":13,"gold_loss":0},{"damage_healed":0,"gold_gain":0,"player_choice":"Opened","damage_taken":0,"relics_obtained":["Smiling Mask"],"max_hp_gain":0,"max_hp_loss":0,"event_name":"The Mausoleum","floor":22,"gold_loss":0},{"damage_healed":0,"gold_gain":0,"player_choice":"Paid Fearfully","damage_taken":0,"max_hp_gain":0,"max_hp_loss":0,"event_name":"Masked Bandits","floor":28,"gold_loss":105}],"is_beta":false,"boss_relics":[{"not_picked":["Orrery","Coffee Dripper"],"picked":"WristBlade"}],"items_purged_floors":[],"is_endless":false,"potions_floor_spawned":[2,5,19,21,25],"killed_by":"Book of Stabbing","ascension_level":10}