{"gold_per_floor":[111,111,127,77,77,117,136,160,160,85,108,108,108,108,108,233,233,257,357,9,24,24],"floor_reached":22,"playtime":1610,"items_purged":["Strike_B"],"score":193,"play_id":"08a16b2d-ffda-45d2-b3a5-11e48427ba19","local_time":"20181125143138","is_ascension_mode":true,"campfire_choices":[{"floor":12.0,"key":"REST"},{"floor":15.0,"key":"REST"}],"neow_cost":"NONE","seed_source_timestamp":221634337230811,"circlet_count":0,"master_deck":["Strike_B","Defend_B","Defend_B","Defend_B","Defend_B","Zap","Dualcast","Finesse","Hologram","Hologram","Blizzard","Seek","Blizzard","Defragment"],"special_seed":0,"relics":["Cracked Core","Golden Idol","Darkstone Periapt","Matryoshka","Fusion Hammer","Singing Bowl"],"potions_floor_usage":[16,16,16],"damage_taken":[{"damage":9.0,"enemies":"Small Slimes","floor":1.0,"turns":4.0},{"damage":0.0,"enemies":"2 Louse","floor":3.0,"turns":2.0},{"damage":43.0,"enemies":"Gremlin Nob","floor":6.0,"turns":5.0},{"damage":1.0,"enemies":"Cultist","floor":7.0,"turns":4.0},{"damage":3.0,"enemies":"Looter","floor":8.0,"turns":3.0},{"damage":9.0,"enemies":"2 Fungi Beasts","floor":11.0,"turns":4.0},{"damage":45,"enemies":"The Guardian","floor":16,"turns":12},{"damage":24,"enemies":"Spheric Guardian","floor":18,"turns":7},{"damage":16,"enemies":"Shell Parasite","floor":21,"turns":10},{"damage":33,"enemies":"Snake Plant","floor":22,"turns":5}],"seed_played":"-8599617316170925433","potions_obtained":[{"floor":6.0,"key":"Weak Potion"},{"floor":8.0,"key":"Dexterity Potion"},{"floor":11.0,"key":"PowerPotion"}],"is_trial":false,"path_per_floor":["M","?","M","?","?","E","M","M","T","$","M","R","?","?","R","B",null,"M","?","$","M","M"],"character_chosen":"DEFECT","items_purchased":["Blizzard","Singing Bowl","Defragment"],"campfire_rested":2,"item_purchase_floors":[20,20,20],"current_hp_per_floor":[66,66,66,66,66,23,22,19,19,19,10,30,30,30,50,5,69,45,45,45,31,0],"gold":24,"neow_bonus":"RANDOM_COLORLESS","is_prod":false,"is_daily":false,"chose_seed":false,"campfire_upgraded":0,"win_rate":0,"timestamp":1543123898,"path_taken":["M","?","M","?","?","E","?","M","T","$","M","R","?","?","R","BOSS","M","?","$","M","?"],"build_version":"2018-11-15","purchased_purges":1,"victory":false,"max_hp_per_floor":[75,69,69,69,69,69,69,69,69,69,69,69,69,69,69,69,69,69,69,69,71,71],"card_choices":[{"not_picked":["Streamline","Steam"],"picked":"Hologram","floor":1.0},{"not_picked":["Leap","Skim"],"picked":"Hologram","floor":3.0},{"not_picked":["Compile Driver","Rebound","Meteor Strike"],"picked":"SKIP","floor":6.0},{"not_picked":["Leap","Go for the Eyes","Redo"],"picked":"SKIP","floor":7.0},{"not_picked":["Gash","Cold Snap"],"picked":"Blizzard","floor":8.0},{"not_picked":["Reinforced Body","Stack","Conserve Battery"],"picked":"SKIP","floor":11.0},{"not_picked":["All For One","Reboot"],"picked":"Seek","floor":16},{"not_picked":["Redo","Genetic Algorithm","Consume"],"picked":"SKIP","floor":18},{"not_picked":["Double Energy","Go for the Eyes","Stack"],"picked":"Singing Bowl","floor":21}],"player_experience":79201,"relics_obtained":[{"floor":6.0,"key":"Darkstone Periapt"},{"floor":9.0,"key":"Matryoshka"}],"event_choices":[{"damage_healed":0.0,"max_hp_gain":0.0,"max_hp_loss":6.0,"gold_gain":0.0,"event_name":"Golden Idol","player_choice":"Lose Max HP","floor":2.0,"gold_loss":0.0,"damage_taken":0.0,"relics_obtained":["Golden Idol"]},{"cards_removed":["Strike_B"],"damage_healed":0.0,"max_hp_gain":0.0,"max_hp_loss":0.0,"gold_gain":0.0,"event_name":"The Cleric","player_choice":"Card Removal","floor":4.0,"gold_loss":50.0,"damage_taken":0.0},{"cards_removed":["Strike_B"],"damage_healed":0.0,"max_hp_gain":0.0,"max_hp_loss":0.0,"gold_gain":0.0,"event_name":"Wheel of Change","player_choice":"Card Removal","floor":5.0,"gold_loss":0.0,"damage_taken":0.0},{"damage_healed":0.0,"max_hp_gain":0.0,"max_hp_loss":0.0,"gold_gain":0.0,"event_name":"Liars Game","player_choice":"Ignored","floor":13.0,"gold_loss":0.0,"damage_taken":0.0},{"damage_healed":0.0,"max_hp_gain":0.0,"max_hp_loss":0.0,"gold_gain":0.0,"event_name":"Golden Wing","player_choice":"Ignored","floor":14.0,"gold_loss":0.0,"damage_taken":0.0},{"damage_healed":0,"gold_gain":100,"player_choice":"Pray","damage_taken":0,"max_hp_gain":0,"max_hp_loss":0,"event_name":"Golden Shrine","floor":19,"gold_loss":0}],"is_beta":false,"boss_relics":[{"not_picked":["Sozu","Calling Bell"],"picked":"Fusion Hammer"}],"items_purged_floors":[10],"is_endless":false,"potions_floor_spawned":[6,8,11],"killed_by":"Snake Plant","ascension_level":1}