{"gold_per_floor":[114,132,152,22,45,72,84,146,236,248,276,288,312,344,356,447,459,487,424,436,5,18,18],"floor_reached":23,"playtime":1538,"items_purged":["Normality"],"score":363,"play_id":"0e114e51-a157-4e81-a2dc-b71d01a53265","local_time":"20190514082117","is_ascension_mode":true,"campfire_choices":[{"floor":7,"key":"REST"},{"data":"Dagger Spray","floor":10,"key":"SMITH"},{"data":"Dagger Spray","floor":12,"key":"SMITH"},{"floor":15,"key":"REST"}],"neow_cost":"NONE","seed_source_timestamp":4155315305154,"circlet_count":0,"master_deck":["AscendersBane","Defend_G","Defend_G","Defend_G","Defend_G","Defend_G","Strike_G","Strike_G","Strike_G","Strike_G","Strike_G","Survivor","Neutralize","Blur","Dagger Spray+1","Caltrops","Dagger Spray+1","All Out Attack","Footwork+1","Tactician","Backflip","Expertise","Adrenaline","Clumsy","PiercingWail","Mayhem","Quick Slash","Dagger Spray","Backflip"],"relics":["Ring of the Snake","Bag of Marbles","MawBank","Ninja Scroll","Calling Bell","Oddly Smooth Stone","Paper Crane","Nunchaku"],"potions_floor_usage":[11,16,16,22],"damage_taken":[{"damage":2,"enemies":"Cultist","floor":1,"turns":5},{"damage":16,"enemies":"Jaw Worm","floor":2,"turns":9},{"damage":8,"enemies":"Small Slimes","floor":3,"turns":6},{"damage":32,"enemies":"Gremlin Nob","floor":6,"turns":4},{"damage":0,"enemies":"Looter","floor":11,"turns":3},{"damage":0,"enemies":"Gremlin Gang","floor":13,"turns":1},{"damage":0,"enemies":"3 Louse","floor":14,"turns":1},{"damage":27,"enemies":"The Guardian","floor":16,"turns":17},{"damage":44,"enemies":"Shell Parasite","floor":18,"turns":8},{"damage":9,"enemies":"Spheric Guardian","floor":22,"turns":6},{"damage":7,"enemies":"Book of Stabbing","floor":23,"turns":2}],"seed_played":"-932044705764078923","potions_obtained":[{"floor":2,"key":"EssenceOfSteel"},{"floor":13,"key":"AttackPotion"},{"floor":14,"key":"Swift Potion"}],"is_trial":false,"path_per_floor":["M","M","M","$","T","E","R","?","T","R","M","R","M","M","R","B",null,"M","?","?","$","M","E"],"character_chosen":"THE_SILENT","items_purchased":["Dagger Spray","All Out Attack","Mayhem","GhostInAJar","Quick Slash","Dagger Spray"],"campfire_rested":2,"item_purchase_floors":[4,4,21,21,21,21],"current_hp_per_floor":[63,47,39,39,39,7,28,21,21,21,21,21,21,21,42,15,58,14,14,14,14,5,0],"gold":18,"neow_bonus":"TEN_PERCENT_HP_BONUS","is_prod":false,"is_daily":false,"chose_seed":false,"campfire_upgraded":2,"win_rate":0,"timestamp":1557847277,"path_taken":["M","M","M","$","?","E","R","?","T","R","M","R","?","M","R","BOSS","M","?","?","$","?","E"],"build_version":"2019-01-23","purchased_purges":1,"victory":false,"max_hp_per_floor":[72,72,72,72,72,72,72,72,72,72,72,72,72,72,72,72,72,72,72,72,72,72,72],"card_choices":[{"not_picked":["Dagger Throw","Underhanded Strike"],"picked":"Blur","floor":1},{"not_picked":["Heel Hook","Riddle With Holes"],"picked":"Dagger Spray","floor":2},{"not_picked":["Setup","Blade Dance"],"picked":"Caltrops","floor":3},{"not_picked":["Caltrops","PiercingWail"],"picked":"Footwork","floor":6},{"not_picked":["Cloak And Dagger","Wraith Form v2"],"picked":"Tactician","floor":11},{"not_picked":["Slice","Dagger Throw"],"picked":"Backflip","floor":13},{"not_picked":["Deflect","Dodge and Roll"],"picked":"Expertise","floor":14},{"not_picked":["Wraith Form v2","Phantasmal Killer"],"picked":"Adrenaline","floor":16},{"not_picked":["Heel Hook","Noxious Fumes"],"picked":"PiercingWail","floor":18},{"not_picked":["Cloak And Dagger","Skewer"],"picked":"Backflip","floor":22}],"player_experience":1700590,"relics_obtained":[{"floor":5,"key":"Bag of Marbles"},{"floor":6,"key":"MawBank"},{"floor":9,"key":"Ninja Scroll"},{"floor":17,"key":"Oddly Smooth Stone"},{"floor":17,"key":"Paper Crane"},{"floor":17,"key":"Nunchaku"}],"event_choices":[{"damage_healed":0,"gold_gain":50,"player_choice":"Touch","damage_taken":7,"max_hp_gain":0,"max_hp_loss":0,"event_name":"FaceTrader","floor":8,"gold_loss":0},{"cards_removed":["Pain"],"damage_healed":0,"gold_gain":0,"player_choice":"Gave Gold","damage_taken":0,"max_hp_gain":0,"max_hp_loss":0,"event_name":"Beggar","floor":19,"gold_loss":75},{"damage_healed":0,"gold_gain":0,"player_choice":"Forge","damage_taken":0,"max_hp_gain":0,"max_hp_loss":0,"event_name":"Accursed Blacksmith","floor":20,"gold_loss":0,"cards_upgraded":["Footwork"]}],"is_beta":false,"boss_relics":[{"not_picked":["Lizard Tail","Busted Crown"],"picked":"Calling Bell"}],"items_purged_floors":[21],"is_endless":false,"potions_floor_spawned":[2,13,14],"killed_by":"Book of Stabbing","ascension_level":18}