{"gold_per_floor":[112,112,132,132,150,150,167,167,193,5,19,19,30,46,46,146,146,165,165,185,185],"floor_reached":21,"playtime":1879,"items_purged":[],"score":173,"play_id":"67edaa4c-2127-4293-ab5e-87a1e67ac570","local_time":"20181223195346","is_ascension_mode":false,"campfire_choices":[{"data":"Aggregate","floor":6,"key":"SMITH"},{"floor":15,"key":"REST"}],"neow_cost":"NONE","seed_source_timestamp":213398587093714,"circlet_count":0,"master_deck":["Strike_B","Defend_B","Defend_B","Defend_B","Defend_B","Zap","Dualcast","Barrage","Rip and Tear","Aggregate+1","Chill","Chaos","Dramatic Entrance","Streamline","Redo","Double Energy","Hello World","Capacitor","Storm","Machine Learning","Streamline","Compile Driver","Ball Lightning"],"relics":["Cracked Core","Dream Catcher","Happy Flower","Bag of Preparation","Inserter"],"potions_floor_usage":[18],"damage_taken":[{"damage":8,"enemies":"Jaw Worm","floor":1,"turns":3},{"damage":5,"enemies":"2 Louse","floor":3,"turns":2},{"damage":1,"enemies":"Cultist","floor":5,"turns":3},{"damage":5,"enemies":"Blue Slaver","floor":7,"turns":4},{"damage":11,"enemies":"Exordium Thugs","floor":11,"turns":3},{"damage":0,"enemies":"2 Fungi Beasts","floor":13,"turns":2},{"damage":3,"enemies":"Looter","floor":14,"turns":2},{"damage":2,"enemies":"Slime Boss","floor":16,"turns":9},{"damage":40,"enemies":"Shell Parasite","floor":18,"turns":6},{"damage":21,"enemies":"3 Byrds","floor":20,"turns":5},{"damage":31,"enemies":"Shelled Parasite and Fungi","floor":21,"turns":4}],"seed_played":"-2697022101345906264","potions_obtained":[{"floor":1,"key":"FocusPotion"},{"floor":5,"key":"Fruit Juice"},{"floor":11,"key":"SpeedPotion"},{"floor":18,"key":"Fire Potion"},{"floor":20,"key":"Explosive Potion"}],"is_trial":false,"path_per_floor":["M","?","M","?","M","R","M","?","T","$","M","?","M","M","R","B",null,"M","?","M","M"],"character_chosen":"DEFECT","items_purchased":["Happy Flower","Redo"],"campfire_rested":1,"item_purchase_floors":[10,10],"current_hp_per_floor":[74,67,62,62,61,61,56,56,56,56,45,33,33,30,54,52,82,47,47,26,0],"gold":185,"neow_bonus":"TEN_PERCENT_HP_BONUS","is_prod":false,"is_daily":false,"chose_seed":false,"campfire_upgraded":1,"win_rate":0.0,"timestamp":1545623626,"path_taken":["M","?","M","?","?","R","M","?","T","?","M","?","M","M","R","BOSS","M","?","M","M"],"build_version":"2018-12-20","purchased_purges":0,"victory":false,"max_hp_per_floor":[82,82,82,82,82,82,82,82,82,82,82,82,82,82,82,82,82,87,87,87,87],"card_choices":[{"not_picked":["Doom and Gloom","Scrape"],"picked":"Barrage","floor":1},{"not_picked":["Force Field","Hologram"],"picked":"Rip and Tear","floor":3},{"not_picked":["Hologram","Compile Driver"],"picked":"Chill","floor":5},{"not_picked":["Blizzard","Streamline"],"picked":"Chaos","floor":7},{"not_picked":["Aggregate","Streamline"],"picked":"Double Energy","floor":11},{"not_picked":["Go for the Eyes","FTL"],"picked":"Hello World","floor":13},{"not_picked":["Steam","Sweeping Beam"],"picked":"Capacitor","floor":14},{"not_picked":["Melter","Tempest"],"picked":"Storm","floor":15},{"not_picked":["Rainbow","Multi-Cast"],"picked":"Machine Learning","floor":16},{"not_picked":["Leap","Hologram+1"],"picked":"Streamline","floor":18},{"not_picked":["Blizzard","Coolheaded"],"picked":"Ball Lightning","floor":20}],"player_experience":10497,"relics_obtained":[{"floor":9,"key":"Dream Catcher"}],"event_choices":[{"cards_removed":["Strike_B"],"damage_healed":0,"gold_gain":0,"player_choice":"Card Removal","damage_taken":7,"max_hp_gain":0,"max_hp_loss":0,"event_name":"Golden Wing","floor":2,"gold_loss":0},{"damage_healed":0,"gold_gain":0,"cards_transformed":["Strike_B"],"player_choice":"Transformed","damage_taken":0,"max_hp_gain":0,"max_hp_loss":0,"event_name":"Transmorgrifier","floor":4,"gold_loss":0,"cards_obtained":["Aggregate"]},{"damage_healed":0,"gold_gain":0,"player_choice":"2 cards matched","damage_taken":0,"max_hp_gain":0,"max_hp_loss":0,"event_name":"Match and Keep!","floor":8,"gold_loss":0,"cards_obtained":["Dramatic Entrance","Streamline"]},{"damage_healed":0,"gold_gain":0,"player_choice":"Success","damage_taken":12,"relics_obtained":["Bag of Preparation"],"max_hp_gain":0,"max_hp_loss":0,"event_name":"Scrap Ooze","floor":12,"gold_loss":0},{"damage_healed":0,"gold_gain":0,"cards_transformed":["Strike_B"],"player_choice":"Transformed","damage_taken":0,"max_hp_gain":0,"max_hp_loss":0,"event_name":"Transmorgrifier","floor":19,"gold_loss":0,"cards_obtained":["Compile Driver"]}],"is_beta":false,"boss_relics":[{"not_picked":["FrozenCore","Sozu"],"picked":"Inserter"}],"items_purged_floors":[],"is_endless":false,"potions_floor_spawned":[1,5,11,18,20],"killed_by":"Shelled Parasite and Fungi","ascension_level":0}