{"gold_per_floor":[114,114,114,189,214,255,273,273,297,311,331,331,331,281,281,410,410,426,525,269,282,317,317,317],"floor_reached":24,"playtime":1409,"items_purged":[],"score":194,"play_id":"38bbd906-e154-4bf7-b589-c08d544699f9","local_time":"20190303110859","is_ascension_mode":false,"campfire_choices":[{"floor":8,"key":"REST"},{"floor":12,"key":"RECALL"},{"floor":15,"key":"REST"},{"floor":23,"key":"REST"}],"neow_cost":"NONE","seed_source_timestamp":185760196487305,"circlet_count":0,"master_deck":["Strike_B","Strike_B","Strike_B","Strike_B","Defend_B","Defend_B","Defend_B","Defend_B","Zap","Dualcast","Conserve Battery","Beam Cell","Undo","Conserve Battery","Multi-Cast","Ball Lightning","Core Surge","Loop","Streamline","Ball Lightning","Capacitor+1"],"relics":["Sozu","Golden Idol","Strawberry","Fusion Hammer","ClockworkSouvenir","Red Mask"],"potions_floor_usage":[],"damage_taken":[{"damage":0,"enemies":"Small Slimes","floor":1,"turns":3},{"damage":0,"enemies":"Jaw Worm","floor":5,"turns":3},{"damage":48,"enemies":"Lagavulin","floor":6,"turns":10},{"damage":0,"enemies":"2 Louse","floor":7,"turns":2},{"damage":0,"enemies":"Large Slime","floor":10,"turns":6},{"damage":4,"enemies":"Exordium Wildlife","floor":11,"turns":9},{"damage":60,"enemies":"Hexaghost","floor":16,"turns":12},{"damage":6,"enemies":"Spheric Guardian","floor":18,"turns":6},{"damage":10,"enemies":"2 Thieves","floor":21,"turns":4},{"damage":27,"enemies":"Masked Bandits","floor":22,"turns":6},{"damage":60,"enemies":"Gremlin Leader","floor":24,"turns":8}],"seed_played":"188588981114837120","potions_obtained":[],"is_trial":false,"path_per_floor":["M","?","?","?","M","E","M","R","T","M","M","R","?","?","R","B",null,"M","?","$","M","?","R","E"],"character_chosen":"DEFECT","items_purchased":["ClockworkSouvenir","Streamline"],"campfire_rested":3,"item_purchase_floors":[20,20],"current_hp_per_floor":[75,75,68,57,57,16,16,40,40,40,36,36,56,56,79,19,79,73,73,73,63,36,59,0],"gold":317,"neow_bonus":"BOSS_RELIC","is_prod":false,"is_daily":false,"chose_seed":false,"campfire_upgraded":0,"win_rate":0,"timestamp":1551640139,"path_taken":["M","?","?","?","M","E","?","R","T","M","M","R","?","?","R","BOSS","M","?","$","M","?","R","E"],"build_version":"2019-01-23","purchased_purges":0,"victory":false,"max_hp_per_floor":[75,75,75,75,75,82,82,82,82,82,82,82,82,79,79,79,79,79,79,79,79,79,79,79],"card_choices":[{"not_picked":["Cold Snap","Aggregate"],"picked":"Conserve Battery","floor":1},{"not_picked":["Stack","Glacier"],"picked":"Beam Cell","floor":5},{"not_picked":["Barrage","Reinforced Body"],"picked":"Undo","floor":6},{"not_picked":["Gash","Sweeping Beam"],"picked":"Conserve Battery","floor":7},{"not_picked":["Blizzard","Storm"],"picked":"Multi-Cast","floor":10},{"not_picked":["Genetic Algorithm","Turbo"],"picked":"Ball Lightning","floor":11},{"not_picked":["Amplify","Seek"],"picked":"Core Surge","floor":16},{"not_picked":["Gash","BootSequence"],"picked":"Loop","floor":18},{"not_picked":["Redo+1","Self Repair"],"picked":"Ball Lightning","floor":21},{"not_picked":["Go for the Eyes","Steam+1"],"picked":"Capacitor+1","floor":22}],"player_experience":944565,"relics_obtained":[{"floor":6,"key":"Strawberry"},{"floor":22,"key":"Red Mask"}],"event_choices":[{"damage_healed":0,"gold_gain":0,"player_choice":"Take Wound","damage_taken":0,"relics_obtained":["Golden Idol"],"max_hp_gain":0,"max_hp_loss":0,"event_name":"Golden Idol","floor":2,"gold_loss":0,"cards_obtained":["Injury"]},{"cards_removed":["Injury"],"damage_healed":0,"gold_gain":0,"player_choice":"Card Removal","damage_taken":7,"max_hp_gain":0,"max_hp_loss":0,"event_name":"Golden Wing","floor":3,"gold_loss":0},{"damage_healed":0,"gold_gain":75,"player_choice":"Gather Gold","damage_taken":11,"max_hp_gain":0,"max_hp_loss":0,"event_name":"World of Goop","floor":4,"gold_loss":0},{"damage_healed":20,"gold_gain":0,"player_choice":"Healed and dodged fight","damage_taken":0,"max_hp_gain":0,"max_hp_loss":0,"event_name":"Mushrooms","floor":13,"gold_loss":0,"cards_obtained":["Parasite"]},{"cards_removed":["Parasite"],"damage_healed":0,"gold_gain":0,"player_choice":"Card Removal","damage_taken":0,"max_hp_gain":0,"max_hp_loss":0,"event_name":"The Cleric","floor":14,"gold_loss":50},{"damage_healed":0,"gold_gain":99,"player_choice":"Stole From Cult","damage_taken":0,"max_hp_gain":0,"max_hp_loss":0,"event_name":"Nest","floor":19,"gold_loss":0},{"damage_healed":0,"gold_gain":0,"player_choice":"Fought Bandits","damage_taken":0,"max_hp_gain":0,"max_hp_loss":0,"event_name":"Masked Bandits","floor":22,"gold_loss":0}],"is_beta":false,"boss_relics":[{"not_picked":["Black Star","Calling Bell"],"picked":"Fusion Hammer"}],"items_purged_floors":[],"is_endless":false,"potions_floor_spawned":[10,21],"killed_by":"Gremlin Leader","ascension_level":0}