{"gold_per_floor":[119,18,18,18,34,34,64,78,101,101,133,147,37,49,49,124,124,138,188,32,32,49,81,81,95,95,1,1,17,35,35],"floor_reached":31,"playtime":5793,"items_purged":["Regret"],"score":487,"play_id":"9142418e-fb58-4902-89f7-1474d6c3d744","local_time":"20190502122406","is_ascension_mode":true,"campfire_choices":[{"floor":6,"key":"REST"},{"floor":10,"key":"REST"},{"floor":15,"key":"REST"},{"floor":24,"key":"REST"},{"floor":28,"key":"REST"}],"neow_cost":"NONE","seed_source_timestamp":99830719339065,"circlet_count":0,"master_deck":["AscendersBane","Defend_G","Defend_G","Defend_G","Defend_G","Defend_G+1","Strike_G","Strike_G+1","Survivor","Neutralize","Doubt","Injury","Dagger Spray","All Out Attack","PiercingWail","Regret","Dagger Spray","Malaise","Infinite Blades","Envenom","Leg Sweep","Endless Agony","Infinite Blades","Deadly Poison","Dagger Spray","A Thousand Cuts","Unload+1","Blade Dance+1","Well Laid Plans+1","Calculated Gamble","Catalyst","Infinite Blades","Catalyst+1","Storm of Steel","Infinite Blades+1","Tools of the Trade","Cloak And Dagger"],"relics":["Calling Bell","Blood Vial","Blue Candle","Incense Burner","Dream Catcher","Juzu Bracelet","Shovel","Astrolabe","Nloth\u0027s Gift","Tingsha","Singing Bowl"],"potions_floor_usage":[18,23,23,30,30,31],"damage_taken":[{"damage":5,"enemies":"2 Louse","floor":1,"turns":4},{"damage":13,"enemies":"Jaw Worm","floor":5,"turns":4},{"damage":27,"enemies":"3 Sentries","floor":7,"turns":8},{"damage":1,"enemies":"Cultist","floor":8,"turns":4},{"damage":21,"enemies":"Lagavulin","floor":11,"turns":9},{"damage":12,"enemies":"Red Slaver","floor":12,"turns":4},{"damage":1,"enemies":"Gremlin Gang","floor":14,"turns":5},{"damage":41,"enemies":"Slime Boss","floor":16,"turns":9},{"damage":10,"enemies":"3 Byrds","floor":18,"turns":6},{"damage":3,"enemies":"2 Thieves","floor":22,"turns":4},{"damage":31,"enemies":"Gremlin Leader","floor":23,"turns":5},{"damage":19,"enemies":"Snecko","floor":25,"turns":6},{"damage":14,"enemies":"Snake Plant","floor":29,"turns":5},{"damage":28,"enemies":"Centurion and Healer","floor":30,"turns":6},{"damage":12,"enemies":"Cultist and Chosen","floor":31,"turns":3}],"seed_played":"2952607098861570796","potions_obtained":[{"floor":8,"key":"SpeedPotion"},{"floor":14,"key":"EssenceOfSteel"},{"floor":18,"key":"Fire Potion"},{"floor":29,"key":"FearPotion"},{"floor":30,"key":"SkillPotion"}],"is_trial":false,"path_per_floor":["M","$","?","?","M","R","E","M","T","R","E","M","$","M","R","B",null,"M","?","$","?","M","E","R","M","T","$","R","M","M","M"],"character_chosen":"THE_SILENT","items_purchased":["All Out Attack","PiercingWail","Infinite Blades","Catalyst","Infinite Blades","Cloak And Dagger","Strength Potion"],"campfire_rested":5,"item_purchase_floors":[2,2,13,20,20,27,27],"current_hp_per_floor":[60,60,46,46,35,56,31,32,32,53,34,24,24,25,46,7,54,46,46,46,46,45,16,37,20,20,20,43,33,9,0],"gold":35,"neow_bonus":"BOSS_RELIC","is_prod":false,"is_daily":false,"chose_seed":false,"campfire_upgraded":0,"win_rate":0,"timestamp":1556825046,"path_taken":["M","$","?","?","?","R","E","M","T","R","E","M","$","M","R","BOSS","M","?","?","?","M","E","R","M","T","$","R","M","M","M"],"build_version":"2019-01-23","purchased_purges":1,"victory":false,"max_hp_per_floor":[70,70,70,70,70,70,70,70,70,70,70,70,70,70,70,70,70,70,70,70,70,70,70,70,70,70,70,72,74,76,76],"card_choices":[{"not_picked":["Concentrate","Acrobatics"],"picked":"Dagger Spray","floor":1},{"not_picked":["Leg Sweep","Concentrate"],"picked":"Dagger Spray","floor":5},{"not_picked":["Catalyst","Poisoned Stab"],"picked":"Malaise","floor":7},{"not_picked":["Quick Slash","Sucker Punch"],"picked":"Infinite Blades","floor":8},{"not_picked":["PiercingWail","Bane"],"picked":"Envenom","floor":10},{"not_picked":["Dagger Throw","Dodge and Roll"],"picked":"Leg Sweep","floor":11},{"not_picked":["Slice","Sucker Punch"],"picked":"Endless Agony","floor":12},{"not_picked":["Sucker Punch","Calculated Gamble"],"picked":"Deadly Poison","floor":14},{"not_picked":["Expertise","Wraith Form v2"],"picked":"Dagger Spray","floor":15},{"not_picked":["Grand Finale","Burst"],"picked":"A Thousand Cuts","floor":16},{"not_picked":["Blade Dance","Expertise"],"picked":"Calculated Gamble","floor":18},{"not_picked":["Blade Dance","Heel Hook"],"picked":"Catalyst+1","floor":22},{"not_picked":["Cloak And Dagger","Flying Knee"],"picked":"Storm of Steel","floor":23},{"not_picked":["Finisher","Quick Slash"],"picked":"Infinite Blades+1","floor":24},{"not_picked":["Skewer","Quick Slash"],"picked":"Tools of the Trade","floor":25},{"not_picked":["Flying Knee+1","Prepared","Poisoned Stab+1"],"picked":"Singing Bowl","floor":28},{"not_picked":["Sucker Punch","Prepared+1","Acrobatics"],"picked":"Singing Bowl","floor":29},{"not_picked":["Slice+1","Concentrate","Poisoned Stab"],"picked":"Singing Bowl","floor":30}],"player_experience":1547908,"relics_obtained":[{"floor":0,"key":"Blood Vial"},{"floor":0,"key":"Blue Candle"},{"floor":0,"key":"Incense Burner"},{"floor":7,"key":"Dream Catcher"},{"floor":9,"key":"Juzu Bracelet"},{"floor":11,"key":"Shovel"},{"floor":23,"key":"Tingsha"},{"floor":26,"key":"Singing Bowl"}],"event_choices":[{"damage_healed":0,"gold_gain":0,"player_choice":"Entered Light","damage_taken":14,"max_hp_gain":0,"max_hp_loss":0,"event_name":"Shining Light","floor":3,"gold_loss":0,"cards_upgraded":["Defend_G","Strike_G"]},{"damage_healed":0,"gold_gain":0,"player_choice":"Box","damage_taken":0,"relics_obtained":["Oddly Smooth Stone"],"max_hp_gain":0,"max_hp_loss":0,"event_name":"Big Fish","floor":4,"gold_loss":0,"cards_obtained":["Regret"]},{"damage_healed":0,"gold_gain":100,"player_choice":"Bet on Murderer","damage_taken":0,"max_hp_gain":0,"max_hp_loss":0,"event_name":"The Joust","floor":19,"gold_loss":50},{"damage_healed":0,"gold_gain":0,"player_choice":"Traded Relic","damage_taken":0,"relics_obtained":["Nloth\u0027s Gift"],"max_hp_gain":0,"max_hp_loss":0,"event_name":"N\u0027loth","floor":21,"relics_lost":["Oddly Smooth Stone"],"gold_loss":0}],"is_beta":false,"boss_relics":[{"not_picked":["Lizard Tail","Runic Pyramid"],"picked":"Astrolabe"}],"items_purged_floors":[13],"is_endless":false,"potions_floor_spawned":[8,14,18,22,29,30],"killed_by":"Cultist and Chosen","ascension_level":13}