{"gold_per_floor":[114,129,79,154,23,23,48,63,63,78,93,108,123,138,138,238,238,253,268,283,36,51,51,66,81,81,81,96,111,126,141,141,241,241,256,271,286,301,316,316,316,331,331,346,361,376,7,22,22,22],"floor_reached":51,"playtime":5686,"items_purged":["Fiend Fire"],"score":661,"play_id":"fd962721-6348-47be-a324-18d166157a6a","local_time":"20190103211705","daily_mods":["Shiny","Flight","Terminal"],"is_ascension_mode":false,"campfire_choices":[{"data":"Feed","floor":15,"key":"SMITH"},{"data":"Impervious","floor":23,"key":"SMITH"},{"floor":32,"key":"REST"},{"data":"Offering","floor":40,"key":"SMITH"},{"data":"Demon Form","floor":49,"key":"SMITH"}],"neow_cost":"","seed_source_timestamp":0,"circlet_count":0,"master_deck":["Double Tap","Demon Form+1","Bludgeon","Feed+1","Limit Break","Barricade","Dark Embrace","Impervious+1","Juggernaut","Brutality","Reaper","Exhume","Offering+1","Immolate","Exhume+1","Offering+1","Bandage Up","Parasite","Impervious+1","Feel No Pain","Warcry"],"special_seed":17900,"relics":["Burning Blood","Lantern","Blood Vial","Busted Crown","War Paint","Kunai","Sozu","Du-Vu Doll","DollysMirror"],"potions_floor_usage":[8,11,13,14,24,31,33,33,38],"damage_taken":[{"damage":5,"enemies":"Small Slimes","floor":1,"turns":5},{"damage":22,"enemies":"2 Louse","floor":2,"turns":5},{"damage":0,"enemies":"Cultist","floor":8,"turns":2},{"damage":11,"enemies":"Looter","floor":10,"turns":4},{"damage":11,"enemies":"Large Slime","floor":11,"turns":9},{"damage":27,"enemies":"2 Fungi Beasts","floor":12,"turns":6},{"damage":12,"enemies":"Exordium Thugs","floor":13,"turns":4},{"damage":23,"enemies":"Lots of Slimes","floor":14,"turns":3},{"damage":32,"enemies":"Slime Boss","floor":16,"turns":9},{"damage":12,"enemies":"Spheric Guardian","floor":18,"turns":4},{"damage":19,"enemies":"Shell Parasite","floor":19,"turns":2},{"damage":15,"enemies":"Snecko","floor":20,"turns":4},{"damage":12,"enemies":"Snake Plant","floor":22,"turns":2},{"damage":16,"enemies":"3 Cultists","floor":24,"turns":5},{"damage":14,"enemies":"Cultist and Chosen","floor":25,"turns":4},{"damage":27,"enemies":"Shelled Parasite and Fungi","floor":28,"turns":4},{"damage":43,"enemies":"Centurion and Healer","floor":29,"turns":4},{"damage":12,"enemies":"Chosen and Byrds","floor":30,"turns":4},{"damage":34,"enemies":"Snake Plant","floor":31,"turns":4},{"damage":32,"enemies":"Collector","floor":33,"turns":8},{"damage":17,"enemies":"Orb Walker","floor":35,"turns":4},{"damage":13,"enemies":"3 Darklings","floor":36,"turns":5},{"damage":26,"enemies":"Transient","floor":37,"turns":5},{"damage":18,"enemies":"Maw","floor":38,"turns":7},{"damage":33,"enemies":"3 Darklings","floor":39,"turns":4},{"damage":33,"enemies":"Transient","floor":42,"turns":5},{"damage":19,"enemies":"4 Shapes","floor":44,"turns":3},{"damage":12,"enemies":"Maw","floor":45,"turns":7},{"damage":47,"enemies":"Writhing Mass","floor":46,"turns":5},{"damage":16,"enemies":"Spire Growth","floor":48,"turns":5},{"damage":59,"enemies":"Donu and Deca","floor":50,"turns":9}],"seed_played":"8207971978240580140","potions_obtained":[{"floor":2,"key":"Swift Potion"},{"floor":8,"key":"FearPotion"},{"floor":10,"key":"SpeedPotion"},{"floor":12,"key":"SkillPotion"},{"floor":18,"key":"Block Potion"},{"floor":20,"key":"Strength Potion"},{"floor":30,"key":"EssenceOfSteel"},{"floor":31,"key":"PowerPotion"},{"floor":33,"key":"Poison Potion"}],"is_trial":false,"path_per_floor":["M","M","?","?","$","?","T","M","T","M","M","M","M","M","R","B",null,"M","M","M","$","M","R","M","M","T","?","M","M","M","M","R","B",null,"M","M","M","M","M","R","?","M","T","M","M","M","$","M","R","B",null],"character_chosen":"IRONCLAD","items_purchased":["Exhume","SkillPotion","War Paint","Bandage Up","DollysMirror","Feel No Pain","Warcry"],"campfire_rested":1,"item_purchase_floors":[5,5,21,21,47,47,47],"current_hp_per_floor":[84,74,74,63,63,68,68,77,77,89,92,95,105,99,99,115,120,118,111,112,112,112,112,132,138,138,138,135,120,134,121,165,164,167,168,169,157,167,148,148,148,143,143,160,168,147,147,167,167,164],"gold":22,"neow_bonus":"","is_prod":false,"is_daily":true,"chose_seed":false,"campfire_upgraded":4,"win_rate":0,"timestamp":1546579025,"path_taken":["M","M","?","?","$","?","?","M","T","M","M","M","M","M","R","BOSS","M","M","M","$","M","R","M","M","T","?","M","M","M","M","R","BOSS","M","M","M","M","M","R","?","M","T","M","M","M","$","M","R","BOSS"],"build_version":"2019-01-03v2","purchased_purges":1,"victory":true,"max_hp_per_floor":[84,89,88,87,86,90,89,91,90,92,97,102,107,115,114,121,120,123,126,129,128,131,130,137,144,143,142,149,156,163,166,165,168,167,170,169,168,167,170,169,168,167,166,173,176,175,174,177,176,175],"card_choices":[{"not_picked":["Thunderclap","Second Wind","Anger"],"picked":"SKIP","floor":1},{"not_picked":["Pummel","Ghostly Armor","Carnage"],"picked":"SKIP","floor":2},{"not_picked":["Sword Boomerang","Flex","Combust"],"picked":"SKIP","floor":8},{"not_picked":["Sever Soul","Entrench","Clash"],"picked":"SKIP","floor":10},{"not_picked":["Thunderclap","Perfected Strike","Twin Strike"],"picked":"SKIP","floor":11},{"not_picked":["Sword Boomerang","Rupture","Anger"],"picked":"SKIP","floor":12},{"not_picked":["Shrug It Off","Clash","True Grit"],"picked":"SKIP","floor":13},{"not_picked":["Clothesline","Rampage","Reckless Charge"],"picked":"SKIP","floor":14},{"not_picked":["Barricade","Brutality"],"picked":"Offering","floor":16},{"not_picked":["Inflame"],"picked":"SKIP","floor":18},{"not_picked":["Reckless Charge"],"picked":"SKIP","floor":19},{"not_picked":["Sword Boomerang"],"picked":"SKIP","floor":20},{"not_picked":["Intimidate"],"picked":"SKIP","floor":22},{"not_picked":["Intimidate+1"],"picked":"SKIP","floor":24},{"not_picked":["Cleave+1"],"picked":"SKIP","floor":25},{"not_picked":["Metallicize"],"picked":"SKIP","floor":28},{"not_picked":["Inflame"],"picked":"SKIP","floor":29},{"not_picked":["Rupture"],"picked":"SKIP","floor":30},{"not_picked":["Searing Blow"],"picked":"SKIP","floor":31},{"not_picked":["Sever Soul+1"],"picked":"SKIP","floor":35},{"not_picked":["Pommel Strike"],"picked":"SKIP","floor":36},{"not_picked":["Corruption"],"picked":"SKIP","floor":37},{"not_picked":["Clash+1"],"picked":"SKIP","floor":38},{"not_picked":["Warcry"],"picked":"SKIP","floor":39},{"not_picked":["Wild Strike"],"picked":"SKIP","floor":42},{"not_picked":["Wild Strike"],"picked":"SKIP","floor":44},{"not_picked":["Wild Strike"],"picked":"SKIP","floor":45},{"not_picked":["Twin Strike"],"picked":"SKIP","floor":46},{"not_picked":["Headbutt+1"],"picked":"SKIP","floor":48}],"player_experience":398023,"relics_obtained":[{"floor":7,"key":"Lantern"},{"floor":9,"key":"Blood Vial"},{"floor":26,"key":"Kunai"},{"floor":43,"key":"Du-Vu Doll"}],"event_choices":[{"cards_removed":["Berserk"],"damage_healed":0,"gold_gain":0,"player_choice":"Card Removal","damage_taken":0,"max_hp_gain":0,"max_hp_loss":0,"event_name":"The Cleric","floor":3,"gold_loss":50},{"damage_healed":0,"gold_gain":75,"player_choice":"Gather Gold","damage_taken":11,"max_hp_gain":0,"max_hp_loss":0,"event_name":"World of Goop","floor":4,"gold_loss":0},{"damage_healed":0,"gold_gain":0,"player_choice":"Donut","damage_taken":0,"max_hp_gain":5,"max_hp_loss":0,"event_name":"Big Fish","floor":6,"gold_loss":0},{"damage_healed":0,"gold_gain":0,"player_choice":"Ignored","damage_taken":0,"max_hp_gain":0,"max_hp_loss":0,"event_name":"SecretPortal","floor":41,"gold_loss":0}],"is_beta":false,"boss_relics":[{"not_picked":["Eternal Feather","Empty Cage"],"picked":"Busted Crown"},{"not_picked":["White Beast Statue","Tiny House"],"picked":"Sozu"}],"items_purged_floors":[47],"is_endless":false,"potions_floor_spawned":[2,8,10,12,18,20,30,31,33,35,38,39,42],"ascension_level":0}