{"gold_per_floor":[118,132,148,148,160,160,190,190,213,223,251,251,283,283,283,377,377,390,413,7,27,27,27,27,62,62,62,75,75,75,119,119,119],"floor_reached":33,"playtime":1805,"items_purged":["Strike_B"],"score":756,"play_id":"1a5d36f0-e60e-4632-a4aa-3661e0217e04","local_time":"20190506052421","is_ascension_mode":true,"campfire_choices":[{"data":"Zap","floor":6.0,"key":"SMITH"},{"floor":8.0,"key":"REST"},{"data":"Conserve Battery","floor":12.0,"key":"SMITH"},{"floor":15.0,"key":"REST"},{"data":"Hologram","floor":23,"key":"SMITH"},{"data":"Coolheaded","floor":32,"key":"SMITH"}],"neow_cost":"TEN_PERCENT_HP_LOSS","seed_source_timestamp":775073823842356,"circlet_count":0,"master_deck":["AscendersBane","Strike_B+1","Strike_B","Strike_B","Defend_B","Defend_B+1","Defend_B","Defend_B","Zap+1","Dualcast","Ball Lightning","Cold Snap","Conserve Battery+1","Ball Lightning","Ball Lightning","Hologram+1","Leap","Meteor Strike","Turbo+1","Undo","Ghostly","Ghostly","Ghostly","Coolheaded+1","Stack","Sunder"],"special_seed":0,"relics":["Cracked Core","Ice Cream","Potion Belt","Dream Catcher","Pen Nib","Incense Burner","Golden Idol","Philosopher\u0027s Stone","Membership Card","Meat on the Bone","Lantern","Torii","Mercury Hourglass","Bottled Flame"],"potions_floor_usage":[25],"damage_taken":[{"damage":2.0,"enemies":"Small Slimes","floor":1.0,"turns":4.0},{"damage":1.0,"enemies":"2 Louse","floor":2.0,"turns":2.0},{"damage":7.0,"enemies":"Jaw Worm","floor":3.0,"turns":2.0},{"damage":0.0,"enemies":"2 Fungi Beasts","floor":5.0,"turns":2.0},{"damage":6.0,"enemies":"Lagavulin","floor":7.0,"turns":6.0},{"damage":6.0,"enemies":"Lots of Slimes","floor":10.0,"turns":4.0},{"damage":3.0,"enemies":"3 Sentries","floor":11.0,"turns":6.0},{"damage":15.0,"enemies":"Lagavulin","floor":13.0,"turns":5.0},{"damage":0.0,"enemies":"The Guardian","floor":16.0,"turns":11.0},{"damage":19.0,"enemies":"2 Thieves","floor":18.0,"turns":4.0},{"damage":3.0,"enemies":"Spheric Guardian","floor":19.0,"turns":4.0},{"damage":3.0,"enemies":"Snecko","floor":21.0,"turns":4.0},{"damage":19,"enemies":"Book of Stabbing","floor":25,"turns":8},{"damage":0,"enemies":"Centurion and Healer","floor":28,"turns":7},{"damage":0,"enemies":"Gremlin Leader","floor":31,"turns":7},{"damage":29,"enemies":"Collector","floor":33,"turns":6}],"seed_played":"6766123580499899137","potions_obtained":[{"floor":5.0,"key":"Fire Potion"},{"floor":10.0,"key":"SkillPotion"},{"floor":13.0,"key":"Fire Potion"},{"floor":16.0,"key":"EssenceOfSteel"},{"floor":18.0,"key":"Block Potion"}],"is_trial":false,"path_per_floor":["M","M","M","?","M","R","E","R","T","M","E","R","E","?","R","B",null,"M","M","$","M","?","R","$","E","T","?","M","?","?","E","R","B"],"character_chosen":"DEFECT","items_purchased":["Membership Card","Meat on the Bone"],"campfire_rested":2,"item_purchase_floors":[20,20],"current_hp_per_floor":[62,61,54,35,35,35,29,48,48,42,39,39,24,2,21,21,53,34,31,31,40,32,32,32,25,25,25,25,25,25,25,25,0],"gold":119,"neow_bonus":"ONE_RARE_RELIC","is_prod":false,"is_daily":false,"chose_seed":false,"campfire_upgraded":4,"win_rate":0,"timestamp":1557134661,"path_taken":["M","M","M","?","M","R","E","R","T","M","E","R","E","?","R","BOSS","M","M","$","M","?","R","$","E","T","?","M","?","?","E","R","BOSS"],"build_version":"2019-01-23","purchased_purges":1,"victory":false,"max_hp_per_floor":[64,64,64,64,64,64,64,64,64,64,64,64,64,64,64,64,64,64,64,64,64,32,32,32,32,32,32,32,32,32,32,32,32],"card_choices":[{"not_picked":["Gash","Turbo"],"picked":"Ball Lightning","floor":1.0},{"not_picked":["Redo","Barrage"],"picked":"Cold Snap","floor":2.0},{"not_picked":["Buffer","Gash"],"picked":"Conserve Battery","floor":3.0},{"not_picked":["Barrage","Lockon"],"picked":"Ball Lightning","floor":5.0},{"not_picked":["Rip and Tear","Barrage"],"picked":"Ball Lightning","floor":7.0},{"not_picked":["Lockon","Consume","Fusion"],"picked":"SKIP","floor":10.0},{"not_picked":["Gash","Cold Snap"],"picked":"Hologram","floor":11.0},{"not_picked":["Hologram","Steam"],"picked":"Leap","floor":13.0},{"not_picked":["Reboot","Buffer"],"picked":"Meteor Strike","floor":16.0},{"not_picked":["Go for the Eyes","Coolheaded"],"picked":"Turbo+1","floor":18.0},{"not_picked":["Stack","Rebound","Redo+1"],"picked":"SKIP","floor":19.0},{"not_picked":["Go for the Eyes","Redo"],"picked":"Undo","floor":21.0},{"not_picked":["Scrape","Consume"],"picked":"Coolheaded","floor":25},{"not_picked":["Conserve Battery","Compile Driver"],"picked":"Stack","floor":28},{"not_picked":["Hyperbeam","Self Repair"],"picked":"Sunder","floor":31}],"player_experience":898279,"relics_obtained":[{"floor":7.0,"key":"Potion Belt"},{"floor":9.0,"key":"Dream Catcher"},{"floor":11.0,"key":"Pen Nib"},{"floor":13.0,"key":"Incense Burner"},{"floor":25,"key":"Lantern"},{"floor":26,"key":"Torii"},{"floor":31,"key":"Bottled Flame"}],"event_choices":[{"damage_healed":0.0,"max_hp_gain":0.0,"max_hp_loss":0.0,"gold_gain":0.0,"event_name":"Shining Light","player_choice":"Entered Light","floor":4.0,"gold_loss":0.0,"damage_taken":19.0,"cards_upgraded":["Strike_B","Defend_B"]},{"damage_healed":0.0,"max_hp_gain":0.0,"max_hp_loss":0.0,"gold_gain":0.0,"event_name":"Golden Idol","player_choice":"Take Damage","floor":14.0,"gold_loss":0.0,"damage_taken":22.0,"relics_obtained":["Golden Idol"]},{"damage_healed":0,"gold_gain":0,"player_choice":"Became a Ghost","damage_taken":0,"max_hp_gain":0,"max_hp_loss":32,"event_name":"Ghosts","floor":22,"gold_loss":0,"cards_obtained":["Ghostly","Ghostly","Ghostly"]},{"damage_healed":0,"gold_gain":0,"player_choice":"Opened","damage_taken":0,"relics_obtained":["Mercury Hourglass"],"max_hp_gain":0,"max_hp_loss":0,"event_name":"The Mausoleum","floor":27,"gold_loss":0,"cards_obtained":["Writhe"]},{"damage_healed":0,"gold_gain":0,"player_choice":"Ignored","damage_taken":0,"max_hp_gain":0,"max_hp_loss":0,"event_name":"Vampires","floor":29,"gold_loss":0},{"cards_removed":["Writhe"],"damage_healed":0,"gold_gain":0,"player_choice":"Removed Curses","damage_taken":0,"max_hp_gain":0,"max_hp_loss":0,"event_name":"Fountain of Cleansing","floor":30,"gold_loss":0}],"is_beta":false,"boss_relics":[{"not_picked":["Pandora\u0027s Box","Lizard Tail"],"picked":"Philosopher\u0027s Stone"}],"items_purged_floors":[20],"is_endless":false,"potions_floor_spawned":[5,10,13,16,18],"killed_by":"Collector","ascension_level":20}