{"gold_per_floor":[211,211,231,71,82,93,93,93,93,121,121,138,63,76,76,148,148,164,164,64,77,527,527,527],"floor_reached":24,"playtime":621,"items_purged":["Pain","Strike_R"],"score":392,"play_id":"761b7a47-06fa-49d8-91cc-5e0d8ec7a018","local_time":"20190514120125","is_ascension_mode":true,"campfire_choices":[{"data":"Whirlwind","floor":7,"key":"SMITH"},{"data":"Burning Pact","floor":11,"key":"SMITH"},{"data":"Inflame","floor":15,"key":"SMITH"},{"data":"Limit Break","floor":23,"key":"SMITH"}],"neow_cost":"NONE","seed_source_timestamp":333914860133803,"circlet_count":0,"master_deck":["AscendersBane","Strike_R","Strike_R","Defend_R","Defend_R","Defend_R","Defend_R","Bash","Pommel Strike","Whirlwind+1","Feel No Pain","Spot Weakness","Burning Pact+1","Inflame+1","Shockwave","Limit Break+1","Second Wind"],"special_seed":0,"relics":["Burning Blood","WarpedTongs","Pantograph","Bottled Lightning","Lizard Tail"],"potions_floor_usage":[24],"damage_taken":[{"damage":12.0,"enemies":"2 Louse","floor":1.0,"turns":3.0},{"damage":7,"enemies":"Cultist","floor":3,"turns":4},{"damage":4,"enemies":"Small Slimes","floor":5,"turns":4},{"damage":23,"enemies":"Red Slaver","floor":6,"turns":3},{"damage":26,"enemies":"3 Sentries","floor":10,"turns":5},{"damage":13,"enemies":"Large Slime","floor":12,"turns":3},{"damage":12,"enemies":"Exordium Wildlife","floor":14,"turns":2},{"damage":36,"enemies":"The Guardian","floor":16,"turns":14},{"damage":27,"enemies":"Spheric Guardian","floor":18,"turns":5},{"damage":1,"enemies":"Chosen","floor":21,"turns":7},{"damage":44,"enemies":"Gremlin Leader","floor":24,"turns":4}],"seed_played":"-4328007631000916182","potions_obtained":[{"floor":5,"key":"Poison Potion"},{"floor":6,"key":"Ancient Potion"},{"floor":16,"key":"SkillPotion"}],"is_trial":false,"path_per_floor":["M","?","M","$","M","M","R","?","T","E","R","M","$","M","R","B",null,"M","?","$","M","?","R","E"],"character_chosen":"IRONCLAD","items_purchased":["Feel No Pain","Spot Weakness"],"campfire_rested":0,"item_purchase_floors":[4,4],"current_hp_per_floor":[62,62,61,61,63,46,46,46,46,26,26,19,19,13,13,8,58,37,37,37,42,37,37,0],"gold":527,"neow_bonus":"HUNDRED_GOLD","is_prod":false,"is_daily":false,"chose_seed":false,"campfire_upgraded":4,"win_rate":0,"timestamp":1557806485,"path_taken":["M","?","?","$","M","?","R","?","T","E","R","M","$","M","R","BOSS","M","?","$","M","?","R","E"],"build_version":"2019-01-23","purchased_purges":2,"victory":false,"max_hp_per_floor":[75,75,75,75,75,75,75,75,75,75,75,75,75,75,75,75,75,75,75,75,75,75,75,75],"card_choices":[{"not_picked":["Havoc","Warcry"],"picked":"Pommel Strike","floor":1.0},{"not_picked":["Whirlwind","Flame Barrier","Wild Strike"],"picked":"SKIP","floor":3},{"not_picked":["Clash","Body Slam","Heavy Blade"],"picked":"SKIP","floor":5},{"not_picked":["Shockwave","Twin Strike"],"picked":"Burning Pact","floor":6},{"not_picked":["Flex","Feel No Pain"],"picked":"Inflame","floor":12},{"not_picked":["Twin Strike","Perfected Strike"],"picked":"Shockwave","floor":14},{"not_picked":["Reaper","Feed"],"picked":"Limit Break","floor":16},{"not_picked":["Evolve","Armaments"],"picked":"Second Wind","floor":18},{"not_picked":["Corruption","Perfected Strike","Metallicize"],"picked":"SKIP","floor":21}],"player_experience":1674253,"relics_obtained":[{"floor":9,"key":"Pantograph"},{"floor":10,"key":"Bottled Lightning"}],"event_choices":[{"damage_healed":0,"gold_gain":0,"cards_transformed":["Strike_R"],"player_choice":"Transformed","damage_taken":0,"max_hp_gain":0,"max_hp_loss":0,"event_name":"Transmorgrifier","floor":2,"gold_loss":0,"cards_obtained":["Whirlwind"]},{"damage_healed":0,"gold_gain":0,"player_choice":"Rummage","damage_taken":0,"relics_obtained":["WarpedTongs"],"max_hp_gain":0,"max_hp_loss":0,"event_name":"Accursed Blacksmith","floor":8,"gold_loss":0,"cards_obtained":["Pain"]},{"cards_removed":["Strike_R"],"damage_healed":0,"gold_gain":0,"player_choice":"Elegance","damage_taken":0,"max_hp_gain":0,"max_hp_loss":0,"event_name":"Back to Basics","floor":19,"gold_loss":0},{"damage_healed":0,"gold_gain":450,"player_choice":"GOLD GOLD GOLD GOLD GOLD ","damage_taken":42,"max_hp_gain":0,"max_hp_loss":0,"event_name":"Knowing Skull","floor":22,"potions_obtained":[],"gold_loss":0,"cards_obtained":[]}],"is_beta":false,"boss_relics":[{"not_picked":["Ectoplasm","Snecko Eye"],"picked":"Lizard Tail"}],"items_purged_floors":[13,20],"is_endless":false,"potions_floor_spawned":[5,6,16],"killed_by":"Gremlin Leader","ascension_level":20}