{"gold_per_floor":[366,366,41,101,29,55,73,298,352,402,120,120,145,164,164,237,237,254,229,378,428],"floor_reached":21,"playtime":739,"items_purged":[],"score":330,"play_id":"7b19c58f-b2f8-4390-8d71-b507b67ea29b","local_time":"20190325213726","is_ascension_mode":true,"campfire_choices":[{"floor":12,"key":"REST"},{"data":"Evolve","floor":15,"key":"SMITH"}],"neow_cost":"TEN_PERCENT_HP_LOSS","seed_source_timestamp":462598036291300,"circlet_count":0,"master_deck":["AscendersBane","Strike_R","Strike_R","Strike_R","Strike_R","Defend_R","Defend_R","Defend_R","Defend_R","Bash","Rupture","Combust","Flame Barrier","Evolve+1","Anger","Dual Wield","Spot Weakness","Feed","Rupture+1"],"relics":["Burning Blood","SsserpentHead","Meat on the Bone","Blood Vial","Pen Nib","Singing Bowl","Anchor","Black Star"],"potions_floor_usage":[16,16,21],"damage_taken":[{"damage":15,"enemies":"2 Louse","floor":1,"turns":3},{"damage":4,"enemies":"Cultist","floor":4,"turns":4},{"damage":35,"enemies":"Gremlin Nob","floor":6,"turns":5},{"damage":3,"enemies":"Jaw Worm","floor":7,"turns":4},{"damage":34,"enemies":"3 Sentries","floor":13,"turns":6},{"damage":2,"enemies":"3 Louse","floor":14,"turns":2},{"damage":50,"enemies":"Slime Boss","floor":16,"turns":8},{"damage":39,"enemies":"Shell Parasite","floor":18,"turns":7},{"damage":49,"enemies":"Masked Bandits","floor":21,"turns":3}],"seed_played":"3968365055598787505","potions_obtained":[{"floor":6,"key":"Weak Potion"},{"floor":13,"key":"AttackPotion"},{"floor":16,"key":"Ancient Potion"},{"floor":18,"key":"Strength Potion"}],"is_trial":false,"path_per_floor":["M","?","$","M","$","E","M","?","T","?","$","R","E","M","R","B",null,"M","?","?","?"],"character_chosen":"IRONCLAD","items_purchased":["Combust","Meat on the Bone","Evolve","Singing Bowl","Spot Weakness"],"campfire_rested":1,"item_purchase_floors":[3,3,5,11,11],"current_hp_per_floor":[63,63,63,65,65,48,53,53,53,53,53,72,46,54,54,24,63,44,44,44,0],"gold":428,"neow_bonus":"TWO_FIFTY_GOLD","is_prod":false,"is_daily":false,"chose_seed":false,"campfire_upgraded":1,"win_rate":0,"timestamp":1553546246,"path_taken":["M","?","$","?","$","E","M","?","T","?","?","R","E","M","R","BOSS","M","?","?","?"],"build_version":"2019-01-23","purchased_purges":0,"victory":false,"max_hp_per_floor":[72,72,72,72,72,72,72,72,72,72,72,72,74,76,76,76,76,76,76,76,76],"card_choices":[{"not_picked":["Sword Boomerang","Wild Strike"],"picked":"Rupture","floor":1},{"not_picked":["Body Slam","Battle Trance"],"picked":"Flame Barrier","floor":4},{"not_picked":["Dropkick","Uppercut"],"picked":"Anger","floor":6},{"not_picked":["Pommel Strike","Clash"],"picked":"Dual Wield","floor":7},{"not_picked":["Rupture","Battle Trance","Flame Barrier"],"picked":"Singing Bowl","floor":13},{"not_picked":["Body Slam","Hemokinesis","Twin Strike"],"picked":"Singing Bowl","floor":14},{"not_picked":["Dark Embrace","Berserk"],"picked":"Feed","floor":16},{"not_picked":["Clash+1","Shrug It Off"],"picked":"Rupture+1","floor":18}],"player_experience":1572678,"relics_obtained":[{"floor":6,"key":"Blood Vial"},{"floor":9,"key":"Pen Nib"},{"floor":13,"key":"Anchor"}],"event_choices":[{"damage_healed":0,"gold_gain":0,"player_choice":"Trade","damage_taken":0,"relics_obtained":["SsserpentHead"],"max_hp_gain":0,"max_hp_loss":0,"event_name":"FaceTrader","floor":2,"gold_loss":0},{"damage_healed":0,"gold_gain":175,"player_choice":"AGREE","damage_taken":0,"max_hp_gain":0,"max_hp_loss":0,"event_name":"Liars Game","floor":8,"gold_loss":0,"cards_obtained":["Doubt"]},{"cards_removed":["Doubt"],"damage_healed":0,"gold_gain":0,"player_choice":"Forget","damage_taken":0,"max_hp_gain":0,"max_hp_loss":0,"event_name":"Living Wall","floor":10,"gold_loss":0},{"cards_removed":["Strike_R"],"damage_healed":0,"gold_gain":0,"player_choice":"Gave Gold","damage_taken":0,"max_hp_gain":0,"max_hp_loss":0,"event_name":"Beggar","floor":19,"gold_loss":75},{"damage_healed":0,"gold_gain":99,"player_choice":"Stole From Cult","damage_taken":0,"max_hp_gain":0,"max_hp_loss":0,"event_name":"Nest","floor":20,"gold_loss":0},{"damage_healed":0,"gold_gain":0,"player_choice":"Fought Bandits","damage_taken":0,"max_hp_gain":0,"max_hp_loss":0,"event_name":"Masked Bandits","floor":21,"gold_loss":0}],"is_beta":false,"boss_relics":[{"not_picked":["Pandora\u0027s Box","Philosopher\u0027s Stone"],"picked":"Black Star"}],"items_purged_floors":[],"is_endless":false,"potions_floor_spawned":[6,13,14,16,18],"killed_by":"Masked Bandits","ascension_level":13}