{"gold_per_floor":[14,31,31,44,56,56,82,32,32,32,64,81,156,172,172,172],"floor_reached":16,"playtime":924,"items_purged":[],"score":134,"play_id":"12c36460-e152-40f0-b22b-b10f3e449c71","local_time":"20190417183637","is_ascension_mode":true,"campfire_choices":[{"data":"True Grit","floor":6,"key":"SMITH"},{"data":"Shrug It Off","floor":15,"key":"SMITH"}],"neow_cost":"NO_GOLD","seed_source_timestamp":553984029571100,"circlet_count":0,"master_deck":["Strike_R","Strike_R","Strike_R","Strike_R","Defend_R","Defend_R","Defend_R","Defend_R","Bash","Shrug It Off+1","True Grit+1","Spot Weakness","Flame Barrier","Battle Trance","Wild Strike","Disarm","Iron Wave"],"relics":["Burning Blood","Champion Belt","Omamori","Letter Opener","Du-Vu Doll"],"potions_floor_usage":[16],"damage_taken":[{"damage":1,"enemies":"Cultist","floor":1,"turns":4},{"damage":4,"enemies":"2 Louse","floor":2,"turns":4},{"damage":0,"enemies":"Jaw Worm","floor":4,"turns":6},{"damage":6,"enemies":"Looter","floor":5,"turns":4},{"damage":23,"enemies":"3 Sentries","floor":7,"turns":10},{"damage":34,"enemies":"Lagavulin","floor":11,"turns":9},{"damage":0,"enemies":"3 Louse","floor":12,"turns":3},{"damage":0,"enemies":"2 Fungi Beasts","floor":14,"turns":3},{"damage":37,"enemies":"Hexaghost","floor":16,"turns":14}],"seed_played":"2787839699094544197","potions_obtained":[{"floor":1,"key":"Weak Potion"},{"floor":2,"key":"Dexterity Potion"},{"floor":3,"key":"Ancient Potion"},{"floor":3,"key":"Swift Potion"},{"floor":5,"key":"Regen Potion"}],"is_trial":false,"path_per_floor":["M","M","?","M","M","R","E","?","T","$","E","M","?","M","R","B"],"character_chosen":"IRONCLAD","items_purchased":[],"campfire_rested":0,"item_purchase_floors":[],"current_hp_per_floor":[80,80,80,80,80,80,63,63,63,63,35,41,30,36,36,0],"gold":172,"neow_bonus":"ONE_RARE_RELIC","is_prod":false,"is_daily":false,"chose_seed":false,"campfire_upgraded":2,"win_rate":0,"timestamp":1555551397,"path_taken":["M","M","?","M","?","R","E","?","T","?","E","M","?","M","R","BOSS"],"build_version":"2019-01-23","purchased_purges":0,"victory":false,"max_hp_per_floor":[80,80,80,80,80,80,80,80,80,80,80,80,80,80,80,80],"card_choices":[{"not_picked":["Entrench","Reckless Charge"],"picked":"Shrug It Off","floor":1},{"not_picked":["Bloodletting","Pommel Strike"],"picked":"True Grit","floor":2},{"not_picked":["Clash","Entrench"],"picked":"Spot Weakness","floor":4},{"not_picked":["Blood for Blood","Dual Wield"],"picked":"Flame Barrier","floor":5},{"not_picked":["Feel No Pain","Dual Wield"],"picked":"Battle Trance","floor":7},{"not_picked":["Shrug It Off","Searing Blow"],"picked":"Wild Strike","floor":11},{"not_picked":["Entrench","True Grit"],"picked":"Disarm","floor":12},{"not_picked":["Battle Trance","Hemokinesis"],"picked":"Iron Wave","floor":14}],"player_experience":315997,"relics_obtained":[{"floor":7,"key":"Omamori"},{"floor":9,"key":"Letter Opener"},{"floor":11,"key":"Du-Vu Doll"}],"event_choices":[{"damage_healed":0,"gold_gain":0,"player_choice":"Got Potions","damage_taken":0,"max_hp_gain":0,"max_hp_loss":0,"event_name":"Lab","floor":3,"gold_loss":0},{"cards_removed":["Strike_R"],"damage_healed":0,"gold_gain":0,"player_choice":"Card Removal","damage_taken":0,"max_hp_gain":0,"max_hp_loss":0,"event_name":"The Cleric","floor":8,"gold_loss":50},{"damage_healed":0,"gold_gain":75,"player_choice":"Gather Gold","damage_taken":11,"max_hp_gain":0,"max_hp_loss":0,"event_name":"World of Goop","floor":13,"gold_loss":0}],"is_beta":false,"boss_relics":[],"items_purged_floors":[],"is_endless":false,"potions_floor_spawned":[1,2,5,12],"killed_by":"Hexaghost","ascension_level":4}