{"gold_per_floor":[12,12,12,32,32,65,65,90,116,130,130,43,43,58,58,161,161,173,98,8,8,8,8,42,42,66,97,97],"floor_reached":28,"playtime":1339,"items_purged":["Strike_B"],"score":390,"play_id":"b5bc1cd2-f64a-4992-8808-0b12d280066f","local_time":"20190310201011","is_ascension_mode":true,"campfire_choices":[{"floor":7,"key":"REST"},{"floor":13,"key":"REST"},{"data":"Rainbow","floor":15,"key":"SMITH"},{"data":"Zap","floor":23,"key":"SMITH"},{"floor":25,"key":"REST"}],"neow_cost":"NO_GOLD","seed_source_timestamp":88983617436300,"circlet_count":0,"master_deck":["AscendersBane","Strike_B","Defend_B","Defend_B","Defend_B","Defend_B","Zap","Dualcast","Self Repair","Skim","Rainbow+1","Zap+1","Panacea","Melter","Core Surge","Capacitor","Capacitor+1","Static Discharge"],"relics":["FrozenCore","Smiling Mask","Bag of Marbles","DataDisk","PreservedInsect","MutagenicStrength","Mummified Hand","Juzu Bracelet","Nunchaku"],"potions_floor_usage":[8,16,27,27,27],"damage_taken":[{"damage":3,"enemies":"Small Slimes","floor":1,"turns":4},{"damage":2,"enemies":"Jaw Worm","floor":4,"turns":4},{"damage":44,"enemies":"Lagavulin","floor":6,"turns":9},{"damage":40,"enemies":"Gremlin Nob","floor":8,"turns":4},{"damage":0,"enemies":"Cultist","floor":10,"turns":3},{"damage":13,"enemies":"3 Louse","floor":14,"turns":4},{"damage":24,"enemies":"The Guardian","floor":16,"turns":10},{"damage":16,"enemies":"3 Byrds","floor":18,"turns":5},{"damage":68,"enemies":"Book of Stabbing","floor":24,"turns":6},{"damage":50,"enemies":"Gremlin Leader","floor":27,"turns":7},{"damage":11,"enemies":"Colosseum Slavers","floor":28,"turns":2}],"seed_played":"6996016329200091343","potions_obtained":[{"floor":6,"key":"SkillPotion"},{"floor":8,"key":"FearPotion"},{"floor":14,"key":"SkillPotion"},{"floor":16,"key":"SteroidPotion"},{"floor":24,"key":"Weak Potion"}],"is_trial":false,"path_per_floor":["M","?","?","M","$","E","R","E","T","M","?","$","R","M","R","B",null,"M","?","$","?","?","R","E","R","T","E","?"],"character_chosen":"DEFECT","items_purchased":["Panacea","Capacitor"],"campfire_rested":3,"item_purchase_floors":[12,20],"current_hp_per_floor":[79,79,79,77,77,40,66,33,33,33,33,33,59,53,53,36,76,60,60,60,60,89,89,28,54,54,11,0],"gold":97,"neow_bonus":"TWENTY_PERCENT_HP_BONUS","is_prod":false,"is_daily":false,"chose_seed":false,"campfire_upgraded":2,"win_rate":0,"timestamp":1552245011,"path_taken":["M","?","?","M","$","E","R","E","T","?","?","$","R","M","R","BOSS","M","?","$","?","?","R","E","R","T","E","?"],"build_version":"2019-01-23","purchased_purges":1,"victory":false,"max_hp_per_floor":[89,89,89,89,89,89,89,89,89,89,89,89,89,89,89,89,89,89,89,89,89,89,89,89,89,89,89,89],"card_choices":[{"not_picked":["Stack","Sweeping Beam"],"picked":"Double Energy","floor":1},{"not_picked":["Conserve Battery","Heatsinks"],"picked":"Self Repair","floor":4},{"not_picked":["Lockon","Glacier"],"picked":"Skim","floor":6},{"not_picked":["Skim","All For One"],"picked":"Rainbow","floor":8},{"not_picked":["Recycle","Genetic Algorithm","Go for the Eyes"],"picked":"SKIP","floor":10},{"not_picked":["Blizzard","Coolheaded"],"picked":"Melter","floor":14},{"not_picked":["Amplify","Rainbow"],"picked":"Core Surge","floor":16},{"not_picked":["Go for the Eyes","Ball Lightning","Coolheaded"],"picked":"SKIP","floor":18},{"not_picked":["Gash","Rebound+1"],"picked":"Capacitor+1","floor":24},{"not_picked":["Go for the Eyes","Tempest"],"picked":"Static Discharge","floor":27}],"player_experience":1488108,"relics_obtained":[{"floor":6,"key":"Bag of Marbles"},{"floor":8,"key":"DataDisk"},{"floor":9,"key":"PreservedInsect"},{"floor":24,"key":"Mummified Hand"},{"floor":26,"key":"Juzu Bracelet"},{"floor":27,"key":"Nunchaku"}],"event_choices":[{"cards_removed":["Strike_B"],"damage_healed":0,"gold_gain":0,"player_choice":"Forget","damage_taken":0,"max_hp_gain":0,"max_hp_loss":0,"event_name":"Living Wall","floor":2,"gold_loss":0},{"cards_removed":["Double Energy"],"damage_healed":0,"gold_gain":0,"player_choice":"Gave Card","damage_taken":0,"relics_obtained":["Smiling Mask"],"max_hp_gain":0,"max_hp_loss":0,"event_name":"WeMeetAgain","floor":3,"gold_loss":0},{"damage_healed":0,"gold_gain":0,"player_choice":"1 cards matched","damage_taken":0,"max_hp_gain":0,"max_hp_loss":0,"event_name":"Match and Keep!","floor":11,"gold_loss":0,"cards_obtained":["Zap"]},{"cards_removed":["Strike_B"],"damage_healed":0,"gold_gain":0,"player_choice":"Gave Gold","damage_taken":0,"max_hp_gain":0,"max_hp_loss":0,"event_name":"Beggar","floor":19,"gold_loss":75},{"damage_healed":0,"gold_gain":0,"player_choice":"Inject Mutagens","damage_taken":0,"relics_obtained":["MutagenicStrength"],"max_hp_gain":0,"max_hp_loss":0,"event_name":"Drug Dealer","floor":21,"gold_loss":0},{"damage_healed":29,"gold_gain":0,"player_choice":"Full Heal","damage_taken":0,"max_hp_gain":0,"max_hp_loss":0,"event_name":"Wheel of Change","floor":22,"gold_loss":0},{"damage_healed":0,"gold_gain":0,"player_choice":"Fight","damage_taken":0,"max_hp_gain":0,"max_hp_loss":0,"event_name":"Colosseum","floor":28,"gold_loss":0}],"is_beta":false,"boss_relics":[{"not_picked":["Inserter","Empty Cage"],"picked":"FrozenCore"}],"items_purged_floors":[20],"is_endless":false,"potions_floor_spawned":[6,8,14,16,24],"killed_by":"Colosseum Slavers","ascension_level":10}