{"gold_per_floor":[118,134,134,33,48,84,84,84,84,99,133,148,183,207,207,327,327,347,446,446,437,437,437,471,70,147,167,187,332,356,356,356,502,502,541,541,555,555,188,227,560,570,570,583,936,936,954,968,968,968],"floor_reached":51,"playtime":8574,"items_purged":["Defend_R"],"score":799,"play_id":"c829a0d8-20d6-4cf4-84e1-f9650a82aa4d","local_time":"20190427202733","is_ascension_mode":false,"campfire_choices":[{"floor":8.0,"key":"REST"},{"floor":15.0,"key":"REST"},{"floor":23.0,"key":"REST"},{"floor":32.0,"key":"REST"},{"floor":46.0,"key":"REST"},{"floor":49,"key":"REST"}],"neow_cost":"","seed_source_timestamp":0,"circlet_count":0,"master_deck":["Strike_R","Strike_R","Defend_R","Defend_R","Bash","Cleave","Ghostly Armor","Inflame","Clothesline","Rupture","True Grit","Iron Wave","Rampage","Warcry","Brutality","True Grit","Feel No Pain","Juggernaut","Demon Form+1","Sever Soul+1","Seeing Red+1","Second Wind+1","Necronomicurse","True Grit","Inflame","Blood for Blood","HandOfGreed","True Grit+1","Uppercut","Pommel Strike+1","Iron Wave+1","Twin Strike+1","Twin Strike+1","Feed+1","Sword Boomerang+1","Secret Weapon","Clothesline+1","Discovery","Pommel Strike+1","Twin Strike+1","Pommel Strike+1","Flame Barrier","Cleave+1","Sword Boomerang+1","Iron Wave+1"],"special_seed":0,"relics":["Burning Blood","Gremlin Horn","Pear","Dream Catcher","Matryoshka","Astrolabe","Necronomicon","Juzu Bracelet","Gambling Chip","Oddly Smooth Stone","Lee\u0027s Waffle","Regal Pillow","Self Forming Clay","Molten Egg 2","Champion Belt","Philosopher\u0027s Stone","Brimstone","Potion Belt","Letter Opener","Old Coin"],"potions_floor_usage":[50,50],"damage_taken":[{"damage":1.0,"enemies":"Cultist","floor":1.0,"turns":3.0},{"damage":6.0,"enemies":"Jaw Worm","floor":2.0,"turns":3.0},{"damage":0.0,"enemies":"2 Louse","floor":5.0,"turns":2.0},{"damage":20.0,"enemies":"3 Sentries","floor":6.0,"turns":6.0},{"damage":4.0,"enemies":"Blue Slaver","floor":10.0,"turns":5.0},{"damage":38.0,"enemies":"Lagavulin","floor":11.0,"turns":8.0},{"damage":7.0,"enemies":"Looter","floor":12.0,"turns":3.0},{"damage":28.0,"enemies":"3 Sentries","floor":13.0,"turns":8.0},{"damage":9.0,"enemies":"3 Louse","floor":14.0,"turns":3.0},{"damage":55.0,"enemies":"The Guardian","floor":16.0,"turns":9.0},{"damage":36.0,"enemies":"Shell Parasite","floor":18.0,"turns":7.0},{"damage":18.0,"enemies":"2 Thieves","floor":21.0,"turns":4.0},{"damage":33.0,"enemies":"Book of Stabbing","floor":24.0,"turns":5.0},{"damage":13.0,"enemies":"Chosen and Byrds","floor":27.0,"turns":6.0},{"damage":9.0,"enemies":"Snecko","floor":28.0,"turns":5.0},{"damage":21.0,"enemies":"Colosseum Slavers","floor":29.0,"turns":4.0},{"damage":34.0,"enemies":"Colosseum Nobs","floor":29.0,"turns":4.0},{"damage":10.0,"enemies":"3 Cultists","floor":30.0,"turns":4.0},{"damage":42.0,"enemies":"Champ","floor":33.0,"turns":10.0},{"damage":0.0,"enemies":"3 Shapes","floor":35.0,"turns":3.0},{"damage":14.0,"enemies":"Orb Walker","floor":37.0,"turns":4.0},{"damage":19.0,"enemies":"Reptomancer","floor":40.0,"turns":4.0},{"damage":6.0,"enemies":"3 Darklings","floor":42.0,"turns":3.0},{"damage":4.0,"enemies":"Maw","floor":44.0,"turns":5.0},{"damage":56.0,"enemies":"Nemesis","floor":45.0,"turns":5.0},{"damage":33.0,"enemies":"Sphere and 2 Shapes","floor":47.0,"turns":4.0},{"damage":23.0,"enemies":"Spire Growth","floor":48.0,"turns":4.0},{"damage":72,"enemies":"Awakened One","floor":50,"turns":9}],"seed_played":"3720538746183978468","potions_obtained":[{"floor":2.0,"key":"LiquidBronze"},{"floor":5.0,"key":"Fire Potion"},{"floor":10.0,"key":"Energy Potion"},{"floor":12.0,"key":"EssenceOfSteel"},{"floor":13.0,"key":"Ancient Potion"},{"floor":24.0,"key":"Regen Potion"},{"floor":28.0,"key":"SpeedPotion"},{"floor":29.0,"key":"AttackPotion"},{"floor":30.0,"key":"GamblersBrew"},{"floor":44.0,"key":"BloodPotion"},{"floor":45.0,"key":"FairyPotion"},{"floor":47.0,"key":"Energy Potion"},{"floor":48.0,"key":"Dexterity Potion"}],"is_trial":false,"path_per_floor":["M","M","?","$","M","E","?","R","T","M","E","M","E","M","R","B",null,"M","?","?","M","T","R","E","$","T","M","M","?","M","?","R","B",null,"M","?","M","?","$","E","?","M","T","M","E","R","M","M","R","B",null],"character_chosen":"IRONCLAD","items_purchased":["Inflame","Clothesline","Lee\u0027s Waffle","HandOfGreed","Brimstone","Discovery"],"campfire_rested":6,"item_purchase_floors":[4,4,25,25,39,39],"current_hp_per_floor":[80,80,60,60,66,52,52,76,86,88,56,55,33,30,57,8,90,60,60,44,32,32,59,32,97,97,90,87,44,40,40,84,60,97,101,101,93,93,93,80,80,80,80,82,32,75,52,45,90,24],"gold":968,"neow_bonus":"","is_prod":false,"is_daily":false,"chose_seed":false,"campfire_upgraded":0,"win_rate":0.0,"timestamp":1556389653,"path_taken":["M","M","?","$","M","E","?","R","T","M","E","?","E","M","R","BOSS","M","?","?","M","?","R","E","?","T","M","M","?","M","?","R","BOSS","M","?","M","?","$","E","?","M","T","M","E","R","M","M","R","BOSS"],"build_version":"2019-01-23","purchased_purges":1,"victory":true,"max_hp_per_floor":[80,80,80,80,80,80,80,80,90,90,90,90,90,90,90,90,90,90,90,90,90,90,90,90,97,97,97,97,97,97,97,97,97,97,101,101,101,96,96,96,96,96,96,96,96,96,100,100,100,100],"card_choices":[{"not_picked":["Pommel Strike","Warcry"],"picked":"Cleave","floor":1.0},{"not_picked":["Perfected Strike","Flex"],"picked":"Ghostly Armor","floor":2.0},{"not_picked":["Pummel","Reckless Charge"],"picked":"Rupture","floor":5.0},{"not_picked":["Clash","Anger"],"picked":"True Grit","floor":6.0},{"not_picked":["Flex","Perfected Strike","Fire Breathing"],"picked":"SKIP","floor":10.0},{"not_picked":["Reaper","Shockwave"],"picked":"Rampage","floor":11.0},{"not_picked":["Power Through","Anger"],"picked":"Warcry","floor":12.0},{"not_picked":["Reaper","Sword Boomerang"],"picked":"Brutality","floor":13.0},{"not_picked":["Burning Pact","Feel No Pain"],"picked":"True Grit","floor":14.0},{"not_picked":["Anger","Headbutt"],"picked":"Feel No Pain","floor":15.0},{"not_picked":["Impervious","Barricade"],"picked":"Juggernaut","floor":16.0},{"not_picked":["Reckless Charge","Combust"],"picked":"Second Wind+1","floor":18.0},{"not_picked":["Dual Wield","Bloodletting"],"picked":"True Grit","floor":21.0},{"not_picked":["Pommel Strike","Fire Breathing"],"picked":"Inflame","floor":23.0},{"not_picked":["Cleave","Fire Breathing"],"picked":"Blood for Blood","floor":24.0},{"not_picked":["Infernal Blade","Corruption+1"],"picked":"True Grit+1","floor":27.0},{"not_picked":["Armaments","Burning Pact+1"],"picked":"Uppercut","floor":28.0},{"not_picked":["Armaments","Inflame+1"],"picked":"Pommel Strike+1","floor":29.0},{"not_picked":["True Grit","Flex"],"picked":"Iron Wave+1","floor":30.0},{"not_picked":["Ghostly Armor+1","Impervious"],"picked":"Twin Strike+1","floor":32.0},{"not_picked":["Fiend Fire+1","Reaper+1"],"picked":"Feed+1","floor":33.0},{"not_picked":["Searing Blow+1","Burning Pact"],"picked":"Sword Boomerang+1","floor":35.0},{"not_picked":["Purity","Discovery"],"picked":"Secret Weapon","floor":36.0},{"not_picked":["Perfected Strike+1","Anger+1"],"picked":"Clothesline+1","floor":37.0},{"not_picked":["Bloodletting","Body Slam+1"],"picked":"Pommel Strike+1","floor":40.0},{"not_picked":["Feel No Pain+1","Bludgeon+1"],"picked":"Twin Strike+1","floor":42.0},{"not_picked":["Iron Wave+1","Combust"],"picked":"Pommel Strike+1","floor":44.0},{"not_picked":["Power Through+1","Feel No Pain"],"picked":"Flame Barrier","floor":45.0},{"not_picked":["Hemokinesis+1","Reckless Charge+1"],"picked":"Cleave+1","floor":47.0},{"not_picked":["Corruption+1","Anger+1"],"picked":"Sword Boomerang+1","floor":48.0},{"not_picked":["Anger+1","Feel No Pain+1"],"picked":"Iron Wave+1","floor":49}],"player_experience":0,"relics_obtained":[{"floor":6.0,"key":"Gremlin Horn"},{"floor":9.0,"key":"Pear"},{"floor":11.0,"key":"Dream Catcher"},{"floor":13.0,"key":"Matryoshka"},{"floor":20.0,"key":"Necronomicon"},{"floor":22.0,"key":"Juzu Bracelet"},{"floor":22.0,"key":"Gambling Chip"},{"floor":24.0,"key":"Oddly Smooth Stone"},{"floor":26.0,"key":"Regal Pillow"},{"floor":26.0,"key":"Self Forming Clay"},{"floor":29.0,"key":"Molten Egg 2"},{"floor":29.0,"key":"Champion Belt"},{"floor":40.0,"key":"Potion Belt"},{"floor":43.0,"key":"Letter Opener"},{"floor":45.0,"key":"Old Coin"}],"event_choices":[{"damage_healed":0.0,"max_hp_gain":0.0,"max_hp_loss":0.0,"gold_gain":0.0,"event_name":"Golden Idol","player_choice":"Take Damage","floor":3.0,"gold_loss":0.0,"damage_taken":20.0,"relics_obtained":["Golden Idol"]},{"cards_removed":["Defend_R"],"damage_healed":0.0,"max_hp_gain":0.0,"max_hp_loss":0.0,"gold_gain":0.0,"event_name":"NoteForYourself","player_choice":"Took Card","floor":7.0,"gold_loss":0.0,"damage_taken":0.0,"cards_obtained":["Iron Wave"]},{"damage_healed":0.0,"max_hp_gain":0.0,"max_hp_loss":0.0,"gold_gain":99.0,"event_name":"Nest","player_choice":"Stole From Cult","floor":19.0,"gold_loss":0.0,"damage_taken":0.0},{"damage_healed":0.0,"max_hp_gain":0.0,"max_hp_loss":0.0,"gold_gain":0.0,"event_name":"Cursed Tome","player_choice":"Obtained Book","floor":20.0,"gold_loss":0.0,"damage_taken":16.0},{"damage_healed":0.0,"max_hp_gain":0.0,"max_hp_loss":0.0,"gold_gain":0.0,"event_name":"Colosseum","player_choice":"Fight","floor":29.0,"gold_loss":0.0,"damage_taken":0.0},{"damage_healed":0.0,"max_hp_gain":0.0,"max_hp_loss":0.0,"gold_gain":0.0,"event_name":"Colosseum","player_choice":"Fought Nobs","floor":29.0,"gold_loss":0.0,"damage_taken":0.0},{"damage_healed":0.0,"max_hp_gain":0.0,"max_hp_loss":0.0,"gold_gain":0.0,"event_name":"The Library","player_choice":"Read","floor":31.0,"gold_loss":0.0,"damage_taken":0.0,"cards_obtained":["Twin Strike"]},{"damage_healed":0.0,"max_hp_gain":0.0,"max_hp_loss":0.0,"gold_gain":0.0,"event_name":"SensoryStone","player_choice":"Memory 1","floor":36.0,"gold_loss":0.0,"damage_taken":0.0},{"damage_healed":0.0,"max_hp_gain":0.0,"max_hp_loss":5.0,"gold_gain":0.0,"event_name":"Winding Halls","player_choice":"Max HP","floor":38.0,"gold_loss":0.0,"damage_taken":0.0},{"damage_healed":0.0,"max_hp_gain":0.0,"max_hp_loss":0.0,"gold_gain":333.0,"event_name":"The Moai Head","player_choice":"Gave Idol","floor":41.0,"relics_lost":["Golden Idol"],"gold_loss":0.0,"damage_taken":0.0}],"is_beta":false,"boss_relics":[{"not_picked":["Lizard Tail","Black Star"],"picked":"Astrolabe"},{"not_picked":["Runic Dome","Coffee Dripper"],"picked":"Philosopher\u0027s Stone"}],"items_purged_floors":[39],"is_endless":false,"potions_floor_spawned":[2,5,10,12,13,24,28,29,30,44,45,47,48],"ascension_level":0}