{"gold_per_floor":[112,123,198,198,208,208,238,21,21,40,40,72,85,85,85,180,180,199,199,210,68,168,168,168],"floor_reached":24,"playtime":1337,"items_purged":["Strike_R","Strike_R"],"score":331,"play_id":"154e2437-fca0-49a0-bb3e-d68afeb5e163","local_time":"20190513163850","is_ascension_mode":true,"campfire_choices":[{"data":"Clothesline","floor":6,"key":"SMITH"},{"floor":11,"key":"REST"},{"floor":15,"key":"REST"},{"data":"Demon Form","floor":23,"key":"SMITH"}],"neow_cost":"NONE","seed_source_timestamp":804366527555900,"circlet_count":0,"master_deck":["AscendersBane","Strike_R","Strike_R","Defend_R","Defend_R","Defend_R","Defend_R","Bash","Headbutt","Clothesline+1","Armaments+1","Iron Wave","Battle Trance","Seeing Red","Demon Form+1","Shrug It Off","Second Wind","Metallicize","Combust+1"],"relics":["Burning Blood","The Courier","Oddly Smooth Stone","Pantograph","Strawberry","Runic Pyramid","Magic Flower","Frozen Egg 2"],"potions_floor_usage":[7,10,22,24,24],"damage_taken":[{"damage":9,"enemies":"2 Louse","floor":1,"turns":3},{"damage":0,"enemies":"Small Slimes","floor":2,"turns":3},{"damage":6,"enemies":"Jaw Worm","floor":5,"turns":5},{"damage":50,"enemies":"3 Sentries","floor":7,"turns":10},{"damage":22,"enemies":"Exordium Wildlife","floor":10,"turns":7},{"damage":27,"enemies":"Gremlin Nob","floor":12,"turns":5},{"damage":2,"enemies":"Looter","floor":13,"turns":4},{"damage":23,"enemies":"The Guardian","floor":16,"turns":20},{"damage":12,"enemies":"Shell Parasite","floor":18,"turns":9},{"damage":0,"enemies":"Chosen","floor":20,"turns":6},{"damage":26,"enemies":"Colosseum Slavers","floor":22,"turns":9},{"damage":22,"enemies":"Colosseum Nobs","floor":22,"turns":7},{"damage":88,"enemies":"Slavers","floor":24,"turns":7}],"seed_played":"-6336895527172169755","potions_obtained":[{"floor":2,"key":"Energy Potion"},{"floor":7,"key":"Energy Potion"},{"floor":10,"key":"Fruit Juice"},{"floor":12,"key":"AttackPotion"},{"floor":22,"key":"Regen Potion"}],"is_trial":false,"path_per_floor":["M","M","?","?","M","R","E","$","T","M","R","E","M","?","R","B",null,"M","?","M","$","?","R","E"],"character_chosen":"IRONCLAD","items_purchased":["Oddly Smooth Stone","Iron Wave","Metallicize"],"campfire_rested":2,"item_purchase_floors":[8,8,21],"current_hp_per_floor":[69,75,64,69,69,69,25,25,25,14,41,27,31,31,60,68,90,84,84,90,90,54,54,0],"gold":168,"neow_bonus":"TRANSFORM_CARD","is_prod":false,"is_daily":false,"chose_seed":false,"campfire_upgraded":2,"win_rate":0,"timestamp":1557790730,"path_taken":["M","M","?","?","M","R","E","?","T","?","R","E","M","?","R","BOSS","M","?","?","?","?","R","E"],"build_version":"2019-01-23","purchased_purges":2,"victory":false,"max_hp_per_floor":[80,80,80,85,85,85,85,85,85,90,90,97,97,97,97,97,97,97,97,97,97,97,97,97],"card_choices":[{"not_picked":["Clash","Sever Soul"],"picked":"Clothesline","floor":1},{"not_picked":["Flex","Fire Breathing","Twin Strike"],"picked":"SKIP","floor":2},{"not_picked":["Entrench","Heavy Blade","Reckless Charge"],"picked":"SKIP","floor":5},{"not_picked":["Pommel Strike","Combust"],"picked":"Armaments","floor":7},{"not_picked":["Clash","Twin Strike","Heavy Blade"],"picked":"SKIP","floor":10},{"not_picked":["Sever Soul","Armaments"],"picked":"Battle Trance","floor":12},{"not_picked":["Warcry","Sentinel"],"picked":"Seeing Red","floor":13},{"not_picked":["Limit Break","Fiend Fire"],"picked":"Demon Form","floor":16},{"not_picked":["Evolve","Flex","Entrench"],"picked":"SKIP","floor":18},{"not_picked":["Entrench","Pummel"],"picked":"Second Wind","floor":20},{"not_picked":["Inflame","Anger"],"picked":"Combust+1","floor":22}],"player_experience":470252,"relics_obtained":[{"floor":7,"key":"The Courier"},{"floor":9,"key":"Pantograph"},{"floor":12,"key":"Strawberry"},{"floor":22,"key":"Magic Flower"},{"floor":22,"key":"Frozen Egg 2"}],"event_choices":[{"damage_healed":0,"gold_gain":75,"player_choice":"Gather Gold","damage_taken":11,"max_hp_gain":0,"max_hp_loss":0,"event_name":"World of Goop","floor":3,"gold_loss":0},{"damage_healed":0,"gold_gain":0,"player_choice":"Donut","damage_taken":0,"max_hp_gain":5,"max_hp_loss":0,"event_name":"Big Fish","floor":4,"gold_loss":0},{"damage_healed":0,"gold_gain":0,"player_choice":"Grow","damage_taken":0,"max_hp_gain":0,"max_hp_loss":0,"event_name":"Living Wall","floor":14,"gold_loss":0,"cards_upgraded":["Armaments"]},{"damage_healed":0,"gold_gain":0,"player_choice":"1 cards matched","damage_taken":0,"max_hp_gain":0,"max_hp_loss":0,"event_name":"Match and Keep!","floor":19,"gold_loss":0,"cards_obtained":["Shrug It Off"]},{"damage_healed":0,"gold_gain":0,"player_choice":"Fight","damage_taken":0,"max_hp_gain":0,"max_hp_loss":0,"event_name":"Colosseum","floor":22,"gold_loss":0},{"damage_healed":0,"gold_gain":0,"player_choice":"Fought Nobs","damage_taken":0,"max_hp_gain":0,"max_hp_loss":0,"event_name":"Colosseum","floor":22,"gold_loss":0}],"is_beta":false,"boss_relics":[{"not_picked":["Black Blood","Fusion Hammer"],"picked":"Runic Pyramid"}],"items_purged_floors":[8,21],"is_endless":false,"potions_floor_spawned":[2,7,10,12,22,22],"killed_by":"Slavers","ascension_level":10}