{"gold_per_floor":[117,42,42,42,42,76,76,92,92,92,128,151,151,167,167,286,286,300,51,76,90,90,133,133,133,159,159,173,173,173,187,187,313,313,328],"floor_reached":35,"playtime":2028,"items_purged":["Strike_G","Strike_G"],"score":497,"play_id":"508ffe15-86a5-4e3b-859d-6a442959bdf0","local_time":"20190404192711","is_ascension_mode":true,"campfire_choices":[{"floor":7.0,"key":"REST"},{"floor":10.0,"key":"REST"},{"floor":13.0,"key":"REST"},{"data":"Bouncing Flask","floor":15.0,"key":"SMITH"},{"data":"Malaise","floor":25.0,"key":"SMITH"},{"data":"Ghostly","floor":27.0,"key":"SMITH"},{"data":"Noxious Fumes","floor":29.0,"key":"SMITH"},{"data":"Adrenaline","floor":32.0,"key":"SMITH"}],"neow_cost":"PERCENT_DAMAGE","seed_source_timestamp":0,"circlet_count":0,"master_deck":["Defend_G","Defend_G+1","Defend_G+1","Defend_G+1","Defend_G+1","Strike_G","Strike_G","Strike_G","Survivor","Neutralize","Adrenaline+1","Flying Knee","Injury","Noxious Fumes","Poisoned Stab","Bouncing Flask+1","Backflip","Deadly Poison","Malaise+1","Dodge and Roll","Corpse Explosion","Calculated Gamble+1","Ghostly+1","Ghostly","Ghostly","Ghostly","Ghostly","Noxious Fumes+1","Malaise"],"special_seed":0,"relics":["Ring of the Snake","Golden Idol","Torii","Orichalcum","Ornamental Fan","Kunai","Snecko Eye","War Paint","Pantograph","Bronze Scales","Runic Pyramid"],"potions_floor_usage":[],"damage_taken":[{"damage":0.0,"enemies":"Jaw Worm","floor":1.0,"turns":5.0},{"damage":33.0,"enemies":"3 Sentries","floor":6.0,"turns":15.0},{"damage":0.0,"enemies":"2 Louse","floor":8.0,"turns":3.0},{"damage":27.0,"enemies":"Lagavulin","floor":11.0,"turns":9.0},{"damage":0.0,"enemies":"Cultist","floor":12.0,"turns":3.0},{"damage":0.0,"enemies":"Looter","floor":14.0,"turns":4.0},{"damage":5.0,"enemies":"Hexaghost","floor":16.0,"turns":7.0},{"damage":12.0,"enemies":"3 Byrds","floor":18.0,"turns":6.0},{"damage":7.0,"enemies":"Chosen","floor":20.0,"turns":4.0},{"damage":6.0,"enemies":"Snecko","floor":21.0,"turns":5.0},{"damage":16.0,"enemies":"Book of Stabbing","floor":23.0,"turns":8.0},{"damage":0.0,"enemies":"Snake Plant","floor":28.0,"turns":5.0},{"damage":0.0,"enemies":"Centurion and Healer","floor":31.0,"turns":7.0},{"damage":20.0,"enemies":"Automaton","floor":33.0,"turns":9.0},{"damage":25.0,"enemies":"3 Darklings","floor":35.0,"turns":6.0}],"seed_played":"-1889001566883260935","potions_obtained":[{"floor":11.0,"key":"GamblersBrew"},{"floor":14.0,"key":"Weak Potion"},{"floor":18.0,"key":"Weak Potion"},{"floor":28.0,"key":"LiquidBronze"},{"floor":30.0,"key":"Dexterity Potion"}],"is_trial":false,"path_per_floor":["M","$","?","?","T","E","R","M","T","R","E","M","R","M","R","B",null,"M","$","M","M","?","E","?","R","T","R","M","R","?","M","R","B",null,"M"],"character_chosen":"THE_SILENT","items_purchased":["War Paint"],"campfire_rested":3,"item_purchase_floors":[19],"current_hp_per_floor":[49,49,35,35,35,2,23,23,23,44,17,17,38,38,38,33,70,58,58,51,45,45,29,29,29,29,29,29,29,29,29,29,15,35,10],"gold":328,"neow_bonus":"THREE_RARE_CARDS","is_prod":false,"is_daily":false,"chose_seed":false,"campfire_upgraded":5,"win_rate":0,"timestamp":1554431231,"path_taken":["M","$","?","?","?","E","R","M","T","R","E","M","R","?","R","BOSS","M","$","M","M","?","E","?","R","T","R","M","R","?","M","R","BOSS","M"],"build_version":"2019-01-23","purchased_purges":2,"victory":false,"max_hp_per_floor":[70,70,70,70,70,70,70,70,70,70,70,70,70,70,70,70,70,70,70,70,70,70,70,35,35,35,35,35,35,35,35,35,35,35,35],"card_choices":[{"not_picked":["Night Terror","Tools of the Trade"],"picked":"Adrenaline","floor":0.0},{"not_picked":["Dagger Spray","All Out Attack"],"picked":"Flying Knee","floor":1.0},{"not_picked":["Burst","Deadly Poison"],"picked":"Noxious Fumes","floor":6.0},{"not_picked":["Bane","Escape Plan"],"picked":"Poisoned Stab","floor":8.0},{"not_picked":["Deflect","Expertise"],"picked":"Bouncing Flask","floor":11.0},{"not_picked":["Prepared","Setup"],"picked":"Backflip","floor":12.0},{"not_picked":["Tactician","Underhanded Strike"],"picked":"Deadly Poison","floor":14.0},{"not_picked":["Night Terror","Unload"],"picked":"Malaise","floor":16.0},{"not_picked":["Endless Agony","Terror"],"picked":"Dodge and Roll","floor":18.0},{"not_picked":["Dagger Spray","Slice","Terror+1"],"picked":"SKIP","floor":20.0},{"not_picked":["Flying Knee","Outmaneuver","PiercingWail"],"picked":"SKIP","floor":21.0},{"not_picked":["PiercingWail","Venomology"],"picked":"Calculated Gamble+1","floor":23.0},{"not_picked":["Outmaneuver","Heel Hook"],"picked":"Noxious Fumes","floor":28.0},{"not_picked":["Dagger Throw","Dagger Spray","PiercingWail"],"picked":"SKIP","floor":31.0},{"not_picked":["Envenom","Phantasmal Killer"],"picked":"Malaise","floor":33.0}],"player_experience":282382,"relics_obtained":[{"floor":5.0,"key":"Torii"},{"floor":6.0,"key":"Orichalcum"},{"floor":9.0,"key":"Ornamental Fan"},{"floor":11.0,"key":"Kunai"},{"floor":23.0,"key":"Pantograph"},{"floor":26.0,"key":"Bronze Scales"}],"event_choices":[{"damage_healed":0.0,"max_hp_gain":0.0,"max_hp_loss":0.0,"gold_gain":0.0,"event_name":"Shining Light","player_choice":"Entered Light","floor":3.0,"gold_loss":0.0,"damage_taken":14.0,"cards_upgraded":["Defend_G","Defend_G"]},{"damage_healed":0.0,"max_hp_gain":0.0,"max_hp_loss":0.0,"gold_gain":0.0,"event_name":"Golden Idol","player_choice":"Take Wound","floor":4.0,"gold_loss":0.0,"damage_taken":0.0,"relics_obtained":["Golden Idol"],"cards_obtained":["Injury"]},{"damage_healed":0.0,"max_hp_gain":0.0,"max_hp_loss":0.0,"gold_gain":0.0,"event_name":"The Library","player_choice":"Read","floor":22.0,"gold_loss":0.0,"damage_taken":0.0,"cards_obtained":["Corpse Explosion"]},{"damage_healed":0.0,"max_hp_gain":0.0,"max_hp_loss":35.0,"gold_gain":0.0,"event_name":"Ghosts","player_choice":"Became a Ghost","floor":24.0,"gold_loss":0.0,"damage_taken":0.0,"cards_obtained":["Ghostly","Ghostly","Ghostly","Ghostly","Ghostly"]},{"damage_healed":0.0,"max_hp_gain":0.0,"max_hp_loss":0.0,"gold_gain":0.0,"event_name":"Lab","player_choice":"Got Potions","floor":30.0,"gold_loss":0.0,"damage_taken":0.0}],"is_beta":false,"boss_relics":[{"not_picked":["Orrery","Eternal Feather"],"picked":"Snecko Eye"},{"not_picked":["White Beast Statue","HoveringKite"],"picked":"Runic Pyramid"}],"items_purged_floors":[2,19],"is_endless":false,"potions_floor_spawned":[11,14,18,28],"killed_by":"3 Darklings","ascension_level":3}