{"gold_per_floor":[118,131,77,31,31,31,31,31,31,31,49,63,86,101,101,101],"floor_reached":16,"playtime":476,"items_purged":[],"score":147,"play_id":"3331d3f4-6c0b-41b6-b6cb-c6bc7f2076ee","local_time":"20190504223347","is_ascension_mode":true,"campfire_choices":[{"data":"Tempest","floor":6,"key":"SMITH"},{"data":"Conserve Battery","floor":8,"key":"SMITH"},{"data":"Conserve Battery","floor":10,"key":"SMITH"},{"floor":15,"key":"REST"}],"neow_cost":"TEN_PERCENT_HP_LOSS","seed_source_timestamp":93209073901600,"circlet_count":0,"master_deck":["AscendersBane","Strike_B","Strike_B","Strike_B","Strike_B","Defend_B","Defend_B","Defend_B","Defend_B","Zap","Dualcast","Seek","Tempest+1","Conserve Battery+1","Injury","Conserve Battery+1","Tempest","Biased Cognition"],"relics":["Cracked Core","Golden Idol","Symbiotic Virus"],"potions_floor_usage":[],"damage_taken":[{"damage":1,"enemies":"Cultist","floor":1,"turns":3},{"damage":4,"enemies":"Small Slimes","floor":2,"turns":2},{"damage":0,"enemies":"2 Louse","floor":11,"turns":3},{"damage":18,"enemies":"Lots of Slimes","floor":12,"turns":4},{"damage":15,"enemies":"Exordium Thugs","floor":13,"turns":4},{"damage":5,"enemies":"Exordium Wildlife","floor":14,"turns":3},{"damage":45,"enemies":"Hexaghost","floor":16,"turns":9}],"seed_played":"-8775151751323642767","potions_obtained":[{"floor":2,"key":"FearPotion"}],"is_trial":false,"path_per_floor":["M","M","$","?","?","R","?","R","T","R","M","M","M","M","R","B"],"character_chosen":"DEFECT","items_purchased":["Conserve Battery"],"campfire_rested":1,"item_purchase_floors":[3],"current_hp_per_floor":[67,63,63,63,63,63,63,63,63,63,63,45,30,25,45,0],"gold":101,"neow_bonus":"THREE_RARE_CARDS","is_prod":false,"is_daily":false,"chose_seed":false,"campfire_upgraded":3,"win_rate":0,"timestamp":1557002027,"path_taken":["M","?","?","?","?","R","?","R","T","R","M","M","M","?","R","BOSS"],"build_version":"2019-01-23","purchased_purges":0,"victory":false,"max_hp_per_floor":[68,68,68,68,68,68,68,68,68,68,68,68,68,68,68,68],"card_choices":[{"not_picked":["Fission","Meteor Strike"],"picked":"Seek","floor":0},{"not_picked":["Rebound","Streamline"],"picked":"Tempest","floor":1},{"not_picked":["Hologram","Stack","Leap"],"picked":"SKIP","floor":2},{"not_picked":["Cold Snap","Hologram","Melter"],"picked":"SKIP","floor":11},{"not_picked":["Leap","Steam Power","Streamline"],"picked":"SKIP","floor":12},{"not_picked":["Leap","Sweeping Beam"],"picked":"Tempest","floor":13},{"not_picked":["Barrage","Double Energy"],"picked":"Biased Cognition","floor":14}],"player_experience":1803241,"relics_obtained":[{"floor":9,"key":"Symbiotic Virus"}],"event_choices":[{"damage_healed":0,"gold_gain":0,"player_choice":"Left Gold","damage_taken":0,"max_hp_gain":0,"max_hp_loss":0,"event_name":"World of Goop","floor":4,"gold_loss":46},{"damage_healed":0,"gold_gain":0,"player_choice":"Take Wound","damage_taken":0,"relics_obtained":["Golden Idol"],"max_hp_gain":0,"max_hp_loss":0,"event_name":"Golden Idol","floor":5,"gold_loss":0,"cards_obtained":["Injury"]},{"damage_healed":0,"gold_gain":0,"player_choice":"1 cards matched","damage_taken":0,"max_hp_gain":0,"max_hp_loss":0,"event_name":"Match and Keep!","floor":7,"gold_loss":0,"cards_obtained":["Conserve Battery"]}],"is_beta":false,"boss_relics":[],"items_purged_floors":[],"is_endless":false,"potions_floor_spawned":[2],"killed_by":"Hexaghost","ascension_level":12}