{"gold_per_floor":[110,110,35,55,55,55,82,82,82,82,9,9,29,39,39,143,143,155,172,172,172,183,183,20,20],"floor_reached":25,"playtime":1045,"items_purged":["Regret"],"score":249,"play_id":"67e2f826-647e-421d-a8ed-cd81b21e7a7d","local_time":"20181103220435","is_ascension_mode":true,"campfire_choices":[{"floor":6,"key":"REST"},{"floor":10,"key":"REST"},{"data":"True Grit","floor":12,"key":"SMITH"},{"data":"Armaments","floor":15,"key":"SMITH"},{"floor":23,"key":"REST"}],"neow_cost":"PERCENT_DAMAGE","seed_source_timestamp":434610944809100,"circlet_count":0,"master_deck":["Strike_R","Strike_R","Strike_R","Strike_R","Strike_R","Defend_R","Defend_R","Defend_R","Defend_R","Bash","True Grit+1","Whirlwind","Pain","Inflame","Blood for Blood","Armaments+1","Exhume","Bludgeon","Rupture","Rampage","Exhume","J.A.X.","Sever Soul+1","Dual Wield","Jack Of All Trades"],"relics":["Burning Blood","Unceasing Top","Strawberry","WarpedTongs","Ancient Tea Set","Blue Candle","Runic Cube"],"potions_floor_usage":[16,16,19,19,22],"damage_taken":[{"damage":7,"enemies":"Small Slimes","floor":1,"turns":5},{"damage":4,"enemies":"2 Louse","floor":4,"turns":6},{"damage":33,"enemies":"Gremlin Nob","floor":7,"turns":4},{"damage":3,"enemies":"Jaw Worm","floor":13,"turns":2},{"damage":8,"enemies":"Exordium Wildlife","floor":14,"turns":3},{"damage":39,"enemies":"Hexaghost","floor":16,"turns":9},{"damage":25,"enemies":"Chosen","floor":18,"turns":6},{"damage":11,"enemies":"Spheric Guardian","floor":19,"turns":3},{"damage":38,"enemies":"3 Cultists","floor":22,"turns":4},{"damage":48,"enemies":"Slavers","floor":25,"turns":2}],"seed_played":"-3125726137294364119","potions_obtained":[{"floor":1,"key":"Fire Potion"},{"floor":7,"key":"LiquidBronze"},{"floor":13,"key":"Swift Potion"},{"floor":18,"key":"SkillPotion"},{"floor":19,"key":"EssenceOfSteel"}],"is_trial":false,"path_per_floor":["M","?","$","M","?","R","E","?","T","R","$","R","M","M","R","B",null,"M","M","?","?","M","R","$"],"character_chosen":"IRONCLAD","items_purchased":["Blood for Blood","Dual Wield","Jack Of All Trades"],"campfire_rested":3,"item_purchase_floors":[11,24,24],"current_hp_per_floor":[55,62,62,64,64,87,60,60,60,86,86,86,87,85,85,52,78,59,54,54,54,22,48,48,0],"gold":20,"neow_bonus":"ONE_RARE_RELIC","is_prod":false,"is_daily":false,"chose_seed":false,"campfire_upgraded":2,"win_rate":0,"timestamp":1541279075,"path_taken":["M","?","$","M","?","R","E","?","T","R","?","R","M","M","R","BOSS","M","M","?","?","M","R","$","E"],"build_version":"2018-10-25v2","purchased_purges":1,"victory":false,"max_hp_per_floor":[80,87,87,87,87,87,87,87,87,87,87,87,87,87,87,87,87,87,87,87,87,87,87,87,87],"card_choices":[{"not_picked":["Heavy Blade","Pummel"],"picked":"True Grit","floor":1},{"not_picked":["Sever Soul","Thunderclap"],"picked":"Whirlwind","floor":4},{"not_picked":["Fire Breathing","Carnage"],"picked":"Inflame","floor":7},{"not_picked":["Havoc","Perfected Strike"],"picked":"Armaments","floor":13},{"not_picked":["Evolve","Entrench"],"picked":"Exhume","floor":14},{"not_picked":["Brutality","Berserk"],"picked":"Bludgeon","floor":16},{"not_picked":["Perfected Strike","Clothesline+1"],"picked":"Rupture","floor":18},{"not_picked":["Sword Boomerang","Clash"],"picked":"Rampage","floor":19},{"not_picked":["Cleave+1","Pummel"],"picked":"Sever Soul+1","floor":22}],"player_experience":841823,"relics_obtained":[{"floor":7,"key":"Ancient Tea Set"},{"floor":9,"key":"Blue Candle"}],"event_choices":[{"damage_healed":0,"gold_gain":0,"player_choice":"Box","damage_taken":0,"relics_obtained":["Strawberry"],"max_hp_gain":0,"max_hp_loss":0,"event_name":"Big Fish","floor":2,"gold_loss":0,"cards_obtained":["Regret"]},{"damage_healed":0,"gold_gain":0,"player_choice":"Rummage","damage_taken":0,"relics_obtained":["WarpedTongs"],"max_hp_gain":0,"max_hp_loss":0,"event_name":"Accursed Blacksmith","floor":5,"gold_loss":0,"cards_obtained":["Pain"]},{"damage_healed":0,"gold_gain":0,"player_choice":"Searched \u00271\u0027 times","damage_taken":0,"max_hp_gain":0,"max_hp_loss":0,"event_name":"Dead Adventurer","floor":8,"gold_loss":0},{"damage_healed":0,"gold_gain":0,"player_choice":"Copied","damage_taken":0,"max_hp_gain":0,"max_hp_loss":0,"event_name":"Duplicator","floor":20,"gold_loss":0,"cards_obtained":["Exhume"]},{"damage_healed":0,"gold_gain":0,"player_choice":"Obtain J.A.X.","damage_taken":0,"max_hp_gain":0,"max_hp_loss":0,"event_name":"Drug Dealer","floor":21,"gold_loss":0,"cards_obtained":["J.A.X."]}],"is_beta":false,"boss_relics":[{"not_picked":["Velvet Choker","Cursed Key"],"picked":"Runic Cube"}],"items_purged_floors":[3],"is_endless":false,"potions_floor_spawned":[1,7,13,18,19],"killed_by":"Slavers","ascension_level":5}