{"gold_per_floor":[109,109,127,127,137,163,163],"floor_reached":7,"playtime":406,"items_purged":[],"score":69,"play_id":"035344d6-176f-4ea5-8981-ab6fc2158e10","local_time":"20181115192927","is_ascension_mode":true,"campfire_choices":[],"neow_cost":"NONE","seed_source_timestamp":92368600491400,"circlet_count":0,"master_deck":["Defend_G","Defend_G","Defend_G","Defend_G","Defend_G","Strike_G","Strike_G","Strike_G","Strike_G","Strike_G","Survivor","Neutralize","Backflip","Regret","Flechettes","Heel Hook","Dagger Spray"],"relics":["Ring of the Snake","NeowsBlessing","Happy Flower","Orichalcum","Girya"],"potions_floor_usage":[6],"damage_taken":[{"damage":0,"enemies":"Small Slimes","floor":1,"turns":1},{"damage":0,"enemies":"2 Louse","floor":3,"turns":1},{"damage":0,"enemies":"Jaw Worm","floor":5,"turns":1},{"damage":31,"enemies":"Lagavulin","floor":6,"turns":8},{"damage":38,"enemies":"The Mushroom Lair","floor":7,"turns":4}],"seed_played":"-5580948354991600679","potions_obtained":[{"floor":5,"key":"Fire Potion"},{"floor":6,"key":"Ancient Potion"}],"is_trial":false,"path_per_floor":["M","?","M","?","M","E","?"],"character_chosen":"THE_SILENT","items_purchased":[],"campfire_rested":0,"item_purchase_floors":[],"current_hp_per_floor":[63,63,63,56,56,25,0],"gold":163,"neow_bonus":"THREE_ENEMY_KILL","is_prod":false,"is_daily":false,"chose_seed":false,"campfire_upgraded":0,"win_rate":0,"timestamp":1542306567,"path_taken":["M","?","M","?","?","E","?"],"build_version":"2018-11-08","purchased_purges":0,"victory":false,"max_hp_per_floor":[70,70,70,70,70,70,70],"card_choices":[{"not_picked":["Cloak And Dagger","PiercingWail"],"picked":"Backflip","floor":1},{"not_picked":["Acrobatics","Riddle With Holes"],"picked":"Flechettes","floor":3},{"not_picked":["Blade Dance","Backstab"],"picked":"Heel Hook","floor":5},{"not_picked":["All Out Attack","Eviscerate"],"picked":"Dagger Spray","floor":6}],"player_experience":913142,"relics_obtained":[{"floor":6,"key":"Girya"}],"event_choices":[{"damage_healed":0,"gold_gain":0,"player_choice":"Box","damage_taken":0,"relics_obtained":["Happy Flower"],"max_hp_gain":0,"max_hp_loss":0,"event_name":"Big Fish","floor":2,"gold_loss":0,"cards_obtained":["Regret"]},{"damage_healed":0,"gold_gain":0,"player_choice":"Success","damage_taken":7,"relics_obtained":["Orichalcum"],"max_hp_gain":0,"max_hp_loss":0,"event_name":"Scrap Ooze","floor":4,"gold_loss":0},{"damage_healed":0,"gold_gain":0,"player_choice":"Fought Mushrooms","damage_taken":0,"max_hp_gain":0,"max_hp_loss":0,"event_name":"Mushrooms","floor":7,"gold_loss":0}],"is_beta":false,"boss_relics":[],"items_purged_floors":[],"is_endless":false,"potions_floor_spawned":[5,6],"killed_by":"The Mushroom Lair","ascension_level":7}