{"gold_per_floor":[360,59,9,9,9,44,44,57,57,57,57,80,80,114,114,239,239,262,262,282,88,13,13,288,332,411,10,10,10,50,74,74,202,202,220,234,76,76,76,110,110,110,192,192,230,230,563,598,598,598],"floor_reached":50,"playtime":2300,"items_purged":["Regret"],"score":887,"play_id":"fec1121a-e812-4752-9001-0c6e51a826aa","local_time":"20190121002636","is_ascension_mode":true,"campfire_choices":[{"floor":11,"key":"REST"},{"data":"Defragment","floor":15,"key":"SMITH"},{"floor":23,"key":"REST"},{"floor":29,"key":"REST"},{"floor":32,"key":"REST"},{"floor":41,"key":"REST"},{"floor":44,"key":"REST"},{"floor":46,"key":"RECALL"},{"floor":49,"key":"REST"}],"neow_cost":"CURSE","seed_source_timestamp":940806261414300,"circlet_count":0,"master_deck":["Strike_B","Defend_B","Defend_B","Defend_B","Defend_B","Zap","Dualcast","Defragment+1","Machine Learning","Hologram","Chill","Hologram","Rainbow","Lockon","White Noise","Redo","Apotheosis","Buffer","Go for the Eyes","Tempest","Biased Cognition","Chaos+1","Turbo","Self Repair","Double Energy","Forethought","Madness","Madness","Redo+1"],"relics":["Cracked Core","DataDisk","Orichalcum","Juzu Bracelet","PreservedInsect","Kunai","Dodecahedron","Velvet Choker","Cables","Matryoshka","Toy Ornithopter","Blood Vial","Fusion Hammer","Ginger","Symbiotic Virus","Bottled Lightning","Centennial Puzzle","The Courier"],"potions_floor_usage":[6,14,16,25,25,30,33,33,36,45,50,50],"damage_taken":[{"damage":0,"enemies":"Small Slimes","floor":1,"turns":3},{"damage":52,"enemies":"3 Sentries","floor":6,"turns":7},{"damage":6,"enemies":"2 Louse","floor":8,"turns":2},{"damage":0,"enemies":"Cultist","floor":12,"turns":3},{"damage":2,"enemies":"Gremlin Nob","floor":14,"turns":3},{"damage":46,"enemies":"Slime Boss","floor":16,"turns":12},{"damage":7,"enemies":"Spheric Guardian","floor":18,"turns":4},{"damage":23,"enemies":"2 Thieves","floor":20,"turns":3},{"damage":49,"enemies":"Slavers","floor":25,"turns":5},{"damage":0,"enemies":"Book of Stabbing","floor":30,"turns":4},{"damage":15,"enemies":"Snake Plant","floor":31,"turns":3},{"damage":13,"enemies":"Collector","floor":33,"turns":6},{"damage":25,"enemies":"3 Shapes","floor":35,"turns":3},{"damage":19,"enemies":"3 Darklings","floor":36,"turns":4},{"damage":8,"enemies":"Giant Head","floor":40,"turns":8},{"damage":0,"enemies":"Nemesis","floor":45,"turns":5},{"damage":25,"enemies":"Reptomancer","floor":48,"turns":4},{"damage":86,"enemies":"Awakened One","floor":50,"turns":5}],"seed_played":"-7984269257069496220","potions_obtained":[{"floor":1,"key":"LiquidBronze"},{"floor":6,"key":"FearPotion"},{"floor":10,"key":"Ancient Potion"},{"floor":10,"key":"Fire Potion"},{"floor":10,"key":"Explosive Potion"},{"floor":20,"key":"Poison Potion"},{"floor":25,"key":"AttackPotion"},{"floor":33,"key":"FearPotion"},{"floor":35,"key":"Poison Potion"},{"floor":40,"key":"Swift Potion"}],"is_trial":false,"path_per_floor":["M","$","?","?","?","E","?","M","T","?","R","M","?","E","R","B",null,"M","?","M","$","?","R","?","E","T","$","?","R","E","M","R","B",null,"M","M","$","?","?","E","R","?","T","R","E","R","?","E","R","B"],"character_chosen":"DEFECT","items_purchased":["DataDisk","Orichalcum","Apotheosis","Toy Ornithopter","SkillPotion","LiquidBronze","Self Repair","Double Energy","Energy Potion"],"campfire_rested":7,"item_purchase_floors":[2,2,21,27,27,27,37,37,37],"current_hp_per_floor":[68,68,68,68,65,13,38,32,32,32,54,54,54,52,52,6,58,51,51,28,28,28,50,50,1,1,1,1,23,28,15,37,36,65,42,30,30,30,30,34,56,47,47,69,75,75,75,60,75,0],"gold":598,"neow_bonus":"TWO_FIFTY_GOLD","is_prod":false,"is_daily":false,"chose_seed":false,"campfire_upgraded":1,"win_rate":0,"timestamp":1548026796,"path_taken":["M","$","?","?","?","E","?","M","T","?","R","M","?","E","R","BOSS","M","?","M","$","?","R","?","E","T","$","?","R","E","M","R","BOSS","M","M","$","?","?","E","R","?","T","R","E","R","?","E","R","BOSS"],"build_version":"2019-01-17v2","purchased_purges":1,"victory":false,"max_hp_per_floor":[75,75,75,75,75,75,75,75,75,75,75,75,75,75,75,75,75,75,75,75,75,75,75,75,75,75,75,75,75,75,75,75,75,75,75,75,75,75,75,75,75,75,75,75,75,75,75,75,75,75],"card_choices":[{"not_picked":["Turbo","Heatsinks"],"picked":"Defragment","floor":1},{"not_picked":["Hologram","Steam"],"picked":"Machine Learning","floor":6},{"not_picked":["Rebound","Coolheaded"],"picked":"Hologram","floor":8},{"not_picked":["Coolheaded","Capacitor"],"picked":"Chill","floor":12},{"not_picked":["Rebound","Compile Driver"],"picked":"Hologram","floor":14},{"not_picked":["Machine Learning","Seek"],"picked":"Rainbow","floor":16},{"not_picked":["Beam Cell","Cold Snap"],"picked":"Lockon","floor":18},{"not_picked":["Rebound","Auto Shields+1"],"picked":"Redo","floor":20},{"not_picked":["Ball Lightning","Conserve Battery"],"picked":"Buffer","floor":25},{"not_picked":["Stack","Conserve Battery+1","Steam"],"picked":"SKIP","floor":30},{"not_picked":["Lockon+1","Steam Power","Stack"],"picked":"SKIP","floor":31},{"not_picked":["Core Surge","Thunder Strike"],"picked":"Biased Cognition","floor":33},{"not_picked":["Recycle","Sweeping Beam"],"picked":"Chaos+1","floor":35},{"not_picked":["Rebound","Compile Driver"],"picked":"Turbo","floor":36},{"not_picked":["Dark Shackles","Blind"],"picked":"Forethought","floor":39},{"not_picked":["Compile Driver","Gash+1","Consume+1"],"picked":"SKIP","floor":40},{"not_picked":["Stack","FTL"],"picked":"Redo+1","floor":45},{"not_picked":["Hologram","Fission","Rebound"],"picked":"SKIP","floor":48}],"player_experience":1220502,"relics_obtained":[{"floor":6,"key":"PreservedInsect"},{"floor":9,"key":"Kunai"},{"floor":14,"key":"Dodecahedron"},{"floor":25,"key":"Cables"},{"floor":26,"key":"Matryoshka"},{"floor":30,"key":"Blood Vial"},{"floor":40,"key":"Ginger"},{"floor":43,"key":"Symbiotic Virus"},{"floor":43,"key":"Bottled Lightning"},{"floor":45,"key":"Centennial Puzzle"},{"floor":48,"key":"The Courier"}],"event_choices":[{"cards_removed":["Injury"],"damage_healed":0,"gold_gain":0,"player_choice":"Card Removal","damage_taken":0,"max_hp_gain":0,"max_hp_loss":0,"event_name":"The Cleric","floor":3,"gold_loss":50},{"damage_healed":0,"gold_gain":0,"player_choice":"Take Wound","damage_taken":0,"relics_obtained":["Golden Idol"],"max_hp_gain":0,"max_hp_loss":0,"event_name":"Golden Idol","floor":4,"gold_loss":0,"cards_obtained":["Injury"]},{"damage_healed":0,"gold_gain":0,"player_choice":"Success","damage_taken":3,"relics_obtained":["Juzu Bracelet"],"max_hp_gain":0,"max_hp_loss":0,"event_name":"Scrap Ooze","floor":5,"gold_loss":0},{"damage_healed":25,"gold_gain":0,"player_choice":"Banana","damage_taken":0,"max_hp_gain":0,"max_hp_loss":0,"event_name":"Big Fish","floor":7,"gold_loss":0},{"damage_healed":0,"gold_gain":0,"player_choice":"Got Potions","damage_taken":0,"max_hp_gain":0,"max_hp_loss":0,"event_name":"Lab","floor":10,"gold_loss":0},{"damage_healed":0,"gold_gain":0,"player_choice":"Ignored","damage_taken":0,"max_hp_gain":0,"max_hp_loss":0,"event_name":"Shining Light","floor":13,"gold_loss":0},{"damage_healed":0,"gold_gain":0,"player_choice":"Read","damage_taken":0,"max_hp_gain":0,"max_hp_loss":0,"event_name":"The Library","floor":19,"gold_loss":0,"cards_obtained":["White Noise"]},{"cards_removed":["Injury"],"damage_healed":0,"gold_gain":0,"player_choice":"Gave Gold","damage_taken":0,"max_hp_gain":0,"max_hp_loss":0,"event_name":"Beggar","floor":22,"gold_loss":75},{"damage_healed":0,"gold_gain":275,"player_choice":"Desecrate","damage_taken":0,"max_hp_gain":0,"max_hp_loss":0,"event_name":"Golden Shrine","floor":24,"gold_loss":0,"cards_obtained":["Regret"]},{"damage_healed":0,"gold_gain":0,"cards_transformed":["Strike_B","Strike_B"],"player_choice":"Became Test Subject","damage_taken":0,"max_hp_gain":0,"max_hp_loss":0,"event_name":"Drug Dealer","floor":28,"gold_loss":0,"cards_obtained":["Go for the Eyes","Tempest"]},{"cards_removed":["Strike_B"],"damage_healed":0,"gold_gain":0,"player_choice":"Removed Attack","damage_taken":0,"max_hp_gain":0,"max_hp_loss":0,"event_name":"Falling","floor":38,"gold_loss":0},{"damage_healed":0,"gold_gain":0,"player_choice":"Memory 1","damage_taken":0,"max_hp_gain":0,"max_hp_loss":0,"event_name":"SensoryStone","floor":39,"gold_loss":0},{"damage_healed":0,"gold_gain":0,"player_choice":"Embrace Madness","damage_taken":9,"max_hp_gain":0,"max_hp_loss":0,"event_name":"Winding Halls","floor":42,"gold_loss":0,"cards_obtained":["Madness","Madness"]},{"damage_healed":0,"gold_gain":333,"player_choice":"Gave Idol","damage_taken":0,"max_hp_gain":0,"max_hp_loss":0,"event_name":"The Moai Head","floor":47,"relics_lost":["Golden Idol"],"gold_loss":0}],"is_beta":false,"boss_relics":[{"not_picked":["Ectoplasm","Sozu"],"picked":"Velvet Choker"},{"not_picked":["Runic Dome","Orrery"],"picked":"Fusion Hammer"}],"items_purged_floors":[27],"is_endless":false,"potions_floor_spawned":[1,6,20,25,33,35,40],"killed_by":"Awakened One","ascension_level":8}