{"gold_per_floor":[112,112,112,0,20,20,54,71,94,94,110,110,125,160,160,236,236,248,258,308,321,341,341,367,367,391,409,40,65,12,27,27,106,106,117,128,3,22,40,72,121,121],"floor_reached":42,"playtime":1893,"items_purged":["Strike_B","Strike_B","Strike_B+1"],"score":1110,"play_id":"ac961be3-8387-44dc-bb98-cf2fd0eb6685","local_time":"20190514031151","is_ascension_mode":true,"campfire_choices":[{"data":"Chaos","floor":6.0,"key":"SMITH"},{"data":"Zap","floor":10.0,"key":"SMITH"},{"data":"Dualcast","floor":12.0,"key":"SMITH"},{"data":"Heatsinks","floor":15.0,"key":"SMITH"},{"data":"Blizzard","floor":23.0,"key":"SMITH"},{"data":"Tempest","floor":25.0,"key":"SMITH"},{"data":"Consume","floor":32.0,"key":"SMITH"}],"neow_cost":"NONE","seed_source_timestamp":0,"circlet_count":0,"master_deck":["AscendersBane","Defend_B","Defend_B","Defend_B","Defend_B","Zap+1","Dualcast+1","Undo+1","Chaos+1","Cold Snap","Compile Driver","Heatsinks+1","Conserve Battery","All For One","Echo Form","Blizzard+1","Double Energy+1","Tempest+1","Glacier","Fusion+1","Turbo","Reinforced Body","Compile Driver+1","Consume+1","Reboot","Coolheaded","Recycle"],"special_seed":0,"relics":["FrozenCore","NeowsBlessing","Anchor","Art of War","Question Card","Nuclear Battery","Potion Belt","Strawberry","Runic Capacitor","Blood Vial","Bird Faced Urn","Torii"],"potions_floor_usage":[],"damage_taken":[{"damage":0.0,"enemies":"Small Slimes","floor":1.0,"turns":1.0},{"damage":0.0,"enemies":"2 Louse","floor":5.0,"turns":1.0},{"damage":0.0,"enemies":"Gremlin Nob","floor":7.0,"turns":1.0},{"damage":0.0,"enemies":"Cultist","floor":8.0,"turns":4.0},{"damage":3.0,"enemies":"Lots of Slimes","floor":11.0,"turns":4.0},{"damage":11.0,"enemies":"3 Louse","floor":13.0,"turns":3.0},{"damage":8.0,"enemies":"3 Sentries","floor":14.0,"turns":9.0},{"damage":8.0,"enemies":"The Guardian","floor":16.0,"turns":11.0},{"damage":2.0,"enemies":"Spheric Guardian","floor":18.0,"turns":5.0},{"damage":15.0,"enemies":"Chosen","floor":19.0,"turns":5.0},{"damage":1.0,"enemies":"Centurion and Healer","floor":21.0,"turns":8.0},{"damage":1.0,"enemies":"Shelled Parasite and Fungi","floor":22.0,"turns":7.0},{"damage":0.0,"enemies":"Gremlin Leader","floor":24.0,"turns":5.0},{"damage":7.0,"enemies":"Sentry and Sphere","floor":27.0,"turns":7.0},{"damage":23.0,"enemies":"Slavers","floor":29.0,"turns":7.0},{"damage":0.0,"enemies":"Centurion and Healer","floor":31.0,"turns":6.0},{"damage":10.0,"enemies":"Automaton","floor":33.0,"turns":10.0},{"damage":33.0,"enemies":"3 Shapes","floor":35.0,"turns":4.0},{"damage":7.0,"enemies":"3 Darklings","floor":36.0,"turns":6.0},{"damage":6.0,"enemies":"4 Shapes","floor":38.0,"turns":3.0},{"damage":11.0,"enemies":"Transient","floor":39.0,"turns":6.0},{"damage":0.0,"enemies":"Giant Head","floor":40.0,"turns":10.0},{"damage":9.0,"enemies":"2 Orb Walkers","floor":41.0,"turns":8.0},{"damage":23,"enemies":"Reptomancer","floor":42,"turns":2}],"seed_played":"6384935025523836185","potions_obtained":[{"floor":1.0,"key":"Weak Potion"},{"floor":7.0,"key":"Weak Potion"},{"floor":14.0,"key":"SkillPotion"},{"floor":16.0,"key":"LiquidBronze"},{"floor":19.0,"key":"FearPotion"},{"floor":21.0,"key":"Swift Potion"},{"floor":27.0,"key":"SkillPotion"},{"floor":29.0,"key":"GamblersBrew"},{"floor":38.0,"key":"GamblersBrew"},{"floor":39.0,"key":"Strength Potion"},{"floor":41.0,"key":"LiquidBronze"}],"is_trial":false,"path_per_floor":["M","?","?","$","M","R","E","M","T","R","M","R","M","E","R","B",null,"M","M","?","M","M","R","E","R","T","M","$","E","$","M","R","B",null,"M","M","$","M","M","E","?","E"],"character_chosen":"DEFECT","items_purchased":["Chaos","Runic Capacitor","Reinforced Body","Block Potion"],"campfire_rested":0,"item_purchase_floors":[4,28,28,30],"current_hp_per_floor":[64,43,43,43,43,43,43,43,43,43,40,40,29,21,21,13,57,55,40,40,39,38,38,38,38,45,38,38,15,15,17,17,9,61,30,25,25,21,12,14,11,0],"gold":121,"neow_bonus":"THREE_ENEMY_KILL","is_prod":false,"is_daily":false,"chose_seed":false,"campfire_upgraded":7,"win_rate":0,"timestamp":1557774711,"path_taken":["M","?","?","$","?","R","E","M","T","R","?","R","M","E","R","BOSS","M","M","?","?","M","R","E","R","T","M","$","E","?","M","R","BOSS","M","M","?","?","M","E","?","E"],"build_version":"2019-01-23","purchased_purges":3,"victory":false,"max_hp_per_floor":[71,71,71,71,71,71,71,71,71,71,71,71,71,71,71,71,71,71,71,71,71,71,71,71,71,78,78,78,78,78,78,78,78,78,78,78,78,78,78,78,78,78],"card_choices":[{"not_picked":["Double Energy","Barrage"],"picked":"Undo","floor":1.0},{"not_picked":["Scrape","Static Discharge"],"picked":"Cold Snap","floor":5.0},{"not_picked":["Steam Power","Streamline"],"picked":"Compile Driver","floor":7.0},{"not_picked":["Leap","Beam Cell","Sweeping Beam"],"picked":"SKIP","floor":8.0},{"not_picked":["Force Field","Genetic Algorithm"],"picked":"Heatsinks","floor":11.0},{"not_picked":["Steam","Redo"],"picked":"Conserve Battery","floor":13.0},{"not_picked":["Barrage","Stack"],"picked":"All For One","floor":14.0},{"not_picked":["Reboot","Fission","Multi-Cast"],"picked":"Echo Form","floor":16.0},{"not_picked":["Conserve Battery","Beam Cell","Streamline"],"picked":"Blizzard","floor":18.0},{"not_picked":["Rebound","FTL","Hologram"],"picked":"Double Energy+1","floor":19.0},{"not_picked":["Hologram","Conserve Battery","Sweeping Beam"],"picked":"Tempest","floor":21.0},{"not_picked":["Darkness","Auto Shields","Tempest"],"picked":"Glacier","floor":22.0},{"not_picked":["Doom and Gloom","Rebound","Stack+1"],"picked":"Fusion+1","floor":24.0},{"not_picked":["Double Energy","Auto Shields","Steam"],"picked":"Turbo","floor":27.0},{"not_picked":["Storm","Aggregate+1","Go for the Eyes"],"picked":"Compile Driver+1","floor":29.0},{"not_picked":["Hologram","Go for the Eyes","Blizzard"],"picked":"Consume","floor":31.0},{"not_picked":["Machine Learning","All For One","Amplify"],"picked":"Reboot","floor":33.0},{"not_picked":["Steam","Redo","Streamline+1","Stack+1"],"picked":"SKIP","floor":35.0},{"not_picked":["Reinforced Body","Hello World","Heatsinks"],"picked":"Coolheaded","floor":36.0},{"not_picked":["Cold Snap+1","Auto Shields+1","Rebound","Consume+1"],"picked":"SKIP","floor":38.0},{"not_picked":["Conserve Battery","Steam","Compile Driver","Machine Learning"],"picked":"SKIP","floor":39.0},{"not_picked":["Coolheaded","Barrage","Sweeping Beam","Fusion"],"picked":"SKIP","floor":40.0},{"not_picked":["Stack+1","Coolheaded","Ball Lightning"],"picked":"Recycle","floor":41.0}],"player_experience":1667966,"relics_obtained":[{"floor":7.0,"key":"Anchor"},{"floor":9.0,"key":"Art of War"},{"floor":14.0,"key":"Question Card"},{"floor":24.0,"key":"Potion Belt"},{"floor":26.0,"key":"Strawberry"},{"floor":29.0,"key":"Blood Vial"},{"floor":40.0,"key":"Bird Faced Urn"},{"floor":41.0,"key":"Torii"}],"event_choices":[{"damage_healed":0.0,"max_hp_gain":0.0,"max_hp_loss":0.0,"gold_gain":0.0,"event_name":"Shining Light","player_choice":"Entered Light","floor":2.0,"gold_loss":0.0,"damage_taken":21.0,"cards_upgraded":["Strike_B","Undo"]},{"cards_removed":["Strike_B"],"damage_healed":0.0,"max_hp_gain":0.0,"max_hp_loss":0.0,"gold_gain":0.0,"event_name":"Wheel of Change","player_choice":"Card Removal","floor":3.0,"gold_loss":0.0,"damage_taken":0.0},{"damage_healed":0.0,"max_hp_gain":0.0,"max_hp_loss":0.0,"gold_gain":50.0,"event_name":"Golden Shrine","player_choice":"Pray","floor":20.0,"gold_loss":0.0,"damage_taken":0.0},{"damage_healed":0.0,"max_hp_gain":0.0,"max_hp_loss":0.0,"gold_gain":0.0,"event_name":"Mysterious Sphere","player_choice":"Fight","floor":41.0,"gold_loss":0.0,"damage_taken":0.0}],"is_beta":false,"boss_relics":[{"not_picked":["White Beast Statue","Ectoplasm"],"picked":"Nuclear Battery"},{"not_picked":["Cursed Key","Fusion Hammer"],"picked":"FrozenCore"}],"items_purged_floors":[4,28,37],"is_endless":false,"potions_floor_spawned":[1,7,8,14,16,19,21,27,29,38,39,41],"killed_by":"Reptomancer","ascension_level":20}