{"gold_per_floor":[219,237,237,292,8,18,18,31,55,55,89,116,116,129,129,227,227,246,246,265,24,44,74,89,89,115,115,141,141,156,156,156,156],"floor_reached":33,"playtime":1191,"items_purged":["Strike_R"],"score":428,"play_id":"b4c21417-7866-4035-8aee-6e3f4f2a3e2d","local_time":"20190513173613","is_ascension_mode":true,"campfire_choices":[{"data":"Bash","floor":7,"key":"SMITH"},{"data":"Flame Barrier","floor":10,"key":"SMITH"},{"data":"Inflame","floor":13,"key":"SMITH"},{"data":"Carnage","floor":15,"key":"SMITH"},{"data":"True Grit","floor":27,"key":"SMITH"},{"data":"Sword Boomerang","floor":29,"key":"SMITH"},{"data":"Fiend Fire","floor":32,"key":"SMITH"}],"neow_cost":"NONE","seed_source_timestamp":807954519843500,"circlet_count":0,"master_deck":["AscendersBane","Strike_R","Strike_R","Strike_R","Defend_R","Defend_R","Defend_R","Defend_R","Bash+1","Carnage+1","Pommel Strike","Flame Barrier+1","Twin Strike","Inflame+1","Sword Boomerang+1","Exhume","Shrug It Off","Shrug It Off","Anger","True Grit+1","Burning Pact","Fiend Fire+1"],"relics":["Burning Blood","ClockworkSouvenir","Regal Pillow","PreservedInsect","Odd Mushroom","Sozu","MutagenicStrength","Meat on the Bone","Magic Flower","Ancient Tea Set","FossilizedHelix"],"potions_floor_usage":[],"damage_taken":[{"damage":12,"enemies":"Jaw Worm","floor":1,"turns":3},{"damage":2,"enemies":"2 Louse","floor":2,"turns":4},{"damage":0,"enemies":"Small Slimes","floor":6,"turns":3},{"damage":8,"enemies":"Blue Slaver","floor":8,"turns":2},{"damage":40,"enemies":"3 Sentries","floor":11,"turns":11},{"damage":13,"enemies":"The Mushroom Lair","floor":12,"turns":4},{"damage":0,"enemies":"Large Slime","floor":14,"turns":4},{"damage":30,"enemies":"The Guardian","floor":16,"turns":12},{"damage":0,"enemies":"Spheric Guardian","floor":18,"turns":3},{"damage":12,"enemies":"Shell Parasite","floor":20,"turns":3},{"damage":19,"enemies":"Shelled Parasite and Fungi","floor":22,"turns":5},{"damage":8,"enemies":"Gremlin Leader","floor":23,"turns":4},{"damage":18,"enemies":"Snake Plant","floor":24,"turns":3},{"damage":5,"enemies":"Slavers","floor":28,"turns":4},{"damage":16,"enemies":"Centurion and Healer","floor":30,"turns":4},{"damage":68,"enemies":"Automaton","floor":33,"turns":6}],"seed_played":"1224859596848549942","potions_obtained":[{"floor":2,"key":"Dexterity Potion"},{"floor":6,"key":"SpeedPotion"},{"floor":11,"key":"Energy Potion"}],"is_trial":false,"path_per_floor":["M","M","?","?","$","M","R","M","T","R","E","?","R","M","R","B",null,"M","?","M","$","M","E","M","?","T","R","E","R","M","?","R","B"],"character_chosen":"IRONCLAD","items_purchased":["ClockworkSouvenir","Meat on the Bone"],"campfire_rested":0,"item_purchase_floors":[5,21],"current_hp_per_floor":[66,70,75,75,75,81,81,79,79,79,45,38,38,44,44,20,69,75,75,69,69,56,54,63,63,63,63,67,67,60,60,60,0],"gold":156,"neow_bonus":"HUNDRED_GOLD","is_prod":false,"is_daily":false,"chose_seed":false,"campfire_upgraded":7,"win_rate":0,"timestamp":1557794173,"path_taken":["M","M","?","?","$","M","R","M","T","R","E","?","R","M","R","BOSS","M","?","M","$","M","E","M","?","T","R","E","R","?","?","R","BOSS"],"build_version":"2019-01-23","purchased_purges":1,"victory":false,"max_hp_per_floor":[80,80,85,85,85,85,85,85,85,85,85,85,85,85,85,85,85,85,85,85,85,85,85,85,85,85,85,85,85,85,85,85,85],"card_choices":[{"not_picked":["Havoc","Warcry"],"picked":"Carnage","floor":1},{"not_picked":["Sentinel","Dual Wield"],"picked":"Pommel Strike","floor":2},{"not_picked":["Power Through","Carnage","Dual Wield"],"picked":"SKIP","floor":6},{"not_picked":["Sword Boomerang","Thunderclap"],"picked":"Flame Barrier","floor":8},{"not_picked":["Dark Embrace","Corruption"],"picked":"Twin Strike","floor":11},{"not_picked":["Shockwave","Twin Strike"],"picked":"Inflame","floor":12},{"not_picked":["Power Through","Wild Strike"],"picked":"Sword Boomerang","floor":14},{"not_picked":["Barricade","Bludgeon"],"picked":"Exhume","floor":16},{"not_picked":["Spot Weakness","Sword Boomerang"],"picked":"Shrug It Off","floor":18},{"not_picked":["Feel No Pain","Metallicize"],"picked":"Shrug It Off","floor":20},{"not_picked":["Armaments","Body Slam","Second Wind"],"picked":"SKIP","floor":22},{"not_picked":["Corruption","Ghostly Armor"],"picked":"Anger","floor":23},{"not_picked":["Armaments+1","Ghostly Armor"],"picked":"True Grit","floor":24},{"not_picked":["True Grit+1","Rampage","Armaments"],"picked":"SKIP","floor":28},{"not_picked":["Twin Strike","Perfected Strike+1"],"picked":"Burning Pact","floor":30}],"player_experience":471589,"relics_obtained":[{"floor":9,"key":"Regal Pillow"},{"floor":11,"key":"PreservedInsect"},{"floor":12,"key":"Odd Mushroom"},{"floor":23,"key":"Magic Flower"},{"floor":26,"key":"Ancient Tea Set"},{"floor":28,"key":"FossilizedHelix"}],"event_choices":[{"damage_healed":0,"gold_gain":0,"player_choice":"Donut","damage_taken":0,"max_hp_gain":5,"max_hp_loss":0,"event_name":"Big Fish","floor":3,"gold_loss":0},{"damage_healed":0,"gold_gain":55,"player_choice":"Gained Gold","damage_taken":0,"max_hp_gain":0,"max_hp_loss":0,"event_name":"Golden Wing","floor":4,"gold_loss":0},{"damage_healed":0,"gold_gain":0,"player_choice":"Fought Mushrooms","damage_taken":0,"max_hp_gain":0,"max_hp_loss":0,"event_name":"Mushrooms","floor":12,"gold_loss":0},{"damage_healed":0,"gold_gain":0,"player_choice":"Inject Mutagens","damage_taken":0,"relics_obtained":["MutagenicStrength"],"max_hp_gain":0,"max_hp_loss":0,"event_name":"Drug Dealer","floor":19,"gold_loss":0},{"cards_removed":["Strike_R"],"damage_healed":0,"gold_gain":0,"player_choice":"Purged","damage_taken":0,"max_hp_gain":0,"max_hp_loss":0,"event_name":"Purifier","floor":25,"gold_loss":0},{"damage_healed":0,"gold_gain":0,"player_choice":"Read","damage_taken":0,"max_hp_gain":0,"max_hp_loss":0,"event_name":"The Library","floor":31,"gold_loss":0,"cards_obtained":["Fiend Fire"]}],"is_beta":false,"boss_relics":[{"not_picked":["Astrolabe","Runic Dome"],"picked":"Sozu"}],"items_purged_floors":[5],"is_endless":false,"potions_floor_spawned":[2,6,11,16,22,24,30],"killed_by":"Automaton","ascension_level":10}