{"gold_per_floor":[115,133,133,150,150,161,161,161,161,161,161,175,204,216,216,315,315,335,335,5,5,19,19,0,16,42,42],"floor_reached":27,"playtime":5048,"items_purged":["Strike_B"],"score":288,"play_id":"3b1f44a8-401e-4d7c-bd3e-3148854a6bde","local_time":"20181109213422","is_ascension_mode":true,"campfire_choices":[{"data":"Undo","floor":8,"key":"SMITH"},{"data":"Zap","floor":11,"key":"SMITH"},{"floor":15,"key":"REST"},{"floor":23,"key":"REST"}],"neow_cost":"PERCENT_DAMAGE","seed_source_timestamp":248214782208100,"circlet_count":0,"master_deck":["Strike_B","Defend_B","Defend_B","Defend_B","Defend_B","Zap+1","Dualcast","Undo+1","Conserve Battery+1","Heatsinks","Consume","Blizzard","Creative AI","Self Repair","White Noise","Redo","Redo","Defragment","Tempest+1"],"relics":["Cracked Core","Bird Faced Urn","Kunai","Nunchaku","Eternal Feather","Membership Card","Regal Pillow"],"potions_floor_usage":[4,13,16,27],"damage_taken":[{"damage":4,"enemies":"2 Louse","floor":1,"turns":3},{"damage":0,"enemies":"Jaw Worm","floor":2,"turns":4},{"damage":0,"enemies":"Cultist","floor":4,"turns":4},{"damage":12,"enemies":"3 Louse","floor":6,"turns":4},{"damage":0,"enemies":"2 Fungi Beasts","floor":12,"turns":4},{"damage":10,"enemies":"Lagavulin","floor":13,"turns":7},{"damage":9,"enemies":"Red Slaver","floor":14,"turns":4},{"damage":29,"enemies":"Hexaghost","floor":16,"turns":9},{"damage":27,"enemies":"Chosen","floor":18,"turns":7},{"damage":38,"enemies":"3 Byrds","floor":22,"turns":7},{"damage":44,"enemies":"Snecko","floor":25,"turns":6},{"damage":57,"enemies":"Sentry and Sphere","floor":27,"turns":5}],"seed_played":"-8093638567551592223","potions_obtained":[{"floor":1,"key":"Swift Potion"},{"floor":4,"key":"LiquidBronze"},{"floor":13,"key":"PowerPotion"},{"floor":18,"key":"Explosive Potion"}],"is_trial":false,"path_per_floor":["M","M","?","M","?","M","?","R","T","?","R","M","E","M","R","B",null,"M","?","$","?","M","R","$","M","T","M"],"character_chosen":"DEFECT","items_purchased":["Membership Card","Self Repair","White Noise","Redo","Defragment"],"campfire_rested":2,"item_purchase_floors":[20,20,20,20,24],"current_hp_per_floor":[46,46,46,46,46,34,59,59,59,59,59,59,51,44,66,55,70,55,55,55,55,30,61,61,42,42,0],"gold":42,"neow_bonus":"ONE_RARE_RELIC","is_prod":false,"is_daily":false,"chose_seed":false,"campfire_upgraded":2,"win_rate":0,"timestamp":1541795662,"path_taken":["M","M","?","M","?","M","?","R","T","?","R","M","E","M","R","BOSS","M","?","$","?","M","R","$","M","T","M"],"build_version":"2018-11-08","purchased_purges":1,"victory":false,"max_hp_per_floor":[75,75,75,75,75,75,75,75,75,75,75,75,75,75,75,75,75,75,75,75,75,75,75,75,75,75,75],"card_choices":[{"not_picked":["Stack","Ball Lightning"],"picked":"Undo","floor":1},{"not_picked":["Stack","Hologram"],"picked":"Conserve Battery","floor":2},{"not_picked":["Force Field","Thunder Strike","Leap"],"picked":"SKIP","floor":4},{"not_picked":["Conserve Battery","Force Field","Steam"],"picked":"SKIP","floor":6},{"not_picked":["Leap","Compile Driver"],"picked":"Heatsinks","floor":12},{"not_picked":["Go for the Eyes","Fusion"],"picked":"Consume","floor":13},{"not_picked":["Leap","Hologram"],"picked":"Blizzard","floor":14},{"not_picked":["Thunder Strike","Multi-Cast"],"picked":"Creative AI","floor":16},{"not_picked":["Compile Driver","Auto Shields","Rip and Tear"],"picked":"SKIP","floor":18},{"not_picked":["Hello World","Stack"],"picked":"Redo","floor":22},{"not_picked":["Beam Cell","Go for the Eyes"],"picked":"Tempest+1","floor":25}],"player_experience":871214,"relics_obtained":[{"floor":9,"key":"Kunai"},{"floor":13,"key":"Nunchaku"},{"floor":26,"key":"Regal Pillow"}],"event_choices":[{"damage_healed":0,"gold_gain":0,"player_choice":"Grow","damage_taken":0,"max_hp_gain":0,"max_hp_loss":0,"event_name":"Living Wall","floor":3,"gold_loss":0,"cards_upgraded":["Conserve Battery"]},{"damage_healed":0,"gold_gain":0,"player_choice":"Fled","damage_taken":0,"max_hp_gain":0,"max_hp_loss":0,"event_name":"Scrap Ooze","floor":5,"gold_loss":0},{"damage_healed":25,"gold_gain":0,"player_choice":"Banana","damage_taken":0,"max_hp_gain":0,"max_hp_loss":0,"event_name":"Big Fish","floor":7,"gold_loss":0},{"cards_removed":["Strike_B"],"damage_healed":0,"gold_gain":0,"player_choice":"Offered Basic","damage_taken":0,"max_hp_gain":0,"max_hp_loss":0,"event_name":"Bonfire Elementals","floor":10,"gold_loss":0},{"damage_healed":0,"gold_gain":0,"player_choice":"Ignored","damage_taken":0,"max_hp_gain":0,"max_hp_loss":0,"event_name":"Cursed Tome","floor":19,"gold_loss":0},{"cards_removed":["Strike_B"],"damage_healed":0,"gold_gain":0,"player_choice":"Elegance","damage_taken":0,"max_hp_gain":0,"max_hp_loss":0,"event_name":"Back to Basics","floor":21,"gold_loss":0}],"is_beta":false,"boss_relics":[{"not_picked":["Inserter","Coffee Dripper"],"picked":"Eternal Feather"}],"items_purged_floors":[20],"is_endless":false,"potions_floor_spawned":[1,4,13,18],"killed_by":"Sentry and Sphere","ascension_level":7}