{"gold_per_floor":[117,76,95,95,105,105,138,138,138,152,118,138,167,442,442,442],"floor_reached":16,"playtime":794,"items_purged":[],"score":176,"play_id":"25102b87-2759-44f4-9fe7-0b778437d258","local_time":"20190505015242","is_ascension_mode":true,"campfire_choices":[{"data":"Buffer","floor":6,"key":"SMITH"},{"data":"Self Repair","floor":8,"key":"SMITH"},{"data":"Loop","floor":15,"key":"SMITH"}],"neow_cost":"PERCENT_DAMAGE","seed_source_timestamp":104826968375600,"circlet_count":0,"master_deck":["AscendersBane","Strike_B","Strike_B","Strike_B","Strike_B","Defend_B","Defend_B","Defend_B","Defend_B","Zap","Dualcast","Buffer+1","Undo","Self Repair+1","White Noise","Echo Form","Loop+1","Capacitor","Biased Cognition","Regret"],"relics":["Cracked Core","Dodecahedron","Question Card","The Courier"],"potions_floor_usage":[10,12],"damage_taken":[{"damage":8,"enemies":"2 Louse","floor":1,"turns":3},{"damage":15,"enemies":"Cultist","floor":3,"turns":5},{"damage":0,"enemies":"Small Slimes","floor":5,"turns":4},{"damage":4,"enemies":"Lagavulin","floor":7,"turns":8},{"damage":0,"enemies":"2 Fungi Beasts","floor":10,"turns":5},{"damage":21,"enemies":"Exordium Thugs","floor":12,"turns":7},{"damage":32,"enemies":"3 Sentries","floor":13,"turns":9},{"damage":64,"enemies":"Hexaghost","floor":16,"turns":11}],"seed_played":"154707509247868590","potions_obtained":[{"floor":3,"key":"Swift Potion"},{"floor":7,"key":"Swift Potion"}],"is_trial":false,"path_per_floor":["M","$","M","?","M","R","E","R","T","M","$","M","E","?","R","B"],"character_chosen":"DEFECT","items_purchased":["Self Repair","Loop"],"campfire_rested":0,"item_purchase_floors":[2,11],"current_hp_per_floor":[42,42,34,75,75,75,75,75,75,75,75,74,62,62,62,0],"gold":442,"neow_bonus":"THREE_RARE_CARDS","is_prod":false,"is_daily":false,"chose_seed":false,"campfire_upgraded":3,"win_rate":0,"timestamp":1557013962,"path_taken":["M","$","M","?","?","R","E","R","T","M","$","M","E","?","R","BOSS"],"build_version":"2019-01-23","purchased_purges":0,"victory":false,"max_hp_per_floor":[75,75,75,75,75,75,75,75,75,75,75,75,75,75,75,75],"card_choices":[{"not_picked":["Reboot","Rainbow"],"picked":"Buffer","floor":0},{"not_picked":["Redo","Cold Snap"],"picked":"Undo","floor":1},{"not_picked":["Steam","Chaos"],"picked":"Undo","floor":3},{"not_picked":["Beam Cell","Gash","Ball Lightning"],"picked":"SKIP","floor":5},{"not_picked":["Beam Cell","Gash","Ball Lightning"],"picked":"SKIP","floor":5},{"not_picked":["Melter","Gash"],"picked":"White Noise","floor":7},{"not_picked":["Steam Power","Beam Cell","Rip and Tear"],"picked":"Echo Form","floor":10},{"not_picked":["Undo","Cold Snap","Heatsinks"],"picked":"Capacitor","floor":12},{"not_picked":["Steam","Genetic Algorithm","Double Energy"],"picked":"Biased Cognition","floor":13}],"player_experience":1807639,"relics_obtained":[{"floor":7,"key":"Dodecahedron"},{"floor":9,"key":"Question Card"},{"floor":13,"key":"The Courier"}],"event_choices":[{"cards_removed":["Undo"],"damage_healed":41,"gold_gain":0,"player_choice":"Offered Uncommon","damage_taken":0,"max_hp_gain":0,"max_hp_loss":0,"event_name":"Bonfire Elementals","floor":4,"gold_loss":0},{"damage_healed":0,"gold_gain":275,"player_choice":"Desecrate","damage_taken":0,"max_hp_gain":0,"max_hp_loss":0,"event_name":"Golden Shrine","floor":14,"gold_loss":0,"cards_obtained":["Regret"]}],"is_beta":false,"boss_relics":[],"items_purged_floors":[],"is_endless":false,"potions_floor_spawned":[3,7],"killed_by":"Hexaghost","ascension_level":12}