{"gold_per_floor":[213,229,229,248,266,266,45,74,101,101,116,116,11,45,45,45],"floor_reached":16,"playtime":989,"items_purged":[],"score":143,"play_id":"60af02c1-1623-47aa-a106-5e7f262beb6f","local_time":"20190122174913","is_ascension_mode":true,"campfire_choices":[{"data":"Hello World","floor":6,"key":"SMITH"},{"data":"Mayhem","floor":10,"key":"SMITH"},{"floor":15,"key":"REST"}],"neow_cost":"NONE","seed_source_timestamp":1122250640753283,"circlet_count":0,"master_deck":["Strike_B","Strike_B","Strike_B","Strike_B","Defend_B","Defend_B","Defend_B","Defend_B","Zap","Dualcast","Hello World+1","Hologram","Rebound","Heatsinks","Self Repair","Mayhem+1","Defragment","Beam Cell","Heatsinks","Leap","Thunder Strike"],"relics":["Cracked Core","Strawberry","Bag of Marbles","Centennial Puzzle","Lantern"],"potions_floor_usage":[8,12,14],"damage_taken":[{"damage":1,"enemies":"Cultist","floor":1,"turns":3},{"damage":2,"enemies":"Jaw Worm","floor":2,"turns":3},{"damage":0,"enemies":"Small Slimes","floor":4,"turns":3},{"damage":11,"enemies":"Looter","floor":5,"turns":4},{"damage":20,"enemies":"Lagavulin","floor":8,"turns":7},{"damage":0,"enemies":"3 Louse","floor":11,"turns":4},{"damage":0,"enemies":"3 Sentries","floor":12,"turns":1},{"damage":31,"enemies":"3 Sentries","floor":14,"turns":7},{"damage":51,"enemies":"Slime Boss","floor":16,"turns":8}],"seed_played":"5269365987672497128","potions_obtained":[{"floor":1,"key":"SmokeBomb"},{"floor":4,"key":"SkillPotion"},{"floor":11,"key":"LiquidBronze"}],"is_trial":false,"path_per_floor":["M","M","?","M","M","R","$","E","T","R","M","?","$","E","R","B"],"character_chosen":"DEFECT","items_purchased":["Self Repair","Mayhem","Heatsinks","Leap"],"campfire_rested":1,"item_purchase_floors":[7,7,13,13],"current_hp_per_floor":[67,65,65,65,54,54,54,41,41,41,48,48,48,24,48,0],"gold":45,"neow_bonus":"HUNDRED_GOLD","is_prod":false,"is_daily":false,"chose_seed":false,"campfire_upgraded":2,"win_rate":0,"timestamp":1548208153,"path_taken":["M","M","?","M","M","R","$","E","T","R","M","?","$","E","R","BOSS"],"build_version":"2019-01-17v2","purchased_purges":0,"victory":false,"max_hp_per_floor":[75,75,82,82,82,82,82,82,82,82,82,82,82,82,82,82],"card_choices":[{"not_picked":["Turbo","Beam Cell"],"picked":"Hello World","floor":1},{"not_picked":["Skim","Steam Power"],"picked":"Hologram","floor":2},{"not_picked":["Compile Driver","Auto Shields"],"picked":"Rebound","floor":4},{"not_picked":["Beam Cell","Rebound"],"picked":"Heatsinks","floor":5},{"not_picked":["Coolheaded","Leap"],"picked":"Defragment","floor":8},{"not_picked":["Compile Driver","Barrage"],"picked":"Beam Cell","floor":11},{"not_picked":["Reboot","Turbo"],"picked":"Thunder Strike","floor":14}],"player_experience":606065,"relics_obtained":[{"floor":8,"key":"Bag of Marbles"},{"floor":9,"key":"Centennial Puzzle"},{"floor":14,"key":"Lantern"}],"event_choices":[{"damage_healed":0,"gold_gain":0,"player_choice":"Success","damage_taken":7,"relics_obtained":["Strawberry"],"max_hp_gain":0,"max_hp_loss":0,"event_name":"Scrap Ooze","floor":3,"gold_loss":0},{"damage_healed":0,"gold_gain":0,"player_choice":"Searched \u00271\u0027 times","damage_taken":0,"max_hp_gain":0,"max_hp_loss":0,"event_name":"Dead Adventurer","floor":12,"gold_loss":0}],"is_beta":false,"boss_relics":[],"items_purged_floors":[],"is_endless":false,"potions_floor_spawned":[1,4,11,12],"killed_by":"Slime Boss","ascension_level":6}