{"gold_per_floor":[119,119,2,177,177,177,206,206,229,229,239,258,270,297,297,398,398,383,398,49,49,72,72,72,72,95,95,123,123,123,48,48,147,147,162,14,0,0,10,10,10],"floor_reached":41,"playtime":1484,"items_purged":["Normality"],"score":682,"play_id":"d43e99b0-8678-481d-ae47-efa0be228918","local_time":"20190413142339","is_ascension_mode":true,"campfire_choices":[{"floor":6,"key":"REST"},{"floor":8,"key":"REST"},{"data":"Darkness","floor":10,"key":"SMITH"},{"floor":15,"key":"REST"},{"data":"Darkness","floor":24,"key":"SMITH"},{"data":"Darkness","floor":27,"key":"SMITH"},{"floor":30,"key":"REST"},{"floor":32,"key":"REST"},{"floor":40,"key":"REST"}],"neow_cost":"CURSE","seed_source_timestamp":221575203780900,"circlet_count":0,"master_deck":["AscendersBane","Strike_B","Strike_B","Strike_B","Defend_B","Defend_B","Defend_B","Defend_B","Zap","Dualcast","Core Surge","Defragment","Lockon","Darkness+1","Darkness+1","Double Energy","Auto Shields","Hologram","Doom and Gloom","Biased Cognition","Double Energy","Conserve Battery+1","Darkness+1","Echo Form","Injury","Decay","Self Repair"],"relics":["Cracked Core","Meat on the Bone","Spirit Poop","Mango","Blood Vial","WingedGreaves","Lizard Tail","Lee\u0027s Waffle","Anchor","Ancient Tea Set","Art of War","Juzu Bracelet","Calling Bell","Orichalcum","Mercury Hourglass","Turnip","Red Mask"],"potions_floor_usage":[13,16,19,28,41],"damage_taken":[{"damage":16,"enemies":"Small Slimes","floor":1,"turns":3},{"damage":45,"enemies":"3 Sentries","floor":7,"turns":8},{"damage":2,"enemies":"2 Louse","floor":11,"turns":3},{"damage":1,"enemies":"Cultist","floor":12,"turns":3},{"damage":5,"enemies":"Lots of Slimes","floor":13,"turns":5},{"damage":27,"enemies":"Lagavulin","floor":14,"turns":5},{"damage":29,"enemies":"Slime Boss","floor":16,"turns":7},{"damage":29,"enemies":"2 Thieves","floor":18,"turns":5},{"damage":44,"enemies":"Shell Parasite","floor":19,"turns":7},{"damage":40,"enemies":"Slavers","floor":28,"turns":6},{"damage":141,"enemies":"Collector","floor":33,"turns":11},{"damage":15,"enemies":"3 Shapes","floor":35,"turns":5},{"damage":27,"enemies":"Orb Walker","floor":39,"turns":4},{"damage":122,"enemies":"Nemesis","floor":41,"turns":6}],"seed_played":"5528076917238619922","potions_obtained":[{"floor":7,"key":"Energy Potion"},{"floor":14,"key":"AttackPotion"},{"floor":18,"key":"SneckoOil"},{"floor":19,"key":"AttackPotion"},{"floor":35,"key":"SteroidPotion"}],"is_trial":false,"path_per_floor":["M","?","$","?","?","R","E","R","T","R","M","M","M","E","R","B",null,"M","M","$","?","T","?","R","$","T","R","E","?","R","?","R","B",null,"M","$","?","?","M","R","E"],"character_chosen":"DEFECT","items_purchased":["Lockon","Darkness","Lee\u0027s Waffle","Anchor","Self Repair"],"campfire_rested":6,"item_purchase_floors":[3,3,20,20,36],"current_hp_per_floor":[52,49,49,49,49,71,52,78,78,78,78,79,76,51,77,50,79,52,22,96,96,96,96,96,96,96,96,56,37,67,67,97,37,85,72,72,72,72,59,87,0],"gold":10,"neow_bonus":"THREE_RARE_CARDS","is_prod":false,"is_daily":false,"chose_seed":false,"campfire_upgraded":3,"win_rate":0,"timestamp":1555158219,"path_taken":["M","?","$","?","?","R","E","R","T","R","M","M","M","E","R","BOSS","M","?","?","?","?","?","R","$","T","R","E","?","R","?","R","BOSS","M","$","?","?","M","R","E"],"build_version":"2019-01-23","purchased_purges":1,"victory":false,"max_hp_per_floor":[75,75,75,75,75,75,89,89,89,89,89,89,89,89,89,89,89,89,89,96,96,96,96,96,96,96,96,96,101,101,101,101,101,101,101,101,101,96,96,96,96],"card_choices":[{"not_picked":["Buffer","Thunder Strike"],"picked":"Core Surge","floor":0},{"not_picked":["Streamline","Go for the Eyes"],"picked":"Defragment","floor":1},{"not_picked":["Melter","FTL"],"picked":"Darkness","floor":7},{"not_picked":["Leap","Melter"],"picked":"Double Energy","floor":11},{"not_picked":["Undo","Reprogram"],"picked":"Auto Shields","floor":12},{"not_picked":["Melter","Turbo"],"picked":"Hologram","floor":13},{"not_picked":["Hologram","Compile Driver"],"picked":"Doom and Gloom","floor":14},{"not_picked":["Multi-Cast","Fission"],"picked":"Biased Cognition","floor":16},{"not_picked":["Conserve Battery","Lockon"],"picked":"Double Energy","floor":18},{"not_picked":["Fusion","Streamline+1"],"picked":"Conserve Battery+1","floor":19},{"not_picked":["Genetic Algorithm","Hello World","Cold Snap"],"picked":"SKIP","floor":28},{"not_picked":["Creative AI","Hyperbeam"],"picked":"Echo Form","floor":33},{"not_picked":["Cold Snap+1","Gash","Rebound"],"picked":"SKIP","floor":35},{"not_picked":["Gash","Tempest","Ball Lightning+1"],"picked":"SKIP","floor":39}],"player_experience":1686242,"relics_obtained":[{"floor":7,"key":"Mango"},{"floor":9,"key":"Blood Vial"},{"floor":14,"key":"WingedGreaves"},{"floor":22,"key":"Ancient Tea Set"},{"floor":26,"key":"Art of War"},{"floor":28,"key":"Juzu Bracelet"},{"floor":34,"key":"Orichalcum"},{"floor":34,"key":"Mercury Hourglass"},{"floor":34,"key":"Turnip"}],"event_choices":[{"damage_healed":0,"gold_gain":0,"player_choice":"Success","damage_taken":3,"relics_obtained":["Meat on the Bone"],"max_hp_gain":0,"max_hp_loss":0,"event_name":"Scrap Ooze","floor":2,"gold_loss":0},{"damage_healed":0,"gold_gain":175,"player_choice":"AGREE","damage_taken":0,"max_hp_gain":0,"max_hp_loss":0,"event_name":"Liars Game","floor":4,"gold_loss":0,"cards_obtained":["Doubt"]},{"cards_removed":["Normality"],"damage_healed":0,"gold_gain":0,"player_choice":"Offered Curse","damage_taken":0,"relics_obtained":["Spirit Poop"],"max_hp_gain":0,"max_hp_loss":0,"event_name":"Bonfire Elementals","floor":5,"gold_loss":0},{"damage_healed":0,"gold_gain":0,"player_choice":"Read","damage_taken":0,"max_hp_gain":0,"max_hp_loss":0,"event_name":"The Library","floor":21,"gold_loss":0,"cards_obtained":["Darkness"]},{"cards_removed":["Doubt"],"damage_healed":0,"gold_gain":0,"player_choice":"Purged","damage_taken":0,"max_hp_gain":0,"max_hp_loss":0,"event_name":"Purifier","floor":23,"gold_loss":0},{"damage_healed":0,"gold_gain":0,"player_choice":"Shed Blood","damage_taken":24,"max_hp_gain":5,"max_hp_loss":0,"event_name":"Forgotten Altar","floor":29,"gold_loss":0},{"cards_removed":["Strike_B"],"damage_healed":0,"gold_gain":0,"player_choice":"Gave Gold","damage_taken":0,"max_hp_gain":0,"max_hp_loss":0,"event_name":"Beggar","floor":31,"gold_loss":75},{"damage_healed":0,"gold_gain":0,"player_choice":"Paid","damage_taken":0,"relics_obtained":["Red Mask"],"max_hp_gain":0,"max_hp_loss":0,"event_name":"Tomb of Lord Red Mask","floor":37,"gold_loss":14},{"damage_healed":0,"gold_gain":0,"player_choice":"Max HP","damage_taken":0,"max_hp_gain":0,"max_hp_loss":5,"event_name":"Winding Halls","floor":38,"gold_loss":0}],"is_beta":false,"boss_relics":[{"not_picked":["Cursed Key","Empty Cage"],"picked":"Lizard Tail"},{"not_picked":["Nuclear Battery","Eternal Feather"],"picked":"Calling Bell"}],"items_purged_floors":[36],"is_endless":false,"potions_floor_spawned":[7,14,18,19,35],"killed_by":"Nemesis","ascension_level":12}