{"gold_per_floor":[412,428,4,4,79,79,79,98,98,98,98,98,3,38,38,135,135,146,146,160,173,56,56],"floor_reached":23,"playtime":1084,"items_purged":["Doubt","Regret"],"score":187,"play_id":"69c31112-801b-418d-aecd-f35b6dd9392f","local_time":"20181008123351","is_ascension_mode":false,"campfire_choices":[{"data":"Sadistic Nature","floor":6,"key":"SMITH"},{"data":"Evolve","floor":10,"key":"SMITH"},{"floor":12,"key":"REST"},{"floor":15,"key":"REST"}],"neow_cost":"CURSE","seed_source_timestamp":123012114700,"circlet_count":0,"master_deck":["Strike_R","Strike_R+1","Strike_R","Strike_R","Defend_R","Defend_R","Defend_R","Defend_R","Bash","Anger+1","Evolve+1","Sadistic Nature+1","Heavy Blade","Metallicize","True Grit","Evolve","Dark Embrace","Spot Weakness+1","Metallicize","Body Slam","Inflame"],"relics":["Burning Blood","Old Coin","Bag of Marbles","Gremlin Horn","Mummified Hand","Smiling Mask","White Beast Statue","Regal Pillow"],"potions_floor_usage":[2,2,14,14,14,18,20,21,23],"damage_taken":[{"damage":13,"enemies":"Small Slimes","floor":1,"turns":5},{"damage":1,"enemies":"Jaw Worm","floor":2,"turns":3},{"damage":10,"enemies":"2 Louse","floor":8,"turns":2},{"damage":29,"enemies":"Lagavulin","floor":14,"turns":7},{"damage":34,"enemies":"Slime Boss","floor":16,"turns":9},{"damage":7,"enemies":"Chosen","floor":18,"turns":5},{"damage":21,"enemies":"Spheric Guardian","floor":20,"turns":5},{"damage":35,"enemies":"Centurion and Healer","floor":21,"turns":6},{"damage":40,"enemies":"Book of Stabbing","floor":23,"turns":4}],"seed_played":"-7672818784097457389","potions_obtained":[{"floor":1,"key":"EntropicBrew"},{"floor":14,"key":"AttackPotion"},{"floor":18,"key":"FearPotion"},{"floor":20,"key":"Poison Potion"},{"floor":21,"key":"LiquidBronze"}],"is_trial":false,"path_per_floor":["M","M","$","?","?","R","?","M","T","R","?","R","$","E","R","B",null,"M","?","M","M","$"],"character_chosen":"IRONCLAD","items_purchased":["Sadistic Nature","Bag of Marbles","Metallicize","True Grit","Inflame"],"campfire_rested":2,"item_purchase_floors":[3,3,13,13,22],"current_hp_per_floor":[73,78,78,78,67,67,67,63,63,63,47,71,71,48,72,44,80,79,79,64,35,35,0],"gold":56,"neow_bonus":"ONE_RARE_RELIC","is_prod":false,"is_daily":false,"chose_seed":false,"campfire_upgraded":2,"win_rate":0,"timestamp":1538994831,"path_taken":["M","M","$","?","?","R","?","?","T","R","?","R","$","E","R","BOSS","M","?","M","?","$","E"],"build_version":"2018-10-04v2","purchased_purges":2,"victory":false,"max_hp_per_floor":[80,80,80,80,80,80,80,80,80,80,80,80,80,80,80,80,80,80,80,80,80,80,80],"card_choices":[{"not_picked":["Pommel Strike","Second Wind"],"picked":"Anger","floor":1},{"not_picked":["Perfected Strike","Warcry"],"picked":"Evolve","floor":2},{"not_picked":["Perfected Strike","Clash"],"picked":"Heavy Blade","floor":8},{"not_picked":["Barricade","Intimidate"],"picked":"Evolve","floor":14},{"not_picked":["Feed","Reaper"],"picked":"Dark Embrace","floor":16},{"not_picked":["Perfected Strike+1","Heavy Blade"],"picked":"Spot Weakness+1","floor":18},{"not_picked":["Reckless Charge+1","Fire Breathing"],"picked":"Metallicize","floor":20},{"not_picked":["Disarm","Shrug It Off"],"picked":"Body Slam","floor":21}],"player_experience":578649,"relics_obtained":[{"floor":9,"key":"Mummified Hand"},{"floor":14,"key":"Smiling Mask"}],"event_choices":[{"event_name":"Living Wall","player_choice":"Forget","floor":4,"damage_taken":0},{"event_name":"World of Goop","player_choice":"Gather Gold","floor":5,"damage_taken":0},{"event_name":"Big Fish","player_choice":"Box","floor":7,"damage_taken":0},{"event_name":"Shining Light","player_choice":"Entered Light","floor":11,"damage_taken":0},{"event_name":"The Mausoleum","player_choice":"Yes","floor":19,"damage_taken":0}],"is_beta":false,"boss_relics":[{"not_picked":["Snecko Eye","Ectoplasm"],"picked":"White Beast Statue"}],"items_purged_floors":[3,22],"is_endless":false,"potions_floor_spawned":[1,14,16,18,20,21],"killed_by":"Book of Stabbing","ascension_level":0}