{"gold_per_floor":[117,117,117,43,43,43,59,59,111,36,111,135,154,203,203,326,326,344,368,368,368,73,116,134,134,134,134,43,43,43,55,55,155,155,171,171,121,121,136,136,136,136,136,136,0,11,27,43,43,43],"floor_reached":50,"playtime":2328,"items_purged":["Injury","Strike_R"],"score":744,"play_id":"252a6f84-1e2d-4715-9502-69a06dbc27fa","local_time":"20190223023510","is_ascension_mode":true,"campfire_choices":[{"data":"Armaments","floor":6,"key":"SMITH"},{"floor":8,"key":"REST"},{"data":"Double Tap","floor":15,"key":"SMITH"},{"data":"Reaper","floor":25,"key":"SMITH"},{"data":"Battle Trance","floor":27,"key":"SMITH"},{"data":"Madness","floor":30,"key":"SMITH"},{"data":"Metamorphosis","floor":32,"key":"SMITH"},{"data":"Flame Barrier","floor":40,"key":"SMITH"},{"data":"Transmutation","floor":42,"key":"SMITH"},{"data":"Flex","floor":44,"key":"SMITH"},{"floor":49,"key":"REST"}],"neow_cost":"CURSE","seed_source_timestamp":491158754700400,"circlet_count":0,"master_deck":["AscendersBane","Strike_R","Strike_R","Defend_R","Defend_R","Defend_R","Defend_R","Bash+1","Metamorphosis+1","Good Instincts","Armaments+1","Double Tap+1","Headbutt+1","Flame Barrier+1","Reaper+1","Shockwave","Iron Wave","Fiend Fire","Whirlwind+1","Battle Trance+1","Madness+1","Impervious","Whirlwind+1","Flex+1","Transmutation+1","Rampage+1","Uppercut+1","Pummel"],"relics":["Black Blood","Art of War","Bloody Idol","Lantern","Whetstone","Ginger","Pear","Smiling Mask","Lizard Tail","Dodecahedron","Red Mask"],"potions_floor_usage":[20,23,33,39,46,50],"damage_taken":[{"damage":0,"enemies":"Cultist","floor":1,"turns":3},{"damage":1,"enemies":"Jaw Worm","floor":7,"turns":4},{"damage":0,"enemies":"2 Louse","floor":12,"turns":2},{"damage":13,"enemies":"Large Slime","floor":13,"turns":4},{"damage":0,"enemies":"Slime Boss","floor":16,"turns":3},{"damage":45,"enemies":"2 Thieves","floor":18,"turns":5},{"damage":5,"enemies":"3 Byrds","floor":19,"turns":4},{"damage":1,"enemies":"Colosseum Slavers","floor":20,"turns":2},{"damage":17,"enemies":"Gremlin Leader","floor":23,"turns":6},{"damage":6,"enemies":"3 Cultists","floor":24,"turns":3},{"damage":30,"enemies":"Centurion and Healer","floor":31,"turns":5},{"damage":80,"enemies":"Collector","floor":33,"turns":9},{"damage":15,"enemies":"3 Shapes","floor":35,"turns":5},{"damage":45,"enemies":"3 Darklings","floor":39,"turns":8},{"damage":62,"enemies":"Spire Growth","floor":46,"turns":7},{"damage":57,"enemies":"Maw","floor":47,"turns":8},{"damage":3,"enemies":"4 Shapes","floor":48,"turns":7},{"damage":106,"enemies":"Time Eater","floor":50,"turns":10}],"seed_played":"-8931793250155328522","potions_obtained":[{"floor":12,"key":"EssenceOfSteel"},{"floor":13,"key":"Fire Potion"},{"floor":16,"key":"SmokeBomb"},{"floor":24,"key":"Regen Potion"},{"floor":35,"key":"Energy Potion"},{"floor":39,"key":"Explosive Potion"},{"floor":48,"key":"Energy Potion"}],"is_trial":false,"path_per_floor":["M","?","?","$","?","R","M","R","T","$","?","M","M","T","R","B",null,"M","M","?","?","$","E","M","R","T","R","$","?","R","M","R","B",null,"M","?","$","?","M","R","?","R","T","R","?","M","M","M","R","B"],"character_chosen":"IRONCLAD","items_purchased":["Double Tap","Ginger","Madness"],"campfire_rested":2,"item_purchase_floors":[4,22,28],"current_hp_per_floor":[78,78,71,71,51,51,56,80,80,80,69,75,68,68,68,74,79,51,68,80,80,80,83,90,90,90,90,90,90,90,75,75,46,79,86,86,86,86,77,77,77,77,77,77,77,30,60,72,90,0],"gold":43,"neow_bonus":"RANDOM_COLORLESS_2","is_prod":false,"is_daily":false,"chose_seed":false,"campfire_upgraded":9,"win_rate":0,"timestamp":1550885710,"path_taken":["M","?","?","$","?","R","M","R","T","$","?","M","M","?","R","BOSS","M","?","?","?","$","E","M","R","T","R","$","?","R","?","R","BOSS","M","?","$","?","M","R","?","R","T","R","?","M","M","M","R","BOSS"],"build_version":"2019-01-23","purchased_purges":2,"victory":false,"max_hp_per_floor":[80,80,80,80,80,80,80,80,80,80,80,80,80,80,80,80,80,80,80,80,80,80,90,90,90,90,90,90,90,90,90,90,90,90,90,90,90,90,90,90,90,90,90,90,90,90,90,90,90,90],"card_choices":[{"not_picked":["Anger","Iron Wave"],"picked":"Armaments","floor":1},{"not_picked":["Hemokinesis","Thunderclap"],"picked":"Headbutt","floor":7},{"not_picked":["Second Wind","Iron Wave"],"picked":"Flame Barrier","floor":12},{"not_picked":["Clash","Disarm"],"picked":"Cleave","floor":13},{"not_picked":["Impervious","Juggernaut"],"picked":"Reaper","floor":16},{"not_picked":["Twin Strike","Sword Boomerang"],"picked":"Shockwave","floor":18},{"not_picked":["Perfected Strike","Twin Strike","Iron Wave"],"picked":"SKIP","floor":19},{"not_picked":["Clash","Intimidate"],"picked":"Whirlwind+1","floor":23},{"not_picked":["Warcry+1","Wild Strike+1"],"picked":"Battle Trance","floor":24},{"not_picked":["Armaments","Thunderclap","Hemokinesis"],"picked":"SKIP","floor":31},{"not_picked":["Barricade","Bludgeon"],"picked":"Impervious","floor":33},{"not_picked":["Headbutt+1","Body Slam+1"],"picked":"Whirlwind+1","floor":35},{"not_picked":["Perfected Strike","Anger+1"],"picked":"Flex","floor":39},{"not_picked":["Deep Breath","Mayhem"],"picked":"Transmutation","floor":41},{"not_picked":["Intimidate+1","Clothesline+1"],"picked":"Rampage+1","floor":46},{"not_picked":["Blood for Blood","Clash+1"],"picked":"Uppercut+1","floor":47},{"not_picked":["Reckless Charge+1","Headbutt"],"picked":"Pummel","floor":48}],"player_experience":1411331,"relics_obtained":[{"floor":9,"key":"Lantern"},{"floor":14,"key":"Whetstone"},{"floor":23,"key":"Pear"},{"floor":26,"key":"Smiling Mask"},{"floor":43,"key":"Dodecahedron"}],"event_choices":[{"damage_healed":0,"gold_gain":0,"player_choice":"Box","damage_taken":0,"relics_obtained":["Art of War"],"max_hp_gain":0,"max_hp_loss":0,"event_name":"Big Fish","floor":2,"gold_loss":0,"cards_obtained":["Regret"]},{"cards_removed":["Regret"],"damage_healed":0,"gold_gain":0,"player_choice":"Card Removal","damage_taken":7,"max_hp_gain":0,"max_hp_loss":0,"event_name":"Golden Wing","floor":3,"gold_loss":0},{"damage_healed":0,"gold_gain":0,"player_choice":"Take Damage","damage_taken":20,"relics_obtained":["Golden Idol"],"max_hp_gain":0,"max_hp_loss":0,"event_name":"Golden Idol","floor":5,"gold_loss":0},{"damage_healed":0,"gold_gain":75,"player_choice":"Gather Gold","damage_taken":11,"max_hp_gain":0,"max_hp_loss":0,"event_name":"World of Goop","floor":11,"gold_loss":0},{"damage_healed":0,"gold_gain":0,"player_choice":"Fight","damage_taken":0,"max_hp_gain":0,"max_hp_loss":0,"event_name":"Colosseum","floor":20,"gold_loss":0},{"damage_healed":0,"gold_gain":0,"player_choice":"Fled From Nobs","damage_taken":0,"max_hp_gain":0,"max_hp_loss":0,"event_name":"Colosseum","floor":20,"gold_loss":0},{"damage_healed":0,"gold_gain":0,"cards_transformed":["Strike_R","Strike_R"],"player_choice":"Became Test Subject","damage_taken":0,"max_hp_gain":0,"max_hp_loss":0,"event_name":"Drug Dealer","floor":21,"gold_loss":0,"cards_obtained":["Iron Wave","Fiend Fire"]},{"damage_healed":0,"gold_gain":0,"player_choice":"Gave Idol","damage_taken":0,"relics_obtained":["Bloody Idol"],"max_hp_gain":0,"max_hp_loss":0,"event_name":"Forgotten Altar","floor":29,"relics_lost":["Golden Idol"],"gold_loss":0},{"damage_healed":0,"gold_gain":0,"player_choice":"Ignored","damage_taken":0,"max_hp_gain":0,"max_hp_loss":0,"event_name":"Mysterious Sphere","floor":36,"gold_loss":0},{"cards_removed":["Cleave"],"damage_healed":0,"gold_gain":0,"player_choice":"Removed Attack","damage_taken":0,"max_hp_gain":0,"max_hp_loss":0,"event_name":"Falling","floor":38,"gold_loss":0},{"damage_healed":0,"gold_gain":0,"player_choice":"Memory 1","damage_taken":0,"max_hp_gain":0,"max_hp_loss":0,"event_name":"SensoryStone","floor":41,"gold_loss":0},{"damage_healed":0,"gold_gain":0,"player_choice":"Paid","damage_taken":0,"relics_obtained":["Red Mask"],"max_hp_gain":0,"max_hp_loss":0,"event_name":"Tomb of Lord Red Mask","floor":45,"gold_loss":136}],"is_beta":false,"boss_relics":[{"not_picked":["Sozu","Mark of Pain"],"picked":"Black Blood"},{"not_picked":["Philosopher\u0027s Stone","Runic Dome"],"picked":"Lizard Tail"}],"items_purged_floors":[10,37],"is_endless":false,"potions_floor_spawned":[12,13,16,19,24,35,39,48],"killed_by":"Time Eater","ascension_level":10}