{"gold_per_floor":[116,129,52,68,68,99,99,99,99,99,132,132],"floor_reached":12,"playtime":1099,"items_purged":[],"score":95,"play_id":"8068752f-0a09-4dd0-8f64-56d86d8045fc","local_time":"20190511002303","is_ascension_mode":true,"campfire_choices":[{"data":"Defragment","floor":7,"key":"SMITH"},{"data":"Go for the Eyes","floor":10,"key":"SMITH"}],"neow_cost":"NONE","seed_source_timestamp":1920645354410693,"circlet_count":0,"master_deck":["Strike_B","Strike_B","Strike_B","Defend_B","Defend_B","Defend_B","Defend_B","Zap+1","Dualcast","Sweeping Beam","Steam","Defragment+1","Go for the Eyes+1","Capacitor","Blizzard"],"relics":["Cracked Core","Pantograph","Ancient Tea Set","Juzu Bracelet"],"potions_floor_usage":[],"damage_taken":[{"damage":0,"enemies":"Cultist","floor":1,"turns":3},{"damage":7,"enemies":"Jaw Worm","floor":2,"turns":3},{"damage":9,"enemies":"Small Slimes","floor":4,"turns":2},{"damage":22,"enemies":"Gremlin Nob","floor":6,"turns":5},{"damage":19,"enemies":"3 Sentries","floor":11,"turns":7},{"damage":22,"enemies":"Gremlin Gang","floor":12,"turns":3}],"seed_played":"-8065506441370488451","potions_obtained":[{"floor":1,"key":"Ancient Potion"},{"floor":4,"key":"Fire Potion"}],"is_trial":false,"path_per_floor":["M","M","$","M","?","E","R","?","T","R","E","M"],"character_chosen":"DEFECT","items_purchased":["Defragment"],"campfire_rested":0,"item_purchase_floors":[3],"current_hp_per_floor":[75,68,68,59,59,37,37,37,37,37,18,0],"gold":132,"neow_bonus":"UPGRADE_CARD","is_prod":false,"is_daily":false,"chose_seed":false,"campfire_upgraded":2,"win_rate":0,"timestamp":1557552183,"path_taken":["M","M","$","?","?","E","R","?","T","R","E","M"],"build_version":"2019-01-23","purchased_purges":0,"victory":false,"max_hp_per_floor":[75,75,75,75,75,75,75,75,75,75,75,75],"card_choices":[{"not_picked":["Reprogram","Leap"],"picked":"Sweeping Beam","floor":1},{"not_picked":["Rebound","Compile Driver"],"picked":"Steam","floor":2},{"not_picked":["Stack","Turbo"],"picked":"Go for the Eyes","floor":4},{"not_picked":["Turbo","Heatsinks"],"picked":"Capacitor","floor":6},{"not_picked":["Sweeping Beam","Static Discharge"],"picked":"Blizzard","floor":11}],"player_experience":282272,"relics_obtained":[{"floor":6,"key":"Pantograph"},{"floor":9,"key":"Ancient Tea Set"},{"floor":11,"key":"Juzu Bracelet"}],"event_choices":[{"cards_removed":["Strike_B"],"damage_healed":0,"gold_gain":0,"player_choice":"Forget","damage_taken":0,"max_hp_gain":0,"max_hp_loss":0,"event_name":"Living Wall","floor":5,"gold_loss":0},{"damage_healed":0,"gold_gain":0,"player_choice":"Bought 0 Potions","damage_taken":0,"max_hp_gain":0,"max_hp_loss":0,"event_name":"The Woman in Blue","floor":8,"gold_loss":0}],"is_beta":false,"boss_relics":[],"items_purged_floors":[],"is_endless":false,"potions_floor_spawned":[1,4],"killed_by":"Gremlin Gang","ascension_level":2}