{"gold_per_floor":[18,118,130,60,74,74,93,93,93,105,136,156,190,115,115,215,215,187,237,248,148,168,198,198,217,217,217,25,25,55,75,75,179,179,198,198,217,232,0,0,27,46,46,64,98,125,225,242,242,242],"floor_reached":51,"playtime":3617,"items_purged":["Strike_G","Strike_G"],"score":898,"play_id":"100be7be-01e2-4d5a-a626-8cf40c9c3a39","local_time":"20190405213729","is_ascension_mode":true,"campfire_choices":[{"data":"Dagger Spray","floor":6,"key":"SMITH"},{"data":"Neutralize","floor":8,"key":"SMITH"},{"data":"After Image","floor":15,"key":"SMITH"},{"floor":24,"key":"REST"},{"data":"Footwork","floor":27,"key":"SMITH"},{"data":"Survivor","floor":29,"key":"SMITH"},{"floor":32,"key":"REST"},{"data":"Burst","floor":40,"key":"SMITH"},{"data":"Bouncing Flask","floor":49,"key":"SMITH"}],"neow_cost":"NO_GOLD","seed_source_timestamp":431992486079200,"circlet_count":0,"master_deck":["Defend_G","Defend_G","Defend_G","Defend_G","Defend_G","Strike_G","Strike_G","Strike_G","Survivor+1","Neutralize+1","Dagger Spray+1","Footwork+1","Infinite Blades","Leg Sweep","Poisoned Stab","After Image+1","Finisher","Bouncing Flask+1","Storm of Steel","Catalyst+1","Acrobatics+1","After Image","Cloak And Dagger+1","Envenom","Accuracy+1","Die Die Die","Backstab","Concentrate+1","Burst+1","Blade Dance+1","PiercingWail+1","Blur+1","Prepared+1"],"relics":["Ring of the Snake","Ice Cream","Sundial","Shuriken","PreservedInsect","Lizard Tail","Anchor","Meat on the Bone","Lee\u0027s Waffle","Bird Faced Urn","Sozu","Red Mask","FossilizedHelix","Frozen Egg 2","Juzu Bracelet","Pen Nib","Tingsha"],"potions_floor_usage":[20,23],"damage_taken":[{"damage":0,"enemies":"2 Louse","floor":1,"turns":3},{"damage":0,"enemies":"Cultist","floor":3,"turns":3},{"damage":1,"enemies":"Jaw Worm","floor":5,"turns":4},{"damage":1,"enemies":"Looter","floor":7,"turns":4},{"damage":1,"enemies":"Blue Slaver","floor":10,"turns":5},{"damage":11,"enemies":"3 Sentries","floor":11,"turns":7},{"damage":0,"enemies":"Lots of Slimes","floor":12,"turns":1},{"damage":14,"enemies":"Lagavulin","floor":13,"turns":6},{"damage":14,"enemies":"Slime Boss","floor":16,"turns":8},{"damage":40,"enemies":"2 Thieves","floor":18,"turns":5},{"damage":15,"enemies":"Shell Parasite","floor":20,"turns":4},{"damage":10,"enemies":"Shelled Parasite and Fungi","floor":22,"turns":11},{"damage":11,"enemies":"Book of Stabbing","floor":23,"turns":7},{"damage":0,"enemies":"Snecko","floor":25,"turns":8},{"damage":37,"enemies":"Gremlin Leader","floor":30,"turns":9},{"damage":11,"enemies":"Snake Plant","floor":31,"turns":7},{"damage":61,"enemies":"Automaton","floor":33,"turns":11},{"damage":33,"enemies":"3 Darklings","floor":35,"turns":5},{"damage":13,"enemies":"Orb Walker","floor":37,"turns":4},{"damage":0,"enemies":"3 Darklings","floor":38,"turns":4},{"damage":0,"enemies":"Giant Head","floor":41,"turns":5},{"damage":20,"enemies":"Jaw Worm Horde","floor":42,"turns":5},{"damage":0,"enemies":"Transient","floor":44,"turns":5},{"damage":4,"enemies":"Reptomancer","floor":45,"turns":6},{"damage":0,"enemies":"Mind Bloom Boss Battle","floor":47,"turns":6},{"damage":0,"enemies":"Sphere and 2 Shapes","floor":48,"turns":5},{"damage":28,"enemies":"Awakened One","floor":50,"turns":13}],"seed_played":"6570487973849549733","potions_obtained":[{"floor":5,"key":"Poison Potion"},{"floor":7,"key":"Regen Potion"},{"floor":11,"key":"LiquidBronze"},{"floor":20,"key":"PowerPotion"},{"floor":23,"key":"SteroidPotion"}],"is_trial":false,"path_per_floor":["M","?","M","$","M","R","M","R","T","M","E","M","E","$","R","B",null,"M","?","M","$","M","E","R","M","T","R","$","R","E","M","R","B",null,"M","?","M","M","?","R","E","M","T","M","E","T","?","M","R","B",null],"character_chosen":"THE_SILENT","items_purchased":["Footwork","Lee\u0027s Waffle"],"campfire_rested":2,"item_purchase_floors":[4,28],"current_hp_per_floor":[70,70,70,70,69,69,68,68,68,67,56,56,42,42,42,28,70,30,30,27,27,17,6,27,27,27,27,77,77,40,39,62,25,77,48,48,45,55,55,55,67,59,59,69,73,73,77,77,77,57],"gold":242,"neow_bonus":"ONE_RARE_RELIC","is_prod":false,"is_daily":false,"chose_seed":false,"campfire_upgraded":7,"win_rate":0,"timestamp":1554525449,"path_taken":["M","?","M","$","?","R","M","R","T","M","E","M","E","?","R","BOSS","M","?","?","$","M","E","R","M","T","R","$","R","E","M","R","BOSS","M","?","M","M","?","R","E","M","T","M","E","?","?","M","R","BOSS"],"build_version":"2019-01-23","purchased_purges":2,"victory":true,"max_hp_per_floor":[70,70,70,70,70,70,70,70,70,70,70,70,70,70,70,70,70,70,70,70,70,70,70,70,70,70,70,77,77,77,77,77,77,77,77,77,77,77,77,77,77,77,77,77,77,77,77,77,77,77],"card_choices":[{"not_picked":["Outmaneuver","Slice"],"picked":"Deadly Poison","floor":1},{"not_picked":["Outmaneuver","All Out Attack"],"picked":"Dagger Spray","floor":3},{"not_picked":["Flying Knee","Quick Slash"],"picked":"Infinite Blades","floor":5},{"not_picked":["PiercingWail","Quick Slash"],"picked":"Leg Sweep","floor":7},{"not_picked":["Reflex","All Out Attack"],"picked":"Poisoned Stab","floor":10},{"not_picked":["Escape Plan","Crippling Poison"],"picked":"After Image","floor":11},{"not_picked":["Leg Sweep","Deflect"],"picked":"Finisher","floor":12},{"not_picked":["Burst","Tactician"],"picked":"Bouncing Flask","floor":13},{"not_picked":["Doppelganger","Phantasmal Killer"],"picked":"Storm of Steel","floor":16},{"not_picked":["Eviscerate","Bane"],"picked":"Catalyst+1","floor":18},{"not_picked":["Blade Dance+1","Bouncing Flask+1"],"picked":"Acrobatics+1","floor":20},{"not_picked":["Acrobatics","Sucker Punch","Slice"],"picked":"SKIP","floor":22},{"not_picked":["Calculated Gamble","PiercingWail"],"picked":"After Image","floor":23},{"not_picked":["Acrobatics","Riddle With Holes"],"picked":"Cloak And Dagger+1","floor":25},{"not_picked":["Skewer+1","Predator"],"picked":"Envenom","floor":30},{"not_picked":["Quick Slash","Flying Knee"],"picked":"Accuracy+1","floor":31},{"not_picked":["Storm of Steel","Unload"],"picked":"Die Die Die","floor":33},{"not_picked":["Flying Knee+1","Acrobatics"],"picked":"Backstab","floor":35},{"not_picked":["Calculated Gamble","Dagger Spray+1"],"picked":"Concentrate+1","floor":37},{"not_picked":["Slice+1","Noxious Fumes"],"picked":"Burst","floor":38},{"not_picked":["Blur+1","Underhanded Strike+1"],"picked":"Blade Dance+1","floor":41},{"not_picked":["Quick Slash+1","Tactician"],"picked":"PiercingWail+1","floor":42},{"not_picked":["Slice+1","Backstab+1"],"picked":"Blur+1","floor":44},{"not_picked":["Acrobatics","Skewer+1","Unload"],"picked":"SKIP","floor":45},{"not_picked":["Backstab+1","Slice"],"picked":"Prepared+1","floor":47},{"not_picked":["Deadly Poison","Sucker Punch+1","Flechettes"],"picked":"SKIP","floor":48}],"player_experience":286961,"relics_obtained":[{"floor":9,"key":"Sundial"},{"floor":11,"key":"Shuriken"},{"floor":13,"key":"PreservedInsect"},{"floor":23,"key":"Anchor"},{"floor":26,"key":"Meat on the Bone"},{"floor":30,"key":"Bird Faced Urn"},{"floor":41,"key":"FossilizedHelix"},{"floor":43,"key":"Frozen Egg 2"},{"floor":45,"key":"Juzu Bracelet"},{"floor":46,"key":"Pen Nib"},{"floor":47,"key":"Tingsha"}],"event_choices":[{"damage_healed":0,"gold_gain":100,"player_choice":"Pray","damage_taken":0,"max_hp_gain":0,"max_hp_loss":0,"event_name":"Golden Shrine","floor":2,"gold_loss":0},{"damage_healed":0,"gold_gain":100,"player_choice":"Bet on Murderer","damage_taken":0,"max_hp_gain":0,"max_hp_loss":0,"event_name":"The Joust","floor":19,"gold_loss":50},{"cards_removed":["Deadly Poison"],"damage_healed":0,"gold_gain":0,"player_choice":"Removed Skill","damage_taken":0,"max_hp_gain":0,"max_hp_loss":0,"event_name":"Falling","floor":36,"gold_loss":0},{"damage_healed":0,"gold_gain":0,"player_choice":"Paid","damage_taken":0,"relics_obtained":["Red Mask"],"max_hp_gain":0,"max_hp_loss":0,"event_name":"Tomb of Lord Red Mask","floor":39,"gold_loss":232},{"damage_healed":0,"gold_gain":0,"player_choice":"Fight","damage_taken":0,"max_hp_gain":0,"max_hp_loss":0,"event_name":"MindBloom","floor":47,"gold_loss":0}],"is_beta":false,"boss_relics":[{"not_picked":["Runic Pyramid","Pandora\u0027s Box"],"picked":"Lizard Tail"},{"not_picked":["Black Star","Ring of the Serpent"],"picked":"Sozu"}],"items_purged_floors":[14,21],"is_endless":false,"potions_floor_spawned":[5,7,11,13,16,20,22,23,33,38,41,44,47],"ascension_level":3}