{"gold_per_floor":[111,19,19,19,19,47,47,60,60,60,60],"floor_reached":11,"playtime":327,"items_purged":[],"score":132,"play_id":"afc999ea-9b8a-4947-8cf9-d4eb988a90a4","local_time":"20190111101852","is_ascension_mode":true,"campfire_choices":[{"data":"PiercingWail","floor":7,"key":"SMITH"}],"neow_cost":"NONE","seed_source_timestamp":114311962761300,"circlet_count":0,"master_deck":["Defend_G","Defend_G","Defend_G","Defend_G","Defend_G+1","Strike_G+1","Strike_G+1","Strike_G","Strike_G","Survivor","Neutralize","Concentrate","Bandage Up+1","PiercingWail+1","Blur","Regret"],"relics":["Ring of the Snake","NeowsBlessing","Whetstone","Bottled Flame","Toxic Egg 2"],"potions_floor_usage":[],"damage_taken":[{"damage":0,"enemies":"2 Louse","floor":1,"turns":1},{"damage":0,"enemies":"Gremlin Nob","floor":6,"turns":1},{"damage":0,"enemies":"Cultist","floor":8,"turns":1},{"damage":57,"enemies":"3 Sentries","floor":11,"turns":13}],"seed_played":"-1616767104948016986","potions_obtained":[{"floor":1,"key":"GhostInAJar"},{"floor":6,"key":"FearPotion"}],"is_trial":false,"path_per_floor":["M","$","?","$","?","E","R","M","T","?","E"],"character_chosen":"THE_SILENT","items_purchased":["Bandage Up"],"campfire_rested":0,"item_purchase_floors":[2],"current_hp_per_floor":[63,63,63,63,49,49,49,49,49,49,0],"gold":60,"neow_bonus":"THREE_ENEMY_KILL","is_prod":false,"is_daily":false,"chose_seed":false,"campfire_upgraded":1,"win_rate":0,"timestamp":1547198332,"path_taken":["M","$","?","?","?","E","R","M","T","?","E"],"build_version":"2019-01-03v4","purchased_purges":0,"victory":false,"max_hp_per_floor":[70,70,70,70,70,70,70,70,70,70,70],"card_choices":[{"not_picked":["Reflex","Acrobatics"],"picked":"Concentrate","floor":1},{"not_picked":["Doppelganger","Sucker Punch"],"picked":"PiercingWail","floor":6},{"not_picked":["Reflex","Dagger Spray"],"picked":"Blur","floor":8}],"player_experience":1093252,"relics_obtained":[{"floor":6,"key":"Whetstone"},{"floor":9,"key":"Bottled Flame"}],"event_choices":[{"cards_removed":["Strike_G"],"damage_healed":0,"gold_gain":0,"player_choice":"Purged","damage_taken":0,"max_hp_gain":0,"max_hp_loss":0,"event_name":"Purifier","floor":3,"gold_loss":0},{"damage_healed":0,"gold_gain":0,"player_choice":"Entered Light","damage_taken":14,"max_hp_gain":0,"max_hp_loss":0,"event_name":"Shining Light","floor":5,"gold_loss":0,"cards_upgraded":["Defend_G","Bandage Up"]},{"damage_healed":0,"gold_gain":0,"player_choice":"Box","damage_taken":0,"relics_obtained":["Toxic Egg 2"],"max_hp_gain":0,"max_hp_loss":0,"event_name":"Big Fish","floor":10,"gold_loss":0,"cards_obtained":["Regret"]}],"is_beta":false,"boss_relics":[],"items_purged_floors":[],"is_endless":false,"potions_floor_spawned":[1,6],"killed_by":"3 Sentries","ascension_level":8}