{"gold_per_floor":[17,29,40,110,120,150,150,183,183,195,209,209,73,93,93,195,195,212,223,223,223,223,223,223],"floor_reached":24,"playtime":4565,"items_purged":[],"score":231,"play_id":"001c0a8d-9a3a-4b9b-a881-b7d2abfbc7dc","local_time":"20181123201400","is_ascension_mode":true,"campfire_choices":[{"floor":7,"key":"REST"},{"floor":12,"key":"REST"},{"floor":15,"key":"REST"},{"floor":23,"key":"REST"}],"neow_cost":"NO_GOLD","seed_source_timestamp":66658016887096,"circlet_count":0,"master_deck":["Strike_R","Strike_R","Strike_R","Strike_R","Strike_R","Defend_R","Bash","Magnetism","Dramatic Entrance","Sword Boomerang","Warcry","Shrug It Off","Sword Boomerang","Perfected Strike","Headbutt","Sword Boomerang","Flame Barrier+1","Reaper","Thunderclap","Fiend Fire","Disarm+1","Evolve+1","Searing Blow+1","Feel No Pain"],"relics":["Burning Blood","Paper Frog","Matryoshka","Pen Nib","Regal Pillow","Sundial","Astrolabe"],"potions_floor_usage":[6,10,18,18,19,22,24],"damage_taken":[{"damage":6,"enemies":"Cultist","floor":1,"turns":5},{"damage":10,"enemies":"Jaw Worm","floor":2,"turns":4},{"damage":4,"enemies":"Small Slimes","floor":3,"turns":4},{"damage":9,"enemies":"Looter","floor":5,"turns":3},{"damage":40,"enemies":"3 Sentries","floor":6,"turns":11},{"damage":28,"enemies":"Gremlin Nob","floor":8,"turns":4},{"damage":14,"enemies":"Red Slaver","floor":10,"turns":5},{"damage":3,"enemies":"2 Fungi Beasts","floor":11,"turns":3},{"damage":27,"enemies":"Gremlin Gang","floor":14,"turns":4},{"damage":46,"enemies":"The Guardian","floor":16,"turns":12},{"damage":53,"enemies":"Spheric Guardian","floor":18,"turns":7},{"damage":24,"enemies":"Shell Parasite","floor":19,"turns":6},{"damage":13,"enemies":"Cultist and Chosen","floor":22,"turns":6},{"damage":53,"enemies":"Gremlin Leader","floor":24,"turns":4}],"seed_played":"-2980399294407391363","potions_obtained":[{"floor":1,"key":"Block Potion"},{"floor":6,"key":"Regen Potion"},{"floor":11,"key":"Energy Potion"},{"floor":14,"key":"EssenceOfSteel"},{"floor":16,"key":"GamblersBrew"},{"floor":18,"key":"Fire Potion"},{"floor":19,"key":"SmokeBomb"}],"is_trial":false,"path_per_floor":["M","M","M","T","M","E","R","E","T","M","M","R","$","M","R","B",null,"M","M","?","?","M","R","E"],"character_chosen":"IRONCLAD","items_purchased":["Reaper"],"campfire_rested":4,"item_purchase_floors":[13],"current_hp_per_floor":[80,76,78,78,75,41,65,43,43,49,52,80,80,59,80,40,80,33,15,15,15,8,47,0],"gold":223,"neow_bonus":"RANDOM_COLORLESS_2","is_prod":false,"is_daily":false,"chose_seed":false,"campfire_upgraded":0,"win_rate":0,"timestamp":1542971640,"path_taken":["M","M","?","?","M","E","R","E","T","M","M","R","?","M","R","BOSS","M","M","?","?","?","R","E"],"build_version":"2018-11-15","purchased_purges":0,"victory":false,"max_hp_per_floor":[80,80,80,80,80,80,80,80,80,80,80,80,80,80,80,80,80,80,80,80,80,80,80,80],"card_choices":[{"not_picked":["Fire Breathing","Sever Soul"],"picked":"Sword Boomerang","floor":1},{"not_picked":["Wild Strike","Thunderclap"],"picked":"Warcry","floor":2},{"not_picked":["Bloodletting","Feel No Pain"],"picked":"Shrug It Off","floor":3},{"not_picked":["Intimidate","True Grit"],"picked":"Sword Boomerang","floor":5},{"not_picked":["Rupture","Wild Strike"],"picked":"Perfected Strike","floor":6},{"not_picked":["Sever Soul","Rampage"],"picked":"Headbutt","floor":8},{"not_picked":["Corruption","Warcry"],"picked":"Sword Boomerang","floor":10},{"not_picked":["Body Slam","Rampage"],"picked":"Flame Barrier","floor":11},{"not_picked":["Fiend Fire","Intimidate"],"picked":"Thunderclap","floor":14},{"not_picked":["Offering","Juggernaut"],"picked":"Fiend Fire","floor":16},{"not_picked":["Whirlwind","True Grit"],"picked":"Feel No Pain","floor":18},{"not_picked":["Twin Strike","Clash","Heavy Blade"],"picked":"SKIP","floor":19}],"player_experience":30811,"relics_obtained":[{"floor":4,"key":"Paper Frog"},{"floor":6,"key":"Matryoshka"},{"floor":8,"key":"Pen Nib"},{"floor":9,"key":"Regal Pillow"},{"floor":9,"key":"Sundial"}],"event_choices":[{"damage_healed":0,"gold_gain":0,"player_choice":"Ignored","damage_taken":0,"max_hp_gain":0,"max_hp_loss":0,"event_name":"Cursed Tome","floor":20,"gold_loss":0},{"damage_healed":0,"gold_gain":0,"player_choice":"Upgraded","damage_taken":0,"max_hp_gain":0,"max_hp_loss":0,"event_name":"Upgrade Shrine","floor":21,"gold_loss":0,"cards_upgraded":["Flame Barrier"]}],"is_beta":false,"boss_relics":[{"not_picked":["Runic Pyramid","Eternal Feather"],"picked":"Astrolabe"}],"items_purged_floors":[],"is_endless":false,"potions_floor_spawned":[1,6,11,14,16,18,19],"killed_by":"Gremlin Leader","ascension_level":2}