{"gold_per_floor":[114,114,13,13,28,28,43,58,58,58,133,4,19,34,34,134,134,149,149,74,89,0,0,15,30,30,30,30,30,30,5,5,105,105,120,135,35,35,135,135,135,38,88,88,103,28,28,28,28,28],"floor_reached":50,"playtime":2615,"items_purged":[],"score":501,"play_id":"ee5b9567-333e-4cca-9ae9-f2110499b1fd","local_time":"20181227191156","daily_mods":["Specialized","Flight","Lethality"],"is_ascension_mode":false,"campfire_choices":[{"data":"Concentrate","floor":6,"key":"SMITH"},{"floor":15,"key":"REST"},{"floor":23,"key":"REST"},{"floor":27,"key":"REST"},{"floor":28,"key":"REST"},{"floor":32,"key":"REST"},{"floor":40,"key":"REST"},{"floor":41,"key":"REST"},{"floor":44,"key":"REST"},{"floor":49,"key":"REST"}],"neow_cost":"","seed_source_timestamp":0,"circlet_count":0,"master_deck":["Defend_G","Defend_G","Defend_G","Strike_G","Survivor","Neutralize","Grand Finale","Grand Finale","Grand Finale","Grand Finale","Grand Finale","Prepared","Escape Plan","Dagger Spray","Concentrate+1","Predator","Acrobatics","Dagger Spray+1","Well Laid Plans","Riddle With Holes+1","Caltrops+1","Concentrate+1","Prepared","Flash of Steel+1","Prepared","Escape Plan","Flechettes+1","Heel Hook+1","Dagger Spray+1","Glass Knife+1","Riddle With Holes+1","Acrobatics","Finesse","Flash of Steel+1","Mind Blast+1","Finesse","Escape Plan+1"],"special_seed":17893,"relics":["Ring of the Snake","Potion Belt","Molten Egg 2","Astrolabe","Ornamental Fan","Lizard Tail","Bag of Marbles"],"potions_floor_usage":[21,24,25,25,25,33,33,35,39,45,45,50],"damage_taken":[{"damage":13,"enemies":"Small Slimes","floor":1,"turns":3},{"damage":0,"enemies":"Jaw Worm","floor":5,"turns":3},{"damage":0,"enemies":"Cultist","floor":7,"turns":3},{"damage":17,"enemies":"Exordium Thugs","floor":8,"turns":5},{"damage":0,"enemies":"Large Slime","floor":13,"turns":4},{"damage":2,"enemies":"Blue Slaver","floor":14,"turns":3},{"damage":33,"enemies":"Slime Boss","floor":16,"turns":5},{"damage":33,"enemies":"2 Thieves","floor":18,"turns":4},{"damage":0,"enemies":"Chosen","floor":21,"turns":3},{"damage":46,"enemies":"Snake Plant","floor":24,"turns":3},{"damage":8,"enemies":"Snecko","floor":25,"turns":4},{"damage":59,"enemies":"Automaton","floor":33,"turns":6},{"damage":0,"enemies":"3 Shapes","floor":35,"turns":2},{"damage":13,"enemies":"Orb Walker","floor":36,"turns":2},{"damage":41,"enemies":"Mind Bloom Boss Battle","floor":39,"turns":4},{"damage":33,"enemies":"Maw","floor":45,"turns":5},{"damage":124,"enemies":"Time Eater","floor":50,"turns":7}],"seed_played":"-53600940269430925","potions_obtained":[{"floor":1,"key":"Explosive Potion"},{"floor":7,"key":"Regen Potion"},{"floor":13,"key":"FairyPotion"},{"floor":18,"key":"EntropicBrew"},{"floor":25,"key":"Fire Potion"},{"floor":36,"key":"Fire Potion"}],"is_trial":false,"path_per_floor":["M","?","$","?","M","R","M","M","T","T","?","$","M","M","R","B",null,"M","?","$","M","$","R","M","M","T","R","R","?","?","$","R","B",null,"M","M","$","?","?","R","R","$","T","R","M","$","?","$","R","B"],"character_chosen":"THE_SILENT","items_purchased":["GamblersBrew","Dagger Spray","GamblersBrew","Acrobatics","GamblersBrew","Flash of Steel+1","Dagger Spray+1","Acrobatics","Energy Potion","Finesse","GamblersBrew"],"campfire_rested":9,"item_purchase_floors":[3,3,12,12,20,22,31,37,37,42,46],"current_hp_per_floor":[57,57,57,57,57,57,57,40,40,40,29,29,29,27,48,15,70,37,24,24,24,24,46,7,8,8,30,52,52,52,52,74,15,75,75,62,62,52,11,33,55,55,55,75,42,42,42,42,64,0],"gold":28,"neow_bonus":"","is_prod":false,"is_daily":true,"chose_seed":false,"campfire_upgraded":1,"win_rate":0,"timestamp":1545966716,"path_taken":["M","?","$","?","?","R","M","?","T","?","?","?","?","M","R","BOSS","M","?","$","M","$","R","M","M","T","R","R","?","?","?","R","BOSS","M","?","$","?","?","R","R","$","T","R","M","$","?","?","R","BOSS"],"build_version":"2018-12-20","purchased_purges":0,"victory":false,"max_hp_per_floor":[70,70,70,70,70,70,70,70,70,70,70,70,70,70,70,70,70,70,75,75,75,75,75,75,75,75,75,75,75,75,75,75,75,75,75,75,75,75,75,75,75,75,75,75,75,75,75,75,75,75],"card_choices":[{"not_picked":["PiercingWail","Slice"],"picked":"Prepared","floor":1},{"not_picked":["PiercingWail","Underhanded Strike"],"picked":"Concentrate","floor":5},{"not_picked":["Reflex","Slice","Distraction"],"picked":"SKIP","floor":7},{"not_picked":["Slice","Distraction"],"picked":"Reflex","floor":7},{"not_picked":["Deflect","Bane"],"picked":"Predator","floor":8},{"not_picked":["Deadly Poison","Underhanded Strike+1"],"picked":"Dagger Spray+1","floor":13},{"not_picked":["Unload+1","Flying Knee+1"],"picked":"Well Laid Plans","floor":14},{"not_picked":["Eviscerate+1","Blade Dance+1","Slice+1"],"picked":"SKIP","floor":18},{"not_picked":["Underhanded Strike+1","Flying Knee+1"],"picked":"Prepared","floor":21},{"not_picked":["Dagger Spray+1","Choke+1"],"picked":"Prepared","floor":24},{"not_picked":["Dagger Throw+1","Dodge and Roll","Blade Dance"],"picked":"SKIP","floor":25},{"not_picked":["Night Terror","Burst"],"picked":"Glass Knife+1","floor":33},{"not_picked":["Dagger Spray+1","Poisoned Stab+1"],"picked":"Riddle With Holes+1","floor":35},{"not_picked":["Dagger Throw+1","Cloak And Dagger","Bane+1"],"picked":"SKIP","floor":36},{"not_picked":["Impatience","Jack Of All Trades"],"picked":"Finesse","floor":38},{"not_picked":["Finesse","Impatience"],"picked":"Flash of Steel+1","floor":38},{"not_picked":["Dramatic Entrance+1","Violence"],"picked":"Mind Blast+1","floor":38},{"not_picked":["Dash+1","Outmaneuver"],"picked":"Escape Plan+1","floor":45}],"player_experience":136431,"relics_obtained":[{"floor":9,"key":"Potion Belt"},{"floor":10,"key":"Molten Egg 2"},{"floor":26,"key":"Ornamental Fan"},{"floor":43,"key":"Bag of Marbles"}],"event_choices":[{"damage_healed":0,"gold_gain":0,"cards_transformed":["Strike_G"],"player_choice":"Change","damage_taken":0,"max_hp_gain":0,"max_hp_loss":0,"event_name":"Living Wall","floor":2,"gold_loss":0,"cards_obtained":["Escape Plan"]},{"damage_healed":0,"gold_gain":0,"player_choice":"Fled","damage_taken":0,"max_hp_gain":0,"max_hp_loss":0,"event_name":"Scrap Ooze","floor":4,"gold_loss":0},{"damage_healed":0,"gold_gain":75,"player_choice":"Gather Gold","damage_taken":11,"max_hp_gain":0,"max_hp_loss":0,"event_name":"World of Goop","floor":11,"gold_loss":0},{"damage_healed":0,"gold_gain":0,"player_choice":"Shed Blood","damage_taken":18,"max_hp_gain":5,"max_hp_loss":0,"event_name":"Forgotten Altar","floor":19,"gold_loss":0},{"damage_healed":0,"gold_gain":0,"player_choice":"Read","damage_taken":0,"max_hp_gain":0,"max_hp_loss":0,"event_name":"The Library","floor":29,"gold_loss":0,"cards_obtained":["Escape Plan"]},{"damage_healed":0,"gold_gain":0,"cards_transformed":["Defend_G","Defend_G"],"player_choice":"Became Test Subject","damage_taken":0,"max_hp_gain":0,"max_hp_loss":0,"event_name":"Drug Dealer","floor":30,"gold_loss":0,"cards_obtained":["Flechettes","Heel Hook"]},{"damage_healed":0,"gold_gain":0,"player_choice":"Memory 3","damage_taken":10,"max_hp_gain":0,"max_hp_loss":0,"event_name":"SensoryStone","floor":38,"gold_loss":0},{"damage_healed":0,"gold_gain":0,"player_choice":"Fight","damage_taken":0,"max_hp_gain":0,"max_hp_loss":0,"event_name":"MindBloom","floor":39,"gold_loss":0},{"cards_removed":["Reflex"],"damage_healed":0,"gold_gain":0,"player_choice":"Removed Skill","damage_taken":0,"max_hp_gain":0,"max_hp_loss":0,"event_name":"Falling","floor":47,"gold_loss":0}],"is_beta":false,"boss_relics":[{"not_picked":["Black Star","Philosopher\u0027s Stone"],"picked":"Astrolabe"},{"not_picked":["Sozu","Coffee Dripper"],"picked":"Lizard Tail"}],"items_purged_floors":[],"is_endless":false,"potions_floor_spawned":[1,7,13,18,25,36],"killed_by":"Time Eater","ascension_level":0}