{"gold_per_floor":[114,129,144,159,174,174,204,204,204,217,217,232,262,262,262,362,362,377,392,407,422,437,437,467,467,467,467,83,83,83,98,98,198,198,213,213,213,0,338,338],"floor_reached":40,"playtime":1771,"items_purged":[],"score":691,"play_id":"56a27343-b5e5-4fb7-9900-1f23c3c0baf8","local_time":"20190305090651","daily_mods":["Chimera","Hoarder","Terminal"],"is_ascension_mode":false,"campfire_choices":[{"data":"Bash","floor":6,"key":"SMITH"},{"data":"Pummel","floor":8,"key":"SMITH"},{"data":"Perfected Strike","floor":11,"key":"SMITH"},{"data":"Perfected Strike","floor":15,"key":"SMITH"},{"data":"Demon Form","floor":23,"key":"SMITH"},{"data":"Pummel","floor":25,"key":"SMITH"},{"data":"Pummel","floor":32,"key":"SMITH"}],"neow_cost":"","seed_source_timestamp":0,"circlet_count":0,"master_deck":["Bash+1","Survivor","Zap","Strike_R+1","Strike_G+1","Strike_B+1","Defend_R+1","Defend_G+1","Defend_B+1","Pummel","Pummel","Pummel","Twin Strike","Twin Strike","Pommel Strike","Pommel Strike+1","Pommel Strike","Headbutt+1","Headbutt","Headbutt","Pummel+1","Pummel+1","Pummel+1","Shrug It Off","Shrug It Off","Shrug It Off","Perfected Strike+1","Perfected Strike+1","Perfected Strike+1","Demon Form+1","Demon Form","Demon Form","Pummel","Pummel","Pummel","Demon Form","Demon Form","Demon Form","Sword Boomerang","Sword Boomerang","Sword Boomerang","Spot Weakness+1","Spot Weakness+1","Spot Weakness+1","Flex","Flex","Flex","Heavy Blade","Heavy Blade","Heavy Blade","Heavy Blade+1","Heavy Blade+1","Heavy Blade+1","Inflame","Inflame","Inflame","Limit Break","Limit Break","Limit Break","Panacea","Panacea","Panacea","Pommel Strike+1","Pommel Strike+1","Pommel Strike+1","Offering","Offering","Offering","Perfected Strike+1","Perfected Strike+1","Perfected Strike+1","Perfected Strike","Perfected Strike","Perfected Strike"],"special_seed":17960,"relics":["Burning Blood","Omamori","Whetstone","Odd Mushroom","Magic Flower","Mark of Pain","Orichalcum","Question Card","Blood Vial","MutagenicStrength","NlothsMask","Snecko Eye","Juzu Bracelet","Red Mask","Old Coin"],"potions_floor_usage":[7,10,33],"damage_taken":[{"damage":0,"enemies":"Small Slimes","floor":1,"turns":4},{"damage":1,"enemies":"2 Louse","floor":2,"turns":3},{"damage":0,"enemies":"Cultist","floor":3,"turns":2},{"damage":0,"enemies":"Large Slime","floor":4,"turns":3},{"damage":3,"enemies":"2 Fungi Beasts","floor":5,"turns":3},{"damage":0,"enemies":"Gremlin Nob","floor":7,"turns":2},{"damage":2,"enemies":"The Mushroom Lair","floor":10,"turns":4},{"damage":9,"enemies":"Exordium Thugs","floor":12,"turns":3},{"damage":5,"enemies":"Lagavulin","floor":13,"turns":6},{"damage":0,"enemies":"Slime Boss","floor":16,"turns":4},{"damage":0,"enemies":"3 Byrds","floor":18,"turns":5},{"damage":22,"enemies":"2 Thieves","floor":19,"turns":3},{"damage":0,"enemies":"Chosen and Byrds","floor":20,"turns":3},{"damage":0,"enemies":"Centurion and Healer","floor":21,"turns":3},{"damage":11,"enemies":"Shelled Parasite and Fungi","floor":22,"turns":2},{"damage":25,"enemies":"Book of Stabbing","floor":24,"turns":4},{"damage":0,"enemies":"Chosen and Byrds","floor":31,"turns":2},{"damage":31,"enemies":"Automaton","floor":33,"turns":5},{"damage":2,"enemies":"Orb Walker","floor":35,"turns":3},{"damage":17,"enemies":"2 Orb Walkers","floor":39,"turns":3},{"damage":36,"enemies":"Nemesis","floor":40,"turns":3}],"seed_played":"-7796585460280550823","potions_obtained":[{"floor":1,"key":"Block Potion"},{"floor":4,"key":"LiquidBronze"},{"floor":5,"key":"Strength Potion"},{"floor":10,"key":"Regen Potion"},{"floor":22,"key":"Regen Potion"},{"floor":24,"key":"PowerPotion"},{"floor":33,"key":"Dexterity Potion"},{"floor":35,"key":"SkillPotion"}],"is_trial":false,"path_per_floor":["M","M","M","M","M","R","E","R","T","?","R","M","E","?","R","B",null,"M","M","M","M","M","R","E","R","T","?","$","?","?","M","R","B",null,"M","?","?","?","?","E"],"character_chosen":"IRONCLAD","items_purchased":["Limit Break","Blood Vial","Panacea"],"campfire_rested":0,"item_purchase_floors":[28,28,28],"current_hp_per_floor":[78,77,76,75,74,73,72,71,70,69,68,65,66,65,64,63,62,61,48,57,58,56,56,40,40,40,40,40,40,40,48,47,25,45,44,43,42,41,33,0],"gold":338,"neow_bonus":"","is_prod":false,"is_daily":true,"chose_seed":false,"campfire_upgraded":7,"win_rate":0,"timestamp":1551805611,"path_taken":["M","M","M","M","M","R","E","R","T","?","R","M","E","?","R","BOSS","M","M","M","M","M","R","E","R","T","?","$","?","?","?","R","BOSS","M","?","?","?","?","E"],"build_version":"2019-01-23","purchased_purges":0,"victory":false,"max_hp_per_floor":[78,77,76,75,74,73,72,71,70,69,68,67,66,65,64,63,62,61,60,59,58,57,56,55,54,53,52,51,50,49,48,47,46,45,44,43,42,41,40,40],"card_choices":[{"not_picked":["Heavy Blade","Clothesline"],"picked":"Pummel","floor":1},{"not_picked":["Ghostly Armor","Rupture"],"picked":"Twin Strike","floor":2},{"not_picked":["Armaments","Anger"],"picked":"Pommel Strike","floor":3},{"not_picked":["Entrench","Second Wind"],"picked":"Headbutt","floor":4},{"not_picked":["True Grit","Ghostly Armor"],"picked":"Pummel","floor":5},{"not_picked":["Blood for Blood","True Grit"],"picked":"Shrug It Off","floor":7},{"not_picked":["Havoc","Heavy Blade"],"picked":"Perfected Strike","floor":10},{"not_picked":["Heavy Blade","Body Slam"],"picked":"Demon Form","floor":12},{"not_picked":["Power Through","Sword Boomerang"],"picked":"Pummel","floor":13},{"not_picked":["Juggernaut","Immolate"],"picked":"Demon Form","floor":16},{"not_picked":["Clothesline","Blood for Blood"],"picked":"Sword Boomerang","floor":18},{"not_picked":["Clothesline","Metallicize"],"picked":"Spot Weakness+1","floor":19},{"not_picked":["Iron Wave","Heavy Blade"],"picked":"Flex","floor":20},{"not_picked":["Ghostly Armor","Pommel Strike"],"picked":"Heavy Blade","floor":21},{"not_picked":["Shockwave+1","Entrench"],"picked":"Heavy Blade+1","floor":22},{"not_picked":["True Grit","Power Through"],"picked":"Inflame","floor":24},{"not_picked":["Anger+1","Hemokinesis","Carnage+1"],"picked":"Pommel Strike+1","floor":31},{"not_picked":["Brutality","Dark Embrace","Fiend Fire"],"picked":"Offering","floor":33},{"not_picked":["Seeing Red","Sword Boomerang","Pommel Strike"],"picked":"Perfected Strike+1","floor":35},{"not_picked":["Sword Boomerang+1","Corruption+1","Rage+1"],"picked":"Perfected Strike","floor":39}],"player_experience":959715,"relics_obtained":[{"floor":7,"key":"Omamori"},{"floor":9,"key":"Whetstone"},{"floor":10,"key":"Odd Mushroom"},{"floor":13,"key":"Magic Flower"},{"floor":24,"key":"Orichalcum"},{"floor":26,"key":"Question Card"},{"floor":39,"key":"Old Coin"}],"event_choices":[{"damage_healed":0,"gold_gain":0,"player_choice":"Fought Mushrooms","damage_taken":0,"max_hp_gain":0,"max_hp_loss":0,"event_name":"Mushrooms","floor":10,"gold_loss":0},{"damage_healed":0,"gold_gain":0,"player_choice":"Grow","damage_taken":0,"max_hp_gain":0,"max_hp_loss":0,"event_name":"Living Wall","floor":14,"gold_loss":0,"cards_upgraded":["Perfected Strike"]},{"damage_healed":0,"gold_gain":0,"player_choice":"Simplicity","damage_taken":0,"max_hp_gain":0,"max_hp_loss":0,"event_name":"Back to Basics","floor":27,"gold_loss":0,"cards_upgraded":["Strike_R","Strike_G","Strike_B","Defend_R","Defend_G","Defend_B"]},{"damage_healed":0,"gold_gain":0,"player_choice":"Inject Mutagens","damage_taken":0,"relics_obtained":["MutagenicStrength"],"max_hp_gain":0,"max_hp_loss":0,"event_name":"Drug Dealer","floor":29,"gold_loss":0},{"damage_healed":0,"gold_gain":0,"player_choice":"Trade","damage_taken":0,"relics_obtained":["NlothsMask"],"max_hp_gain":0,"max_hp_loss":0,"event_name":"FaceTrader","floor":30,"gold_loss":0},{"cards_removed":["Twin Strike"],"damage_healed":0,"gold_gain":0,"player_choice":"Removed Attack","damage_taken":0,"max_hp_gain":0,"max_hp_loss":0,"event_name":"Falling","floor":36,"gold_loss":0},{"damage_healed":0,"gold_gain":0,"player_choice":"Gave Potion","damage_taken":0,"relics_obtained":["Juzu Bracelet"],"max_hp_gain":0,"max_hp_loss":0,"event_name":"WeMeetAgain","floor":37,"gold_loss":0},{"damage_healed":0,"gold_gain":0,"player_choice":"Paid","damage_taken":0,"relics_obtained":["Red Mask"],"max_hp_gain":0,"max_hp_loss":0,"event_name":"Tomb of Lord Red Mask","floor":38,"gold_loss":213},{"damage_healed":0,"gold_gain":0,"player_choice":"Fight","damage_taken":0,"max_hp_gain":0,"max_hp_loss":0,"event_name":"Mysterious Sphere","floor":39,"gold_loss":0}],"is_beta":false,"boss_relics":[{"not_picked":["Coffee Dripper","Empty Cage"],"picked":"Mark of Pain"},{"not_picked":["Calling Bell","Runic Pyramid"],"picked":"Snecko Eye"}],"items_purged_floors":[],"is_endless":false,"potions_floor_spawned":[1,4,5,10,22,24,33,35],"killed_by":"Nemesis","ascension_level":0}