{"gold_per_floor":[114,131,150,165,185,216,231,186,233,244,276,290,290,306,306,409,409,422,422,395,1,15,15,32,32,32,49,66,66,78,78,78,178,178,198,198,0,10,10,10,24,24,24,24,36,61,61,61,61,61],"floor_reached":51,"playtime":6239,"items_purged":[],"score":645,"play_id":"3e564a8b-ba10-4425-b3ea-228f066b3f0a","local_time":"20190514014428","is_ascension_mode":false,"campfire_choices":[{"floor":15,"key":"REST"},{"floor":23,"key":"REST"},{"floor":32,"key":"REST"},{"data":"Noxious Fumes","floor":40,"key":"SMITH"},{"floor":42,"key":"REST"},{"floor":47,"key":"REST"},{"floor":49,"key":"REST"}],"neow_cost":"NONE","seed_source_timestamp":707657685434500,"circlet_count":0,"master_deck":["Defend_G","Defend_G","Defend_G","Defend_G","Defend_G","Strike_G","Survivor","Neutralize","PiercingWail","Sucker Punch","Noxious Fumes","Noxious Fumes+1","Dodge and Roll","Dodge and Roll","Bouncing Flask","Crippling Poison","Deflect","Dagger Spray","Parasite","Bouncing Flask","Night Terror","Adrenaline+1","Backflip+1","Sucker Punch+1","Bandage Up","Backflip","Deadly Poison+1","Noxious Fumes","Caltrops","Footwork+1","Bullet Time+1","Cloak And Dagger","Deadly Poison+1"],"relics":["Ring of the Snake","Blood Vial","Paper Crane","Regal Pillow","Calipers","Astrolabe","Kunai","Pen Nib","MutagenicStrength","Empty Cage","Happy Flower","Bird Faced Urn","Bottled Flame"],"potions_floor_usage":[6,6,11,11,12,14,16,30,33,33,33,45,46,46,50],"damage_taken":[{"damage":0,"enemies":"Cultist","floor":1,"turns":6},{"damage":1,"enemies":"2 Louse","floor":2,"turns":3},{"damage":0,"enemies":"Small Slimes","floor":3,"turns":5},{"damage":2,"enemies":"Looter","floor":4,"turns":4},{"damage":10,"enemies":"Large Slime","floor":5,"turns":7},{"damage":26,"enemies":"3 Sentries","floor":6,"turns":7},{"damage":3,"enemies":"3 Louse","floor":7,"turns":5},{"damage":3,"enemies":"Exordium Thugs","floor":10,"turns":6},{"damage":34,"enemies":"Gremlin Nob","floor":11,"turns":7},{"damage":0,"enemies":"Exordium Wildlife","floor":12,"turns":4},{"damage":3,"enemies":"2 Fungi Beasts","floor":14,"turns":5},{"damage":28,"enemies":"The Guardian","floor":16,"turns":9},{"damage":13,"enemies":"3 Byrds","floor":18,"turns":7},{"damage":4,"enemies":"2 Thieves","floor":20,"turns":5},{"damage":3,"enemies":"Snake Plant","floor":22,"turns":6},{"damage":7,"enemies":"Shelled Parasite and Fungi","floor":24,"turns":7},{"damage":26,"enemies":"Cultist and Chosen","floor":27,"turns":7},{"damage":5,"enemies":"Centurion and Healer","floor":28,"turns":9},{"damage":12,"enemies":"Sentry and Sphere","floor":30,"turns":5},{"damage":80,"enemies":"Collector","floor":33,"turns":10},{"damage":10,"enemies":"Orb Walker","floor":35,"turns":6},{"damage":13,"enemies":"3 Darklings","floor":38,"turns":6},{"damage":13,"enemies":"Spire Growth","floor":41,"turns":7},{"damage":51,"enemies":"Transient","floor":45,"turns":5},{"damage":33,"enemies":"Reptomancer","floor":46,"turns":9},{"damage":72,"enemies":"Time Eater","floor":50,"turns":16}],"seed_played":"-7750508036070764509","potions_obtained":[{"floor":2,"key":"GamblersBrew"},{"floor":5,"key":"AttackPotion"},{"floor":6,"key":"Strength Potion"},{"floor":7,"key":"FearPotion"},{"floor":11,"key":"Regen Potion"},{"floor":12,"key":"Dexterity Potion"},{"floor":14,"key":"Swift Potion"},{"floor":24,"key":"Poison Potion"},{"floor":27,"key":"SpeedPotion"},{"floor":28,"key":"Fire Potion"},{"floor":30,"key":"Fruit Juice"},{"floor":41,"key":"Explosive Potion"},{"floor":45,"key":"SteroidPotion"},{"floor":46,"key":"SpeedPotion"}],"is_trial":false,"path_per_floor":["M","M","M","M","M","E","M","?","T","M","E","M","?","M","R","B",null,"M","?","M","$","M","R","M","?","T","M","M","$","M","?","R","B",null,"M","?","$","M","$","R","M","R","T","$","M","E","R","?","R","B",null],"character_chosen":"THE_SILENT","items_purchased":["Kunai","Bandage Up","Backflip","Happy Flower","FearPotion"],"campfire_rested":6,"item_purchase_floors":[21,21,21,37,37],"current_hp_per_floor":[70,69,70,68,60,36,35,35,35,34,2,16,33,32,68,42,70,57,44,42,42,45,75,72,72,72,48,49,49,39,39,75,4,80,72,72,72,65,65,65,58,80,80,80,33,14,53,53,80,18],"gold":61,"neow_bonus":"RANDOM_COMMON_RELIC","is_prod":false,"is_daily":false,"chose_seed":false,"campfire_upgraded":1,"win_rate":0.0,"timestamp":1557812668,"path_taken":["M","?","M","M","M","E","M","?","T","M","E","M","?","M","R","BOSS","M","?","M","$","M","R","M","?","T","M","M","$","M","?","R","BOSS","M","?","?","M","?","R","?","R","T","$","M","E","R","?","R","BOSS"],"build_version":"2019-01-23","purchased_purges":0,"victory":true,"max_hp_per_floor":[70,70,70,70,70,70,70,70,70,70,70,70,70,70,70,70,70,70,75,75,75,75,75,75,75,75,75,75,75,75,75,75,80,80,80,80,80,80,80,80,80,80,80,80,80,80,80,80,80,80],"card_choices":[{"not_picked":["Bane","Acrobatics"],"picked":"PiercingWail","floor":1},{"not_picked":["Blade Dance","Acrobatics"],"picked":"Sucker Punch","floor":2},{"not_picked":["Flechettes","Blade Dance"],"picked":"Noxious Fumes","floor":3},{"not_picked":["Blade Dance","Acrobatics"],"picked":"Noxious Fumes","floor":4},{"not_picked":["Sucker Punch","Slice"],"picked":"Dodge and Roll","floor":5},{"not_picked":["Slice","Leg Sweep"],"picked":"Dodge and Roll","floor":6},{"not_picked":["Slice","Masterful Stab"],"picked":"Bouncing Flask","floor":7},{"not_picked":["Blade Dance","Bane"],"picked":"Crippling Poison","floor":10},{"not_picked":["Setup","Blade Dance"],"picked":"Deflect","floor":11},{"not_picked":["Slice","Expertise"],"picked":"Dagger Spray","floor":12},{"not_picked":["Prepared","Outmaneuver"],"picked":"Bouncing Flask","floor":14},{"not_picked":["Die Die Die","Malaise"],"picked":"Night Terror","floor":16},{"not_picked":["Dagger Throw","Dash"],"picked":"Backflip+1","floor":18},{"not_picked":["Eviscerate","Night Terror"],"picked":"Sucker Punch+1","floor":20},{"not_picked":["Quick Slash+1","Footwork"],"picked":"Deadly Poison+1","floor":22},{"not_picked":["Flechettes","Eviscerate+1"],"picked":"Noxious Fumes","floor":24},{"not_picked":["Quick Slash","Dash"],"picked":"Caltrops","floor":27},{"not_picked":["Underhanded Strike","Blade Dance+1"],"picked":"Footwork+1","floor":28},{"not_picked":["Outmaneuver+1","Deflect","Dagger Throw+1"],"picked":"SKIP","floor":30},{"not_picked":["Wraith Form v2","Corpse Explosion"],"picked":"Bullet Time","floor":33},{"not_picked":["Calculated Gamble+1","Backflip+1"],"picked":"Cloak And Dagger","floor":35},{"not_picked":["Crippling Poison","Accuracy"],"picked":"Deadly Poison+1","floor":38},{"not_picked":["Backstab","Blade Dance+1","Setup"],"picked":"SKIP","floor":41},{"not_picked":["Dagger Throw","Cloak And Dagger+1","Slice+1"],"picked":"SKIP","floor":45},{"not_picked":["Flying Knee","Heel Hook+1","Venomology"],"picked":"SKIP","floor":46}],"player_experience":95129,"relics_obtained":[{"floor":6,"key":"Paper Crane"},{"floor":9,"key":"Regal Pillow"},{"floor":11,"key":"Calipers"},{"floor":26,"key":"Pen Nib"},{"floor":43,"key":"Bird Faced Urn"},{"floor":46,"key":"Bottled Flame"}],"event_choices":[{"damage_healed":0,"gold_gain":0,"player_choice":"Left Gold","damage_taken":0,"max_hp_gain":0,"max_hp_loss":0,"event_name":"World of Goop","floor":8,"gold_loss":45},{"damage_healed":17,"gold_gain":0,"player_choice":"Healed and dodged fight","damage_taken":0,"max_hp_gain":0,"max_hp_loss":0,"event_name":"Mushrooms","floor":13,"gold_loss":0,"cards_obtained":["Parasite"]},{"damage_healed":0,"gold_gain":0,"player_choice":"Shed Blood","damage_taken":18,"max_hp_gain":5,"max_hp_loss":0,"event_name":"Forgotten Altar","floor":19,"gold_loss":0},{"damage_healed":0,"gold_gain":0,"player_choice":"Ignored","damage_taken":0,"max_hp_gain":0,"max_hp_loss":0,"event_name":"Beggar","floor":25,"gold_loss":0},{"damage_healed":0,"gold_gain":0,"player_choice":"Inject Mutagens","damage_taken":0,"relics_obtained":["MutagenicStrength"],"max_hp_gain":0,"max_hp_loss":0,"event_name":"Drug Dealer","floor":31,"gold_loss":0},{"damage_healed":0,"gold_gain":0,"player_choice":"Forge","damage_taken":0,"max_hp_gain":0,"max_hp_loss":0,"event_name":"Accursed Blacksmith","floor":36,"gold_loss":0,"cards_upgraded":["Bullet Time"]},{"cards_removed":["Strike_G"],"damage_healed":0,"gold_gain":0,"player_choice":"Removed Attack","damage_taken":0,"max_hp_gain":0,"max_hp_loss":0,"event_name":"Falling","floor":48,"gold_loss":0}],"is_beta":false,"boss_relics":[{"not_picked":["Black Star","White Beast Statue"],"picked":"Astrolabe"},{"not_picked":["Coffee Dripper","Ring of the Serpent"],"picked":"Empty Cage"}],"items_purged_floors":[],"is_endless":false,"potions_floor_spawned":[2,5,6,7,11,12,14,24,27,28,30,41,45,46],"ascension_level":0}