{"gold_per_floor":[118,68,68,84,84,115,115,115,115,115,115,132,142,172,172,172],"floor_reached":16,"playtime":661,"items_purged":[],"score":244,"play_id":"de1a64c1-9ddb-4db8-995c-9507feacbb76","local_time":"20190323233454","is_ascension_mode":true,"campfire_choices":[{"floor":8,"key":"REST"},{"floor":10,"key":"REST"},{"data":"Burning Pact","floor":15,"key":"SMITH"}],"neow_cost":"NONE","seed_source_timestamp":296924507209100,"circlet_count":0,"master_deck":["AscendersBane","Strike_R","Strike_R","Strike_R","Defend_R","Defend_R","Defend_R","Defend_R","Bash","Exhume","Rage","Flame Barrier","Body Slam","Pommel Strike","Battle Trance","Burning Pact+1"],"relics":["Burning Blood","Pear","The Courier","Charon\u0027s Ashes","Bird Faced Urn"],"potions_floor_usage":[6,14],"damage_taken":[{"damage":8,"enemies":"2 Louse","floor":1,"turns":3},{"damage":4,"enemies":"Small Slimes","floor":4,"turns":4},{"damage":61,"enemies":"3 Sentries","floor":6,"turns":22},{"damage":13,"enemies":"Jaw Worm","floor":12,"turns":5},{"damage":13,"enemies":"2 Fungi Beasts","floor":13,"turns":4},{"damage":0,"enemies":"Gremlin Nob","floor":14,"turns":2},{"damage":75,"enemies":"Hexaghost","floor":16,"turns":11}],"seed_played":"-8421606145641948710","potions_obtained":[{"floor":4,"key":"Swift Potion"},{"floor":13,"key":"AttackPotion"},{"floor":14,"key":"GamblersBrew"}],"is_trial":false,"path_per_floor":["M","?","?","M","?","E","?","R","T","R","T","M","M","E","R","B"],"character_chosen":"IRONCLAD","items_purchased":[],"campfire_rested":2,"item_purchase_floors":[],"current_hp_per_floor":[70,70,63,65,70,25,25,53,53,81,81,74,67,73,73,0],"gold":172,"neow_bonus":"ONE_RANDOM_RARE_CARD","is_prod":false,"is_daily":false,"chose_seed":false,"campfire_upgraded":1,"win_rate":0,"timestamp":1553380494,"path_taken":["M","?","?","?","?","E","?","R","T","R","?","M","M","E","R","BOSS"],"build_version":"2019-01-23","purchased_purges":0,"victory":false,"max_hp_per_floor":[80,80,80,80,85,95,95,95,95,95,95,95,95,95,95,95],"card_choices":[{"not_picked":["Iron Wave","Havoc"],"picked":"Rage","floor":1},{"not_picked":["Anger","Body Slam"],"picked":"Flame Barrier","floor":4},{"not_picked":["Cleave","Barricade"],"picked":"Body Slam","floor":6},{"not_picked":["Heavy Blade","Sword Boomerang"],"picked":"Pommel Strike","floor":12},{"not_picked":["Pommel Strike","Wild Strike"],"picked":"Battle Trance","floor":13},{"not_picked":["Flex","Shockwave"],"picked":"Burning Pact","floor":14}],"player_experience":1566782,"relics_obtained":[{"floor":6,"key":"Pear"},{"floor":9,"key":"The Courier"},{"floor":11,"key":"Charon\u0027s Ashes"},{"floor":14,"key":"Bird Faced Urn"}],"event_choices":[{"cards_removed":["Strike_R"],"damage_healed":0,"gold_gain":0,"player_choice":"Card Removal","damage_taken":0,"max_hp_gain":0,"max_hp_loss":0,"event_name":"The Cleric","floor":2,"gold_loss":50},{"cards_removed":["Strike_R"],"damage_healed":0,"gold_gain":0,"player_choice":"Card Removal","damage_taken":7,"max_hp_gain":0,"max_hp_loss":0,"event_name":"Golden Wing","floor":3,"gold_loss":0},{"damage_healed":0,"gold_gain":0,"player_choice":"Donut","damage_taken":0,"max_hp_gain":5,"max_hp_loss":0,"event_name":"Big Fish","floor":5,"gold_loss":0},{"damage_healed":0,"gold_gain":0,"player_choice":"Ignored","damage_taken":0,"max_hp_gain":0,"max_hp_loss":0,"event_name":"Shining Light","floor":7,"gold_loss":0}],"is_beta":false,"boss_relics":[],"items_purged_floors":[],"is_endless":false,"potions_floor_spawned":[4,13,14],"killed_by":"Hexaghost","ascension_level":13}