{"gold_per_floor":[112,112,128,203,74,74,102,102,125,155,155,65,65,81,81,81],"floor_reached":16,"playtime":291,"items_purged":["Strike_G"],"score":262,"play_id":"cf72b8c5-7371-4dee-9c21-3d5dd0c3197b","local_time":"20190514154639","is_ascension_mode":true,"campfire_choices":[{"data":"Calculated Gamble","floor":6,"key":"SMITH"},{"data":"Deadly Poison","floor":8,"key":"SMITH"},{"data":"Well Laid Plans","floor":13,"key":"SMITH"},{"data":"Neutralize","floor":15,"key":"SMITH"}],"neow_cost":"NONE","seed_source_timestamp":347809628039284,"circlet_count":0,"master_deck":["AscendersBane","Defend_G","Defend_G","Defend_G","Defend_G","Defend_G","Strike_G","Strike_G","Strike_G","Survivor","Neutralize+1","Well Laid Plans+1","Calculated Gamble+1","Deadly Poison+1","Calculated Gamble","Backstab+1","Infinite Blades"],"relics":["Ring of the Snake","NeowsBlessing","Blood Vial","Molten Egg 2","Anchor"],"potions_floor_usage":[16],"damage_taken":[{"damage":0,"enemies":"Jaw Worm","floor":1,"turns":1},{"damage":0,"enemies":"2 Louse","floor":3,"turns":1},{"damage":0,"enemies":"3 Sentries","floor":7,"turns":2},{"damage":21,"enemies":"Lagavulin","floor":10,"turns":8},{"damage":0,"enemies":"Cultist","floor":14,"turns":3},{"damage":29,"enemies":"Slime Boss","floor":16,"turns":7}],"seed_played":"2909914862467271045","potions_obtained":[{"floor":3,"key":"Block Potion"}],"is_trial":false,"path_per_floor":["M","?","M","?","$","R","E","R","T","E","T","$","R","M","R","B"],"character_chosen":"THE_SILENT","items_purchased":["Deadly Poison","Backstab+1"],"campfire_rested":0,"item_purchase_floors":[5,12],"current_hp_per_floor":[59,52,52,41,41,41,41,41,41,22,22,22,22,24,24,0],"gold":81,"neow_bonus":"THREE_ENEMY_KILL","is_prod":false,"is_daily":false,"chose_seed":false,"campfire_upgraded":4,"win_rate":0,"timestamp":1557819999,"path_taken":["M","?","M","?","?","R","E","R","T","E","?","$","R","?","R","BOSS"],"build_version":"2019-01-23","purchased_purges":1,"victory":false,"max_hp_per_floor":[66,66,66,66,66,66,66,66,66,66,66,66,66,66,66,66],"card_choices":[{"not_picked":["PiercingWail","Heel Hook"],"picked":"Well Laid Plans","floor":1},{"not_picked":["Outmaneuver","Deadly Poison"],"picked":"Calculated Gamble","floor":3},{"not_picked":["Deadly Poison","Blade Dance"],"picked":"Calculated Gamble","floor":7},{"not_picked":["Blade Dance","Concentrate","Prepared"],"picked":"SKIP","floor":10},{"not_picked":["Deadly Poison","Dodge and Roll"],"picked":"Infinite Blades","floor":14}],"player_experience":1678850,"relics_obtained":[{"floor":7,"key":"Blood Vial"},{"floor":10,"key":"Molten Egg 2"},{"floor":11,"key":"Anchor"}],"event_choices":[{"cards_removed":["Strike_G"],"damage_healed":0,"gold_gain":0,"player_choice":"Card Removal","damage_taken":7,"max_hp_gain":0,"max_hp_loss":0,"event_name":"Golden Wing","floor":2,"gold_loss":0},{"damage_healed":0,"gold_gain":75,"player_choice":"Gather Gold","damage_taken":11,"max_hp_gain":0,"max_hp_loss":0,"event_name":"World of Goop","floor":4,"gold_loss":0}],"is_beta":false,"boss_relics":[],"items_purged_floors":[5],"is_endless":false,"potions_floor_spawned":[3],"killed_by":"Slime Boss","ascension_level":20}