{"gold_per_floor":[117,46,46,46,57,57,71,71,71,71,88,117,117,136,136,241,241,257,276,276,276,276],"floor_reached":22,"playtime":1092,"items_purged":[],"score":260,"play_id":"9b6d0dea-2858-4dff-abf4-4e0555b7196b","local_time":"20190101215849","is_ascension_mode":true,"campfire_choices":[{"data":"Armaments","floor":6,"key":"SMITH"},{"floor":13,"key":"REST"},{"data":"Bash","floor":15,"key":"SMITH"}],"neow_cost":"NONE","seed_source_timestamp":272042183777900,"circlet_count":0,"master_deck":["Bash+1","Armaments+1","Rampage+1","Thunderclap","Dual Wield+1","Warcry+1","Juggernaut","Feed","Hemokinesis","Clash","Fiend Fire","Flame Barrier+1","Cleave","Fire Breathing","Flex+1","Cleave","Inflame+1","Feel No Pain"],"relics":["Burning Blood","Regal Pillow","Mummified Hand","Toxic Egg 2","Ginger","Pandora\u0027s Box"],"potions_floor_usage":[11,16,19,20],"damage_taken":[{"damage":3,"enemies":"2 Louse","floor":1,"turns":4},{"damage":1,"enemies":"Cultist","floor":5,"turns":3},{"damage":9,"enemies":"Jaw Worm","floor":7,"turns":3},{"damage":26,"enemies":"Lots of Slimes","floor":11,"turns":5},{"damage":37,"enemies":"Lagavulin","floor":12,"turns":8},{"damage":12,"enemies":"Looter","floor":14,"turns":3},{"damage":76,"enemies":"Hexaghost","floor":16,"turns":11},{"damage":30,"enemies":"3 Byrds","floor":18,"turns":4},{"damage":14,"enemies":"2 Thieves","floor":19,"turns":2},{"damage":20,"enemies":"Shelled Parasite and Fungi","floor":20,"turns":2},{"damage":18,"enemies":"Sentry and Sphere","floor":22,"turns":2}],"seed_played":"6795761020920033298","potions_obtained":[{"floor":0,"key":"AttackPotion"},{"floor":0,"key":"LiquidBronze"},{"floor":0,"key":"SmokeBomb"},{"floor":1,"key":"Regen Potion"},{"floor":11,"key":"Fruit Juice"},{"floor":12,"key":"SpeedPotion"},{"floor":18,"key":"Energy Potion"}],"is_trial":false,"path_per_floor":["M","$","?","$","M","R","M","?","T","T","M","E","R","M","R","B",null,"M","M","M","?","M"],"character_chosen":"IRONCLAD","items_purchased":["Rampage"],"campfire_rested":1,"item_purchase_floors":[2],"current_hp_per_floor":[75,75,75,75,80,80,77,74,74,74,59,28,68,62,62,7,66,42,34,23,15,0],"gold":276,"neow_bonus":"THREE_SMALL_POTIONS","is_prod":false,"is_daily":false,"chose_seed":false,"campfire_upgraded":2,"win_rate":0,"timestamp":1546376329,"path_taken":["M","$","?","?","M","R","M","?","T","?","?","E","R","M","R","BOSS","M","?","M","?","M"],"build_version":"2018-12-20","purchased_purges":0,"victory":false,"max_hp_per_floor":[80,80,80,80,80,80,80,80,80,80,85,85,85,85,85,85,85,85,85,88,88,88],"card_choices":[{"not_picked":["Perfected Strike","Iron Wave"],"picked":"Armaments","floor":1},{"not_picked":["Heavy Blade","Wild Strike"],"picked":"Thunderclap","floor":5},{"not_picked":["Heavy Blade","Feel No Pain","Uppercut"],"picked":"SKIP","floor":7},{"not_picked":["Anger","Wild Strike"],"picked":"Dual Wield+1","floor":11},{"not_picked":["Cleave","Shockwave+1"],"picked":"Warcry+1","floor":12},{"not_picked":["Wild Strike","Armaments+1","Intimidate+1"],"picked":"SKIP","floor":14},{"not_picked":["Reaper","Immolate"],"picked":"Juggernaut","floor":16},{"not_picked":["Body Slam","Entrench+1"],"picked":"Inflame+1","floor":18},{"not_picked":["Twin Strike+1","Sword Boomerang"],"picked":"Feel No Pain","floor":19}],"player_experience":1074554,"relics_obtained":[{"floor":9,"key":"Mummified Hand"},{"floor":10,"key":"Toxic Egg 2"},{"floor":12,"key":"Ginger"}],"event_choices":[{"damage_healed":0,"gold_gain":0,"player_choice":"Upgraded","damage_taken":0,"max_hp_gain":0,"max_hp_loss":0,"event_name":"Upgrade Shrine","floor":3,"gold_loss":0,"cards_upgraded":["Rampage"]},{"damage_healed":0,"gold_gain":0,"player_choice":"Success","damage_taken":3,"relics_obtained":["Regal Pillow"],"max_hp_gain":0,"max_hp_loss":0,"event_name":"Scrap Ooze","floor":8,"gold_loss":0},{"damage_healed":0,"gold_gain":0,"player_choice":"Damaged","damage_taken":8,"max_hp_gain":0,"max_hp_loss":0,"event_name":"Wheel of Change","floor":21,"gold_loss":0}],"is_beta":false,"boss_relics":[{"not_picked":["Philosopher\u0027s Stone","White Beast Statue"],"picked":"Pandora\u0027s Box"}],"items_purged_floors":[],"is_endless":false,"potions_floor_spawned":[1,5,11,12,18,20],"killed_by":"Sentry and Sphere","ascension_level":8}