{"gold_per_floor":[115,133,9,20,36,36,67,67,67,87,18,29,8,27,27,27],"floor_reached":16,"playtime":629,"items_purged":["Strike_B"],"score":151,"play_id":"3fef7d8c-b6ff-4157-a66f-e8bdec54c7ae","local_time":"20190512150848","is_ascension_mode":true,"campfire_choices":[{"data":"Zap","floor":6,"key":"SMITH"},{"floor":15,"key":"REST"}],"neow_cost":"PERCENT_DAMAGE","seed_source_timestamp":713268456325800,"circlet_count":0,"master_deck":["Strike_B","Strike_B","Strike_B","Defend_B","Defend_B","Defend_B","Defend_B","Zap+1","Dualcast","Sweeping Beam","Cold Snap","Conserve Battery","Reinforced Body","Ball Lightning","Ball Lightning","Defragment","Go for the Eyes","Stack"],"relics":["Cracked Core","Nunchaku","Peace Pipe","Darkstone Periapt"],"potions_floor_usage":[16],"damage_taken":[{"damage":1,"enemies":"Cultist","floor":1,"turns":3},{"damage":4,"enemies":"Small Slimes","floor":2,"turns":4},{"damage":5,"enemies":"Jaw Worm","floor":4,"turns":3},{"damage":3,"enemies":"Blue Slaver","floor":5,"turns":4},{"damage":14,"enemies":"Lagavulin","floor":7,"turns":9},{"damage":0,"enemies":"2 Fungi Beasts","floor":10,"turns":2},{"damage":10,"enemies":"Lots of Slimes","floor":12,"turns":4},{"damage":9,"enemies":"3 Louse","floor":14,"turns":3},{"damage":33,"enemies":"Slime Boss","floor":16,"turns":9}],"seed_played":"-963580559377911997","potions_obtained":[{"floor":1,"key":"Weak Potion"},{"floor":4,"key":"SkillPotion"},{"floor":5,"key":"PowerPotion"}],"is_trial":false,"path_per_floor":["M","M","$","M","M","R","E","?","T","M","$","M","?","M","R","B"],"character_chosen":"DEFECT","items_purchased":["Conserve Battery","Defragment"],"campfire_rested":1,"item_purchase_floors":[3,11],"current_hp_per_floor":[49,45,45,40,37,37,23,23,23,23,23,13,13,4,26,0],"gold":27,"neow_bonus":"ONE_RARE_RELIC","is_prod":false,"is_daily":false,"chose_seed":false,"campfire_upgraded":1,"win_rate":0,"timestamp":1557698928,"path_taken":["M","M","$","M","?","R","E","?","T","M","$","M","?","M","R","BOSS"],"build_version":"2019-01-23","purchased_purges":1,"victory":false,"max_hp_per_floor":[75,75,75,75,75,75,75,75,75,75,75,75,75,75,75,75],"card_choices":[{"not_picked":["Static Discharge","Chill"],"picked":"Sweeping Beam","floor":1},{"not_picked":["Go for the Eyes","Recycle"],"picked":"Cold Snap","floor":2},{"not_picked":["Beam Cell","Conserve Battery"],"picked":"Reinforced Body","floor":4},{"not_picked":["Double Energy","Conserve Battery","Leap"],"picked":"SKIP","floor":5},{"not_picked":["Streamline","Rainbow"],"picked":"Ball Lightning","floor":7},{"not_picked":["Redo","Static Discharge"],"picked":"Ball Lightning","floor":10},{"not_picked":["Leap","Conserve Battery"],"picked":"Go for the Eyes","floor":12},{"not_picked":["White Noise","Compile Driver"],"picked":"Stack","floor":14}],"player_experience":463975,"relics_obtained":[{"floor":7,"key":"Peace Pipe"},{"floor":9,"key":"Darkstone Periapt"}],"event_choices":[{"damage_healed":0,"gold_gain":0,"player_choice":"Ignored","damage_taken":0,"max_hp_gain":0,"max_hp_loss":0,"event_name":"Liars Game","floor":8,"gold_loss":0},{"damage_healed":0,"gold_gain":0,"player_choice":"Left Gold","damage_taken":0,"max_hp_gain":0,"max_hp_loss":0,"event_name":"World of Goop","floor":13,"gold_loss":21}],"is_beta":false,"boss_relics":[],"items_purged_floors":[3],"is_endless":false,"potions_floor_spawned":[1,4,5,14],"killed_by":"Slime Boss","ascension_level":9}