{"gold_per_floor":[109,109,34,34,47,82,82,110,110,122,133,133,150,225,225,328,328,340,7,7,19,19,19,19,67,67,67,94,19,33,33,33,132,132,152,152,170,170,170,170,199,199],"floor_reached":42,"playtime":1905,"items_purged":["Regret"],"score":743,"play_id":"8397a970-b647-45f3-8421-e44a0c9e43cd","local_time":"20190402183854","is_ascension_mode":true,"campfire_choices":[{"data":"Strike_G","floor":7,"key":"PURGE"},{"floor":12,"key":"REST"},{"floor":15,"key":"REST"},{"floor":23,"key":"REST"},{"floor":27,"key":"REST"},{"floor":32,"key":"REST"},{"floor":40,"key":"REST"}],"neow_cost":"NONE","seed_source_timestamp":596487558490300,"circlet_count":0,"master_deck":["AscendersBane","Defend_G","Defend_G","Defend_G","Defend_G","Defend_G","Survivor","Neutralize","Quick Slash+1","Flying Knee","Quick Slash+1","Choke","Flying Knee","Glass Knife","Corpse Explosion","Masterful Stab+1","Transmutation","Reflex","Adrenaline","Flying Knee","Adrenaline","Backstab","Madness","Madness","Backstab"],"relics":["Ring of the Snake","NeowsBlessing","Peace Pipe","Orichalcum","Bronze Scales","Black Star","Regal Pillow","Nloth\u0027s Gift","Whetstone","Bottled Lightning","Mango","Girya","Bag of Marbles","Fusion Hammer","Torii","Bottled Flame"],"potions_floor_usage":[16,33,41,41,41,41,41,41],"damage_taken":[{"damage":0,"enemies":"Small Slimes","floor":1,"turns":1},{"damage":0,"enemies":"2 Louse","floor":5,"turns":1},{"damage":0,"enemies":"Lagavulin","floor":6,"turns":1},{"damage":30,"enemies":"Gremlin Nob","floor":8,"turns":5},{"damage":0,"enemies":"Cultist","floor":10,"turns":3},{"damage":6,"enemies":"3 Louse","floor":11,"turns":3},{"damage":0,"enemies":"2 Fungi Beasts","floor":13,"turns":2},{"damage":53,"enemies":"Hexaghost","floor":16,"turns":11},{"damage":0,"enemies":"3 Byrds","floor":18,"turns":2},{"damage":33,"enemies":"2 Thieves","floor":21,"turns":3},{"damage":20,"enemies":"Slavers","floor":25,"turns":3},{"damage":24,"enemies":"Gremlin Leader","floor":28,"turns":5},{"damage":22,"enemies":"Snecko","floor":30,"turns":4},{"damage":58,"enemies":"Collector","floor":33,"turns":6},{"damage":18,"enemies":"3 Shapes","floor":35,"turns":5},{"damage":13,"enemies":"3 Darklings","floor":37,"turns":3},{"damage":37,"enemies":"Nemesis","floor":41,"turns":9},{"damage":34,"enemies":"Spire Growth","floor":42,"turns":3}],"seed_played":"-521346917917504684","potions_obtained":[{"floor":8,"key":"Ancient Potion"},{"floor":10,"key":"Swift Potion"},{"floor":16,"key":"SpeedPotion"},{"floor":25,"key":"GamblersBrew"},{"floor":35,"key":"EntropicBrew"}],"is_trial":false,"path_per_floor":["M","?","$","?","M","E","R","E","T","M","M","R","M","?","R","B",null,"M","$","?","M","?","R","?","E","T","R","E","?","M","$","R","B",null,"M","?","M","$","?","R","E","M"],"character_chosen":"THE_SILENT","items_purchased":["Regal Pillow","Transmutation"],"campfire_rested":6,"item_purchase_floors":[19,19],"current_hp_per_floor":[63,63,63,63,63,63,63,33,33,33,27,48,48,37,58,5,54,54,54,54,21,21,57,57,37,51,84,60,60,38,38,78,20,68,50,50,37,37,26,66,29,0],"gold":199,"neow_bonus":"THREE_ENEMY_KILL","is_prod":false,"is_daily":false,"chose_seed":false,"campfire_upgraded":0,"win_rate":0,"timestamp":1554223134,"path_taken":["M","?","$","?","M","E","R","E","T","M","M","R","M","?","R","BOSS","M","$","?","?","?","R","?","E","T","R","E","?","M","$","R","BOSS","M","?","?","?","?","R","E","?"],"build_version":"2019-01-23","purchased_purges":1,"victory":false,"max_hp_per_floor":[70,70,70,70,70,70,70,70,70,70,70,70,70,70,70,70,70,70,70,70,70,70,70,70,70,84,84,84,84,84,84,84,84,84,84,84,84,84,84,84,84,84],"card_choices":[{"not_picked":["Bane","Dodge and Roll"],"picked":"Quick Slash","floor":1},{"not_picked":["Poisoned Stab","Cloak And Dagger"],"picked":"Flying Knee","floor":5},{"not_picked":["Concentrate","Blade Dance"],"picked":"Quick Slash","floor":6},{"not_picked":["Flechettes","Bane"],"picked":"Choke","floor":8},{"not_picked":["Cloak And Dagger","Backflip"],"picked":"Flying Knee","floor":10},{"not_picked":["Concentrate","PiercingWail"],"picked":"Glass Knife","floor":11},{"not_picked":["Cloak And Dagger","Slice","Quick Slash"],"picked":"SKIP","floor":13},{"not_picked":["Doppelganger","Wraith Form v2"],"picked":"Corpse Explosion","floor":16},{"not_picked":["Backflip+1","Choke"],"picked":"Masterful Stab+1","floor":18},{"not_picked":["Accuracy","Prepared","PiercingWail+1"],"picked":"SKIP","floor":21},{"not_picked":["Slice","Grand Finale","A Thousand Cuts"],"picked":"SKIP","floor":25},{"not_picked":["Poisoned Stab","Dagger Spray+1"],"picked":"Flying Knee","floor":28},{"not_picked":["Accuracy","Underhanded Strike+1","Bane+1"],"picked":"SKIP","floor":30},{"not_picked":["Doppelganger","After Image"],"picked":"Adrenaline","floor":33},{"not_picked":["Deflect","Dagger Throw+1","Eviscerate"],"picked":"SKIP","floor":35},{"not_picked":["Prepared+1","Riddle With Holes+1"],"picked":"Backstab","floor":37},{"not_picked":["Poisoned Stab+1","Predator"],"picked":"Backstab","floor":41}],"player_experience":1591705,"relics_obtained":[{"floor":6,"key":"Orichalcum"},{"floor":8,"key":"Bronze Scales"},{"floor":9,"key":"Tingsha"},{"floor":25,"key":"Whetstone"},{"floor":25,"key":"Bottled Lightning"},{"floor":26,"key":"Mango"},{"floor":28,"key":"Girya"},{"floor":28,"key":"Bag of Marbles"},{"floor":41,"key":"Torii"},{"floor":41,"key":"Bottled Flame"}],"event_choices":[{"damage_healed":0,"gold_gain":0,"player_choice":"Box","damage_taken":0,"relics_obtained":["Peace Pipe"],"max_hp_gain":0,"max_hp_loss":0,"event_name":"Big Fish","floor":2,"gold_loss":0,"cards_obtained":["Regret"]},{"cards_removed":["Strike_G"],"damage_healed":0,"gold_gain":0,"player_choice":"Forget","damage_taken":0,"max_hp_gain":0,"max_hp_loss":0,"event_name":"Living Wall","floor":4,"gold_loss":0},{"damage_healed":0,"gold_gain":75,"player_choice":"Gather Gold","damage_taken":11,"max_hp_gain":0,"max_hp_loss":0,"event_name":"World of Goop","floor":14,"gold_loss":0},{"damage_healed":0,"gold_gain":0,"player_choice":"Traded Relic","damage_taken":0,"relics_obtained":["Nloth\u0027s Gift"],"max_hp_gain":0,"max_hp_loss":0,"event_name":"N\u0027loth","floor":20,"relics_lost":["Tingsha"],"gold_loss":0},{"damage_healed":0,"gold_gain":0,"cards_transformed":["Strike_G","Strike_G"],"player_choice":"Became Test Subject","damage_taken":0,"max_hp_gain":0,"max_hp_loss":0,"event_name":"Drug Dealer","floor":22,"gold_loss":0,"cards_obtained":["Reflex","Adrenaline"]},{"damage_healed":0,"gold_gain":0,"player_choice":"Ignored","damage_taken":0,"max_hp_gain":0,"max_hp_loss":0,"event_name":"Ghosts","floor":24,"gold_loss":0},{"cards_removed":["Strike_G"],"damage_healed":0,"gold_gain":0,"player_choice":"Gave Gold","damage_taken":0,"max_hp_gain":0,"max_hp_loss":0,"event_name":"Beggar","floor":29,"gold_loss":75},{"damage_healed":0,"gold_gain":0,"player_choice":"Ignored","damage_taken":0,"max_hp_gain":0,"max_hp_loss":0,"event_name":"SecretPortal","floor":36,"gold_loss":0},{"damage_healed":0,"gold_gain":0,"player_choice":"Embrace Madness","damage_taken":11,"max_hp_gain":0,"max_hp_loss":0,"event_name":"Winding Halls","floor":39,"gold_loss":0,"cards_obtained":["Madness","Madness"]}],"is_beta":false,"boss_relics":[{"not_picked":["White Beast Statue","WristBlade"],"picked":"Black Star"},{"not_picked":["Eternal Feather","Runic Dome"],"picked":"Fusion Hammer"}],"items_purged_floors":[3],"is_endless":false,"potions_floor_spawned":[8,10,16,25,28,35],"killed_by":"Spire Growth","ascension_level":10}