{"gold_per_floor":[15,15,15,28,28,41,41,74,126,126,143,143,155,175,175,275,275,287,11,311,321,266,266,266],"floor_reached":24,"playtime":756,"items_purged":[],"score":284,"play_id":"5e6acf9d-c634-4a12-ad48-78ea688dbd68","local_time":"20190221201141","is_ascension_mode":true,"campfire_choices":[{"floor":7,"key":"REST"},{"floor":12,"key":"REST"},{"floor":15,"key":"REST"},{"floor":23,"key":"REST"}],"neow_cost":"NO_GOLD","seed_source_timestamp":383321676667800,"circlet_count":0,"master_deck":["Strike_B","Strike_B","Defend_B","Defend_B","Defend_B","Defend_B","Zap","Dualcast","Ball Lightning","Chaos","Defragment","Recycle","Darkness","Chaos","Hyperbeam","Normality","Parasite","Clumsy","Self Repair","Self Repair"],"relics":["Cracked Core","Calipers","Potion Belt","Ancient Tea Set","Calling Bell","Omamori","Symbiotic Virus","Turnip","Lee\u0027s Waffle","Old Coin","Tiny Chest"],"potions_floor_usage":[14],"damage_taken":[{"damage":9,"enemies":"2 Louse","floor":1,"turns":2},{"damage":6,"enemies":"Cultist","floor":4,"turns":3},{"damage":2,"enemies":"Jaw Worm","floor":6,"turns":4},{"damage":29,"enemies":"3 Sentries","floor":8,"turns":7},{"damage":28,"enemies":"Lots of Slimes","floor":11,"turns":4},{"damage":5,"enemies":"Exordium Wildlife","floor":13,"turns":3},{"damage":26,"enemies":"Gremlin Gang","floor":14,"turns":5},{"damage":52,"enemies":"Slime Boss","floor":16,"turns":8},{"damage":22,"enemies":"Spheric Guardian","floor":18,"turns":5},{"damage":46,"enemies":"Chosen","floor":21,"turns":6},{"damage":74,"enemies":"Book of Stabbing","floor":24,"turns":5}],"seed_played":"3965091140403257230","potions_obtained":[{"floor":4,"key":"Energy Potion"},{"floor":8,"key":"FairyPotion"},{"floor":13,"key":"Regen Potion"}],"is_trial":false,"path_per_floor":["M","$","?","M","$","M","R","E","T","?","M","R","M","M","R","B",null,"M","$","?","M","?","R","E"],"character_chosen":"DEFECT","items_purchased":["Lee\u0027s Waffle","Self Repair"],"campfire_rested":4,"item_purchase_floors":[19,19],"current_hp_per_floor":[59,59,59,53,53,51,73,44,44,44,16,38,33,21,43,5,58,36,82,82,50,50,74,0],"gold":266,"neow_bonus":"ONE_RARE_RELIC","is_prod":false,"is_daily":false,"chose_seed":false,"campfire_upgraded":0,"win_rate":0,"timestamp":1550776301,"path_taken":["M","$","?","M","$","?","R","E","T","?","M","R","?","M","R","BOSS","M","$","?","?","?","R","E"],"build_version":"2019-01-23","purchased_purges":0,"victory":false,"max_hp_per_floor":[75,75,75,75,75,75,75,75,75,75,75,75,75,75,75,75,75,75,82,82,82,82,82,82],"card_choices":[{"not_picked":["Cold Snap","Reinforced Body"],"picked":"Ball Lightning","floor":1},{"not_picked":["Stack","Scrape"],"picked":"Chaos","floor":4},{"not_picked":["Genetic Algorithm","Reinforced Body"],"picked":"Defragment","floor":6},{"not_picked":["Barrage","Auto Shields"],"picked":"Recycle","floor":8},{"not_picked":["Barrage","Go for the Eyes","Gash"],"picked":"SKIP","floor":11},{"not_picked":["Reprogram","Leap"],"picked":"Darkness","floor":13},{"not_picked":["Darkness","Go for the Eyes"],"picked":"Chaos","floor":14},{"not_picked":["Reboot","Thunder Strike"],"picked":"Hyperbeam","floor":16},{"not_picked":["Go for the Eyes+1","Leap"],"picked":"Self Repair","floor":18},{"not_picked":["Streamline+1","Force Field","Gash+1"],"picked":"SKIP","floor":21}],"player_experience":1408512,"relics_obtained":[{"floor":8,"key":"Potion Belt"},{"floor":9,"key":"Ancient Tea Set"},{"floor":17,"key":"Omamori"},{"floor":17,"key":"Symbiotic Virus"},{"floor":17,"key":"Turnip"}],"event_choices":[{"cards_removed":["Strike_B"],"damage_healed":0,"gold_gain":0,"player_choice":"Purged","damage_taken":0,"max_hp_gain":0,"max_hp_loss":0,"event_name":"Purifier","floor":3,"gold_loss":0},{"cards_removed":["Strike_B"],"damage_healed":0,"gold_gain":0,"player_choice":"Offered Basic","damage_taken":0,"max_hp_gain":0,"max_hp_loss":0,"event_name":"Bonfire Elementals","floor":10,"gold_loss":0},{"damage_healed":0,"gold_gain":0,"player_choice":"Gave Potion","damage_taken":0,"relics_obtained":["Old Coin"],"max_hp_gain":0,"max_hp_loss":0,"event_name":"WeMeetAgain","floor":20,"gold_loss":0},{"damage_healed":0,"gold_gain":0,"player_choice":"Obtained Relic","damage_taken":0,"relics_obtained":["Tiny Chest"],"max_hp_gain":0,"max_hp_loss":0,"event_name":"Addict","floor":22,"gold_loss":85}],"is_beta":false,"boss_relics":[{"not_picked":["White Beast Statue","Empty Cage"],"picked":"Calling Bell"}],"items_purged_floors":[],"is_endless":false,"potions_floor_spawned":[4,8,13],"killed_by":"Book of Stabbing","ascension_level":9}