{"gold_per_floor":[363,383,37,2,2,32,49,49,96,96,50,50,66,83,83,156,156,171,171,171,20,295,295,295],"floor_reached":24,"playtime":628,"items_purged":["Writhe"],"score":317,"play_id":"2f06619c-d9a0-488f-8139-a3b4acf989d5","local_time":"20190506193935","is_ascension_mode":true,"campfire_choices":[{"floor":12,"key":"REST"},{"floor":15,"key":"REST"},{"floor":23,"key":"REST"}],"neow_cost":"PERCENT_DAMAGE","seed_source_timestamp":107918048232700,"circlet_count":0,"master_deck":["AscendersBane","Strike_B","Strike_B","Strike_B","Strike_B","Defend_B","Defend_B","Defend_B","Defend_B","Zap","Dualcast","Turbo","Sunder","Conserve Battery","Auto Shields","Hyperbeam","Recycle","Blizzard","Regret"],"relics":["FrozenCore","Juzu Bracelet","Strange Spoon","Mercury Hourglass","Symbiotic Virus","Bag of Marbles","Blue Candle"],"potions_floor_usage":[6,16,16,24],"damage_taken":[{"damage":1,"enemies":"Cultist","floor":1,"turns":3},{"damage":0,"enemies":"2 Louse","floor":2,"turns":2},{"damage":65,"enemies":"Gremlin Nob","floor":6,"turns":5},{"damage":4,"enemies":"Jaw Worm","floor":7,"turns":3},{"damage":5,"enemies":"Large Slime","floor":13,"turns":4},{"damage":3,"enemies":"2 Fungi Beasts","floor":14,"turns":3},{"damage":27,"enemies":"Hexaghost","floor":16,"turns":9},{"damage":28,"enemies":"Shell Parasite","floor":18,"turns":8},{"damage":78,"enemies":"Book of Stabbing","floor":24,"turns":8}],"seed_played":"5879100984147824319","potions_obtained":[{"floor":2,"key":"Regen Potion"},{"floor":7,"key":"Energy Potion"},{"floor":13,"key":"PowerPotion"},{"floor":18,"key":"EssenceOfSteel"}],"is_trial":false,"path_per_floor":["M","M","$","?","$","E","M","T","T","?","?","R","M","M","R","B",null,"M","?","?","$","?","R","E"],"character_chosen":"DEFECT","items_purchased":["Juzu Bracelet","Strange Spoon","Blizzard"],"campfire_rested":3,"item_purchase_floors":[3,3,21],"current_hp_per_floor":[49,49,49,67,67,11,7,7,7,7,7,29,24,21,43,16,60,32,57,57,57,57,75,0],"gold":295,"neow_bonus":"TWO_FIFTY_GOLD","is_prod":false,"is_daily":false,"chose_seed":false,"campfire_upgraded":0,"win_rate":0,"timestamp":1557164375,"path_taken":["M","?","$","?","$","E","M","?","T","?","?","R","M","M","R","BOSS","M","?","?","$","?","R","E"],"build_version":"2019-01-23","purchased_purges":1,"victory":false,"max_hp_per_floor":[75,75,75,75,75,75,75,75,75,75,75,75,75,75,75,75,75,75,75,75,75,75,75,75],"card_choices":[{"not_picked":["Conserve Battery","Doom and Gloom"],"picked":"Turbo","floor":1},{"not_picked":["Turbo","FTL","Coolheaded"],"picked":"SKIP","floor":2},{"not_picked":["Fusion","Stack"],"picked":"Sunder","floor":6},{"not_picked":["Lockon","Cold Snap","Beam Cell"],"picked":"SKIP","floor":7},{"not_picked":["Doom and Gloom","Beam Cell"],"picked":"Conserve Battery","floor":13},{"not_picked":["Reinforced Body","Loop"],"picked":"Auto Shields","floor":14},{"not_picked":["Machine Learning","Seek"],"picked":"Hyperbeam","floor":16},{"not_picked":["Leap","Stack"],"picked":"Recycle","floor":18}],"player_experience":1825353,"relics_obtained":[{"floor":6,"key":"Mercury Hourglass"},{"floor":8,"key":"Symbiotic Virus"},{"floor":9,"key":"Bag of Marbles"}],"event_choices":[{"damage_healed":18,"gold_gain":0,"player_choice":"Healed","damage_taken":0,"max_hp_gain":0,"max_hp_loss":0,"event_name":"The Cleric","floor":4,"gold_loss":35},{"damage_healed":0,"gold_gain":0,"player_choice":"Ignored","damage_taken":0,"max_hp_gain":0,"max_hp_loss":0,"event_name":"Shining Light","floor":10,"gold_loss":0},{"damage_healed":0,"gold_gain":0,"player_choice":"Left Gold","damage_taken":0,"max_hp_gain":0,"max_hp_loss":0,"event_name":"World of Goop","floor":11,"gold_loss":46},{"damage_healed":25,"gold_gain":0,"player_choice":"Heal","damage_taken":0,"max_hp_gain":0,"max_hp_loss":0,"event_name":"The Library","floor":19,"gold_loss":0},{"damage_healed":0,"gold_gain":0,"player_choice":"Opened","damage_taken":0,"relics_obtained":["Blue Candle"],"max_hp_gain":0,"max_hp_loss":0,"event_name":"The Mausoleum","floor":20,"gold_loss":0,"cards_obtained":["Writhe"]},{"damage_healed":0,"gold_gain":275,"player_choice":"Desecrate","damage_taken":0,"max_hp_gain":0,"max_hp_loss":0,"event_name":"Golden Shrine","floor":22,"gold_loss":0,"cards_obtained":["Regret"]}],"is_beta":false,"boss_relics":[{"not_picked":["Inserter","Tiny House"],"picked":"FrozenCore"}],"items_purged_floors":[21],"is_endless":false,"potions_floor_spawned":[2,7,13,14,18],"killed_by":"Book of Stabbing","ascension_level":13}