{"gold_per_floor":[114,114,39,39,54,69,84,99,99,18,18,48,48,78,78,178,178,193,118,18,33,48,78,93,123,123,123,75,90,105,120,120,220,220,235,235,2,17,32,62,92,107,157,187,202,232,232,232,232,232],"floor_reached":51,"playtime":5467,"items_purged":["Strike_G","Grand Finale","Grand Finale"],"score":869,"play_id":"fd15ce32-1682-4242-94f0-0c6e9cbd21a7","local_time":"20181227222904","daily_mods":["Specialized","Flight","Lethality"],"is_ascension_mode":false,"campfire_choices":[{"floor":11,"key":"REST"},{"floor":15,"key":"REST"},{"floor":27,"key":"REST"},{"floor":32,"key":"REST"},{"data":"Prepared","floor":49,"key":"SMITH"}],"neow_cost":"","seed_source_timestamp":0,"circlet_count":0,"master_deck":["Defend_G","Defend_G","Defend_G","Defend_G","Defend_G","Strike_G","Strike_G","Strike_G","Survivor","Neutralize","Grand Finale","Grand Finale","Slice","Concentrate","Slice","Deflect","Quick Slash","Concentrate","Unload+1","Flying Knee+1","Storm of Steel","Slice+1","Prepared+1","Calculated Gamble","Dagger Spray+1","Expertise","Endless Agony+1","Dagger Spray+1","Well Laid Plans+1","Acrobatics+1","Riddle With Holes+1","Doppelganger+1","Dagger Spray+1","Concentrate+1","Finisher+1","Slice+1","Dagger Throw+1","Acrobatics+1","Slice+1","Expertise+1","Outmaneuver+1","Prepared+1","Doubt"],"special_seed":17893,"relics":["Ring of the Snake","Unceasing Top","Potion Belt","Molten Egg 2","Ornamental Fan","Bag of Marbles","Black Star","Meat on the Bone","Shuriken","Mummified Hand","Dream Catcher","Toxic Egg 2","Lizard Tail","Mercury Hourglass","Smiling Mask","Gremlin Horn","Strawberry","PreservedInsect","Ginger","Bottled Flame","Incense Burner","Orichalcum","Dodecahedron"],"potions_floor_usage":[7,8,12,16,23,23,25,31,33,33,50,50],"damage_taken":[{"damage":8,"enemies":"Small Slimes","floor":1,"turns":3},{"damage":14,"enemies":"Jaw Worm","floor":5,"turns":4},{"damage":0,"enemies":"Cultist","floor":6,"turns":4},{"damage":11,"enemies":"Exordium Thugs","floor":7,"turns":5},{"damage":5,"enemies":"Large Slime","floor":8,"turns":7},{"damage":27,"enemies":"3 Sentries","floor":12,"turns":3},{"damage":10,"enemies":"Lagavulin","floor":14,"turns":4},{"damage":14,"enemies":"Slime Boss","floor":16,"turns":8},{"damage":4,"enemies":"2 Thieves","floor":18,"turns":3},{"damage":0,"enemies":"Chosen","floor":21,"turns":2},{"damage":39,"enemies":"Snake Plant","floor":22,"turns":3},{"damage":29,"enemies":"Book of Stabbing","floor":23,"turns":3},{"damage":0,"enemies":"Snecko","floor":24,"turns":1},{"damage":0,"enemies":"Gremlin Leader","floor":25,"turns":3},{"damage":21,"enemies":"Shelled Parasite and Fungi","floor":29,"turns":3},{"damage":22,"enemies":"Snake Plant","floor":30,"turns":2},{"damage":12,"enemies":"Cultist and Chosen","floor":31,"turns":2},{"damage":11,"enemies":"Automaton","floor":33,"turns":4},{"damage":0,"enemies":"3 Shapes","floor":35,"turns":2},{"damage":0,"enemies":"Orb Walker","floor":38,"turns":2},{"damage":14,"enemies":"Maw","floor":39,"turns":3},{"damage":10,"enemies":"Reptomancer","floor":40,"turns":4},{"damage":8,"enemies":"Giant Head","floor":41,"turns":3},{"damage":0,"enemies":"Writhing Mass","floor":42,"turns":2},{"damage":0,"enemies":"Reptomancer","floor":44,"turns":1},{"damage":11,"enemies":"Spire Growth","floor":45,"turns":3},{"damage":18,"enemies":"Nemesis","floor":46,"turns":3},{"damage":63,"enemies":"Time Eater","floor":50,"turns":6}],"seed_played":"-53600940269430925","potions_obtained":[{"floor":1,"key":"Explosive Potion"},{"floor":6,"key":"Regen Potion"},{"floor":8,"key":"GamblersBrew"},{"floor":14,"key":"Weak Potion"},{"floor":16,"key":"PowerPotion"},{"floor":22,"key":"Regen Potion"},{"floor":23,"key":"AttackPotion"},{"floor":29,"key":"SteroidPotion"},{"floor":30,"key":"Fruit Juice"},{"floor":31,"key":"LiquidBronze"},{"floor":38,"key":"SpeedPotion"},{"floor":40,"key":"FairyPotion"},{"floor":46,"key":"Dexterity Potion"}],"is_trial":false,"path_per_floor":["M","?","$","?","M","M","M","M","T","$","R","E","T","E","R","B",null,"M","?","$","M","M","E","M","E","T","R","$","M","M","M","R","B",null,"M","?","$","M","M","E","E","M","T","E","M","E","T","?","R","B",null],"character_chosen":"THE_SILENT","items_purchased":["Concentrate","Dagger Spray+1","Concentrate+1","Finisher+1"],"campfire_rested":4,"item_purchase_floors":[10,28,37,37],"current_hp_per_floor":[62,62,62,44,30,30,31,26,26,26,47,20,20,10,31,17,70,66,66,66,66,27,7,19,31,31,52,52,43,33,38,60,49,75,75,75,75,75,61,51,50,50,50,50,51,45,45,82,82,31],"gold":232,"neow_bonus":"","is_prod":false,"is_daily":true,"chose_seed":false,"campfire_upgraded":1,"win_rate":0,"timestamp":1545978544,"path_taken":["M","?","$","?","M","M","?","?","T","$","R","E","?","E","R","BOSS","M","?","$","M","M","E","M","E","T","R","$","M","M","M","R","BOSS","M","?","$","M","M","E","E","M","T","E","M","E","?","?","R","BOSS"],"build_version":"2018-12-20","purchased_purges":3,"victory":true,"max_hp_per_floor":[70,70,70,70,70,70,70,70,70,70,70,70,70,70,70,70,70,70,70,70,70,70,70,70,70,70,70,70,70,70,75,75,75,75,75,75,75,75,75,75,82,82,82,82,82,82,82,82,82,82],"card_choices":[{"not_picked":["PiercingWail","Prepared"],"picked":"Slice","floor":1},{"not_picked":["PiercingWail","Underhanded Strike"],"picked":"Concentrate","floor":5},{"not_picked":["Reflex","Distraction"],"picked":"Slice","floor":6},{"not_picked":["Predator","Bane"],"picked":"Deflect","floor":7},{"not_picked":["Dodge and Roll","Bane"],"picked":"Quick Slash","floor":8},{"not_picked":["Well Laid Plans","Flying Knee"],"picked":"Unload","floor":12},{"not_picked":["Underhanded Strike+1","Blur"],"picked":"Flying Knee+1","floor":14},{"not_picked":["Die Die Die+1","Malaise"],"picked":"Storm of Steel","floor":16},{"not_picked":["Eviscerate+1","Blade Dance+1"],"picked":"Slice+1","floor":18},{"not_picked":["Underhanded Strike+1","Flying Knee+1"],"picked":"Prepared","floor":21},{"not_picked":["Blur","Escape Plan"],"picked":"Calculated Gamble","floor":22},{"not_picked":["Bane+1","Dash+1"],"picked":"Dagger Spray+1","floor":23},{"not_picked":["A Thousand Cuts","All Out Attack+1"],"picked":"Expertise","floor":24},{"not_picked":["Dodge and Roll+1","Skewer+1","Bane+1"],"picked":"SKIP","floor":25},{"not_picked":["Poisoned Stab+1","Dodge and Roll+1"],"picked":"Endless Agony+1","floor":27},{"not_picked":["Footwork+1","Cloak And Dagger+1"],"picked":"Well Laid Plans+1","floor":29},{"not_picked":["Cloak And Dagger+1","Leg Sweep+1","Poisoned Stab+1"],"picked":"SKIP","floor":30},{"not_picked":["Dagger Throw+1","Terror+1"],"picked":"Acrobatics+1","floor":31},{"not_picked":["Backflip+1","Leg Sweep+1"],"picked":"Riddle With Holes+1","floor":32},{"not_picked":["Grand Finale+1","Burst+1"],"picked":"Doppelganger+1","floor":33},{"not_picked":["Riddle With Holes+1","Poisoned Stab+1"],"picked":"Dagger Spray+1","floor":35},{"not_picked":["Blade Dance+1","Bouncing Flask+1"],"picked":"Slice+1","floor":38},{"not_picked":["Corpse Explosion+1","Catalyst+1"],"picked":"Dagger Throw+1","floor":39},{"not_picked":["Escape Plan+1","Reflex+1"],"picked":"Acrobatics+1","floor":40},{"not_picked":["Accuracy","Blade Dance+1"],"picked":"Slice+1","floor":41},{"not_picked":["All Out Attack+1","Poisoned Stab+1"],"picked":"Expertise+1","floor":42},{"not_picked":["Bullet Time+1","Dash+1"],"picked":"Outmaneuver+1","floor":44},{"not_picked":["PiercingWail+1","Cloak And Dagger+1"],"picked":"Prepared+1","floor":45},{"not_picked":["Deadly Poison+1","Sucker Punch+1","Catalyst+1"],"picked":"SKIP","floor":46}],"player_experience":140864,"relics_obtained":[{"floor":9,"key":"Potion Belt"},{"floor":12,"key":"Molten Egg 2"},{"floor":13,"key":"Ornamental Fan"},{"floor":14,"key":"Bag of Marbles"},{"floor":23,"key":"Meat on the Bone"},{"floor":23,"key":"Shuriken"},{"floor":25,"key":"Mummified Hand"},{"floor":25,"key":"Dream Catcher"},{"floor":26,"key":"Toxic Egg 2"},{"floor":40,"key":"Mercury Hourglass"},{"floor":40,"key":"Smiling Mask"},{"floor":41,"key":"Gremlin Horn"},{"floor":41,"key":"Strawberry"},{"floor":43,"key":"PreservedInsect"},{"floor":44,"key":"Ginger"},{"floor":44,"key":"Bottled Flame"},{"floor":46,"key":"Incense Burner"},{"floor":46,"key":"Orichalcum"},{"floor":47,"key":"Dodecahedron"}],"event_choices":[{"cards_removed":["Strike_G"],"damage_healed":0,"gold_gain":0,"player_choice":"Forget","damage_taken":0,"max_hp_gain":0,"max_hp_loss":0,"event_name":"Living Wall","floor":2,"gold_loss":0},{"damage_healed":0,"gold_gain":0,"player_choice":"Success","damage_taken":18,"relics_obtained":["Unceasing Top"],"max_hp_gain":0,"max_hp_loss":0,"event_name":"Scrap Ooze","floor":4,"gold_loss":0},{"cards_removed":["Grand Finale"],"damage_healed":0,"gold_gain":0,"player_choice":"Gave Gold","damage_taken":0,"max_hp_gain":0,"max_hp_loss":0,"event_name":"Beggar","floor":19,"gold_loss":75},{"damage_healed":0,"gold_gain":0,"player_choice":"Ignored","damage_taken":0,"max_hp_gain":0,"max_hp_loss":0,"event_name":"Tomb of Lord Red Mask","floor":36,"gold_loss":0},{"damage_healed":37,"gold_gain":0,"player_choice":"Heal","damage_taken":0,"max_hp_gain":0,"max_hp_loss":0,"event_name":"MindBloom","floor":48,"gold_loss":0,"cards_obtained":["Doubt"]}],"is_beta":false,"boss_relics":[{"not_picked":["Philosopher\u0027s Stone","Astrolabe"],"picked":"Black Star"},{"not_picked":["Sozu","Coffee Dripper"],"picked":"Lizard Tail"}],"items_purged_floors":[3,20,37],"is_endless":false,"potions_floor_spawned":[1,6,8,14,16,22,23,29,30,31,38,40,46],"ascension_level":0}