{"gold_per_floor":[109,109,127,146,146,203,203,54,54,54,54,74,98,142,142,233,233,221,221,221,96,117,117,117,117,140,140,140,140],"floor_reached":29,"playtime":978,"items_purged":["Decay"],"score":566,"play_id":"453a762a-27ca-431d-9429-622620938f8a","local_time":"20190413104849","is_ascension_mode":true,"campfire_choices":[{"data":"Rage","floor":11,"key":"SMITH"},{"data":"Bludgeon","floor":15,"key":"SMITH"},{"floor":23,"key":"REST"},{"floor":24,"key":"REST"},{"floor":28,"key":"REST"}],"neow_cost":"NONE","seed_source_timestamp":209192547664100,"circlet_count":0,"master_deck":["AscendersBane","Strike_R","Strike_R","Strike_R","Strike_R","Strike_R","Defend_R","Defend_R","Defend_R","Defend_R","Bash+1","Flex","Rage+1","Bludgeon+1","Reaper","Injury","Feed","Rupture","Dual Wield","Pommel Strike","Double Tap","Doubt","Writhe","Flex","Shame","Bash","Corruption","Havoc","Feed"],"relics":["Burning Blood","NeowsBlessing","FossilizedHelix","Tiny Chest","Golden Idol","Mango","Vajra","Calling Bell","Dream Catcher","Question Card","WingedGreaves","Ornamental Fan","Art of War"],"potions_floor_usage":[18,27,27],"damage_taken":[{"damage":0,"enemies":"Jaw Worm","floor":1,"turns":1},{"damage":0,"enemies":"Cultist","floor":3,"turns":1},{"damage":2,"enemies":"Small Slimes","floor":4,"turns":2},{"damage":0,"enemies":"Gremlin Nob","floor":6,"turns":3},{"damage":8,"enemies":"Blue Slaver","floor":12,"turns":4},{"damage":12,"enemies":"3 Louse","floor":13,"turns":4},{"damage":5,"enemies":"Lagavulin","floor":14,"turns":6},{"damage":58,"enemies":"The Guardian","floor":16,"turns":9},{"damage":20,"enemies":"2 Thieves","floor":18,"turns":4},{"damage":46,"enemies":"Spheric Guardian","floor":22,"turns":6},{"damage":18,"enemies":"Gremlin Leader","floor":27,"turns":2},{"damage":92,"enemies":"Slavers","floor":29,"turns":4}],"seed_played":"1737903211887989214","potions_obtained":[{"floor":4,"key":"EssenceOfSteel"},{"floor":10,"key":"Block Potion"},{"floor":10,"key":"SmokeBomb"}],"is_trial":false,"path_per_floor":["M","?","M","M","?","E","?","$","T","?","R","M","M","E","R","B",null,"M","?","?","$","M","R","R","$","T","E","R","E"],"character_chosen":"IRONCLAD","items_purchased":["Feed","PowerPotion"],"campfire_rested":3,"item_purchase_floors":[8,21],"current_hp_per_floor":[74,74,75,75,57,63,63,63,77,77,77,81,86,87,87,40,79,65,65,65,65,25,52,79,79,79,67,92,0],"gold":140,"neow_bonus":"THREE_ENEMY_KILL","is_prod":false,"is_daily":false,"chose_seed":false,"campfire_upgraded":2,"win_rate":0,"timestamp":1555145329,"path_taken":["M","?","?","M","?","E","?","?","T","?","R","?","M","E","R","BOSS","M","?","?","$","?","R","R","$","T","E","R","E"],"build_version":"2019-01-23","purchased_purges":1,"victory":false,"max_hp_per_floor":[75,75,75,75,75,75,75,75,89,89,89,89,92,92,92,92,92,92,92,92,92,92,92,92,92,92,92,92,92],"card_choices":[{"not_picked":["Armaments","Sever Soul"],"picked":"Flex","floor":1},{"not_picked":["Carnage","Havoc"],"picked":"Rage","floor":3},{"not_picked":["Thunderclap","Twin Strike"],"picked":"Bludgeon","floor":4},{"not_picked":["Pommel Strike","Shockwave"],"picked":"Reaper","floor":6},{"not_picked":["Disarm","Iron Wave"],"picked":"Rupture","floor":12},{"not_picked":["Sever Soul","Heavy Blade"],"picked":"Dual Wield","floor":13},{"not_picked":["Bloodletting","Clothesline"],"picked":"Pommel Strike","floor":14},{"not_picked":["Demon Form","Berserk"],"picked":"Double Tap","floor":16},{"not_picked":["Wild Strike","Thunderclap","Shrug It Off+1"],"picked":"Flex","floor":18},{"not_picked":["Rupture+1","Warcry","Rampage"],"picked":"Corruption","floor":22},{"not_picked":["Armaments","Pommel Strike","Headbutt"],"picked":"Havoc","floor":24},{"not_picked":["Searing Blow","Headbutt","Second Wind"],"picked":"Feed","floor":28}],"player_experience":1682646,"relics_obtained":[{"floor":6,"key":"Tiny Chest"},{"floor":9,"key":"Mango"},{"floor":14,"key":"Vajra"},{"floor":17,"key":"Dream Catcher"},{"floor":17,"key":"Question Card"},{"floor":17,"key":"WingedGreaves"},{"floor":26,"key":"Art of War"}],"event_choices":[{"damage_healed":0,"gold_gain":0,"player_choice":"Upgraded","damage_taken":0,"max_hp_gain":0,"max_hp_loss":0,"event_name":"Upgrade Shrine","floor":2,"gold_loss":0,"cards_upgraded":["Bash"]},{"damage_healed":0,"gold_gain":0,"player_choice":"Success","damage_taken":18,"relics_obtained":["FossilizedHelix"],"max_hp_gain":0,"max_hp_loss":0,"event_name":"Scrap Ooze","floor":5,"gold_loss":0},{"damage_healed":0,"gold_gain":0,"player_choice":"Take Wound","damage_taken":0,"relics_obtained":["Golden Idol"],"max_hp_gain":0,"max_hp_loss":0,"event_name":"Golden Idol","floor":7,"gold_loss":0,"cards_obtained":["Injury"]},{"damage_healed":0,"gold_gain":0,"player_choice":"Got Potions","damage_taken":0,"max_hp_gain":0,"max_hp_loss":0,"event_name":"Lab","floor":10,"gold_loss":0},{"damage_healed":0,"gold_gain":0,"player_choice":"Stole Relic","damage_taken":0,"relics_obtained":["Ornamental Fan"],"max_hp_gain":0,"max_hp_loss":0,"event_name":"Addict","floor":19,"gold_loss":0,"cards_obtained":["Shame"]},{"damage_healed":0,"gold_gain":0,"player_choice":"1 cards matched","damage_taken":0,"max_hp_gain":0,"max_hp_loss":0,"event_name":"Match and Keep!","floor":20,"gold_loss":0,"cards_obtained":["Bash"]}],"is_beta":false,"boss_relics":[{"not_picked":["Busted Crown","Orrery"],"picked":"Calling Bell"}],"items_purged_floors":[21],"is_endless":false,"potions_floor_spawned":[4,12,14,16,27],"killed_by":"Slavers","ascension_level":14}