{"gold_per_floor":[117,136,211,225,242,267,279,279,279,279,5,35,35,46,46,46],"floor_reached":16,"playtime":551,"items_purged":[],"score":193,"play_id":"99acc07b-6df4-48d5-b1e1-a553b55477a4","local_time":"20190513205136","is_ascension_mode":true,"campfire_choices":[{"floor":8,"key":"REST"},{"data":"Combust","floor":10,"key":"SMITH"},{"data":"Immolate","floor":13,"key":"SMITH"},{"data":"Clothesline","floor":15,"key":"SMITH"}],"neow_cost":"PERCENT_DAMAGE","seed_source_timestamp":820318029588700,"circlet_count":0,"master_deck":["AscendersBane","Strike_R","Strike_R","Strike_R","Strike_R","Strike_R","Defend_R","Defend_R","Defend_R","Defend_R","Bash","Clothesline+1","Combust+1","Second Wind","Brutality","Dropkick","Immolate+1","Thunderclap","Ghostly Armor"],"relics":["Burning Blood","Art of War","Meat on the Bone","Membership Card","Regal Pillow"],"potions_floor_usage":[16,16],"damage_taken":[{"damage":4,"enemies":"2 Louse","floor":1,"turns":4},{"damage":18,"enemies":"Jaw Worm","floor":2,"turns":5},{"damage":0,"enemies":"Cultist","floor":4,"turns":4},{"damage":12,"enemies":"3 Louse","floor":5,"turns":4},{"damage":27,"enemies":"3 Sentries","floor":6,"turns":8},{"damage":9,"enemies":"Blue Slaver","floor":7,"turns":5},{"damage":10,"enemies":"Gremlin Nob","floor":12,"turns":3},{"damage":0,"enemies":"2 Fungi Beasts","floor":14,"turns":1},{"damage":73,"enemies":"The Guardian","floor":16,"turns":11}],"seed_played":"8769818748842753093","potions_obtained":[{"floor":1,"key":"BloodPotion"},{"floor":2,"key":"Weak Potion"},{"floor":6,"key":"Energy Potion"}],"is_trial":false,"path_per_floor":["M","M","?","M","M","E","M","R","T","R","$","E","R","M","R","B"],"character_chosen":"IRONCLAD","items_purchased":["Membership Card","Immolate"],"campfire_rested":1,"item_purchase_floors":[11,11],"current_hp_per_floor":[69,57,46,52,46,25,22,50,50,50,50,58,58,64,64,0],"gold":46,"neow_bonus":"TWENTY_PERCENT_HP_BONUS","is_prod":false,"is_daily":false,"chose_seed":false,"campfire_upgraded":3,"win_rate":0,"timestamp":1557805896,"path_taken":["M","M","?","M","M","E","M","R","T","R","$","E","R","M","R","BOSS"],"build_version":"2019-01-23","purchased_purges":0,"victory":false,"max_hp_per_floor":[96,96,96,96,96,96,96,96,96,96,96,96,96,96,96,96],"card_choices":[{"not_picked":["Perfected Strike","Armaments"],"picked":"Clothesline","floor":1},{"not_picked":["Clash","Sever Soul","Dual Wield"],"picked":"SKIP","floor":2},{"not_picked":["Flex","Wild Strike"],"picked":"Combust","floor":4},{"not_picked":["Bloodletting","Warcry"],"picked":"Second Wind","floor":5},{"not_picked":["Blood for Blood","Havoc"],"picked":"Brutality","floor":6},{"not_picked":["Power Through","Bloodletting"],"picked":"Dropkick","floor":7},{"not_picked":["Armaments","Warcry"],"picked":"Thunderclap","floor":12},{"not_picked":["Carnage","Searing Blow"],"picked":"Ghostly Armor","floor":14}],"player_experience":472780,"relics_obtained":[{"floor":6,"key":"Art of War"},{"floor":9,"key":"Meat on the Bone"},{"floor":12,"key":"Regal Pillow"}],"event_choices":[{"damage_healed":0,"gold_gain":75,"player_choice":"Gather Gold","damage_taken":11,"max_hp_gain":0,"max_hp_loss":0,"event_name":"World of Goop","floor":3,"gold_loss":0}],"is_beta":false,"boss_relics":[],"items_purged_floors":[],"is_endless":false,"potions_floor_spawned":[1,2,6,7],"killed_by":"The Guardian","ascension_level":10}