{"gold_per_floor":[119,44,219,7,7,7,34,50,73,73,92,44,6,6,6,107,107,119,119,15,15,32,32,48,48,48,77,77],"floor_reached":28,"playtime":797,"items_purged":["Strike_B","Doubt"],"score":336,"play_id":"111fc5b7-1e19-40be-85fa-0572e96c9997","local_time":"20190201091952","is_ascension_mode":true,"campfire_choices":[{"floor":6,"key":"REST"},{"data":"Redo","floor":15,"key":"SMITH"},{"floor":23,"key":"REST"}],"neow_cost":"NONE","seed_source_timestamp":747217489521800,"circlet_count":0,"master_deck":["Strike_B","Defend_B","Defend_B","Defend_B","Defend_B","Zap","Dualcast","BootSequence","Static Discharge","Fusion","Rebound","Capacitor","Redo+1","Undo","Creative AI","Darkness+1","Defragment","Melter+1","Redo","Turbo+1","Chaos+1"],"relics":["Cracked Core","Strawberry","Vajra","Orichalcum","Fusion Hammer","Molten Egg 2","The Courier","Question Card","Prayer Wheel"],"potions_floor_usage":[7,16,24,24,27,27],"damage_taken":[{"damage":7,"enemies":"2 Louse","floor":1,"turns":3},{"damage":21,"enemies":"3 Sentries","floor":7,"turns":9},{"damage":2,"enemies":"Jaw Worm","floor":8,"turns":3},{"damage":0,"enemies":"Small Slimes","floor":11,"turns":4},{"damage":32,"enemies":"Slime Boss","floor":16,"turns":7},{"damage":20,"enemies":"Chosen","floor":18,"turns":7},{"damage":22,"enemies":"Shell Parasite","floor":22,"turns":5},{"damage":9,"enemies":"Snake Plant","floor":24,"turns":3},{"damage":47,"enemies":"Slavers","floor":27,"turns":4},{"damage":11,"enemies":"Centurion and Healer","floor":28,"turns":2}],"seed_played":"-1915618278636328327","potions_obtained":[{"floor":1,"key":"Dexterity Potion"},{"floor":11,"key":"PowerPotion"},{"floor":16,"key":"Regen Potion"},{"floor":18,"key":"Fire Potion"},{"floor":22,"key":"FocusPotion"},{"floor":24,"key":"Strength Potion"}],"is_trial":false,"path_per_floor":["M","$","?","$","?","R","E","M","T","$","M","$","$","?","R","B",null,"M","T","$","?","M","R","M","?","T","E","M"],"character_chosen":"DEFECT","items_purchased":["Static Discharge","Fusion","Redo","Undo","Defragment","Melter+1"],"campfire_rested":2,"item_purchase_floors":[4,4,12,13,20,20],"current_hp_per_floor":[68,68,68,68,61,82,61,59,59,59,59,59,59,59,59,27,68,48,48,48,48,26,50,41,41,41,6,0],"gold":77,"neow_bonus":"RANDOM_COMMON_RELIC","is_prod":false,"is_daily":false,"chose_seed":false,"campfire_upgraded":1,"win_rate":0,"timestamp":1549009192,"path_taken":["M","$","?","?","?","R","E","M","T","?","?","?","$","?","R","BOSS","M","?","$","?","M","R","M","?","T","E","M"],"build_version":"2019-01-23","purchased_purges":2,"victory":false,"max_hp_per_floor":[82,82,82,82,82,82,82,82,82,82,82,82,82,82,82,82,82,82,82,82,82,82,82,82,82,82,82,82],"card_choices":[{"not_picked":["Reinforced Body","Aggregate"],"picked":"BootSequence","floor":1},{"not_picked":["Ball Lightning","Thunder Strike"],"picked":"Rebound","floor":7},{"not_picked":["Gash","Rebound"],"picked":"Capacitor","floor":8},{"not_picked":["Steam","Ball Lightning","Force Field"],"picked":"SKIP","floor":11},{"not_picked":["Machine Learning","Hyperbeam"],"picked":"Creative AI","floor":16},{"not_picked":["Barrage","Compile Driver"],"picked":"Darkness+1","floor":18},{"not_picked":["Rebound+1","Go for the Eyes+1"],"picked":"Redo","floor":22},{"not_picked":["Streamline+1","Consume"],"picked":"Turbo+1","floor":24},{"not_picked":["Rebound+1","Creative AI","Steam+1"],"picked":"Chaos+1","floor":27}],"player_experience":1390221,"relics_obtained":[{"floor":7,"key":"Vajra"},{"floor":9,"key":"Orichalcum"},{"floor":19,"key":"Molten Egg 2"},{"floor":26,"key":"Question Card"},{"floor":27,"key":"Prayer Wheel"}],"event_choices":[{"damage_healed":0,"gold_gain":175,"player_choice":"AGREE","damage_taken":0,"max_hp_gain":0,"max_hp_loss":0,"event_name":"Liars Game","floor":3,"gold_loss":0,"cards_obtained":["Doubt"]},{"cards_removed":["Strike_B"],"damage_healed":0,"gold_gain":0,"player_choice":"Card Removal","damage_taken":7,"max_hp_gain":0,"max_hp_loss":0,"event_name":"Golden Wing","floor":5,"gold_loss":0},{"cards_removed":["Strike_B"],"damage_healed":0,"gold_gain":0,"player_choice":"Offered Basic","damage_taken":0,"max_hp_gain":0,"max_hp_loss":0,"event_name":"Bonfire Elementals","floor":14,"gold_loss":0},{"damage_healed":0,"gold_gain":0,"player_choice":"Stole Relic","damage_taken":0,"relics_obtained":["The Courier"],"max_hp_gain":0,"max_hp_loss":0,"event_name":"Addict","floor":21,"gold_loss":0,"cards_obtained":["Shame"]},{"cards_removed":["Shame"],"damage_healed":0,"gold_gain":0,"player_choice":"Removed Curses","damage_taken":0,"max_hp_gain":0,"max_hp_loss":0,"event_name":"Fountain of Cleansing","floor":25,"gold_loss":0}],"is_beta":false,"boss_relics":[{"not_picked":["Coffee Dripper","Ectoplasm"],"picked":"Fusion Hammer"}],"items_purged_floors":[2,4],"is_endless":false,"potions_floor_spawned":[1,11,16,18,22,24],"killed_by":"Centurion and Healer","ascension_level":9}