{"gold_per_floor":[116,41,55,55,66,91,91,91,91,91,103,103,103,134,134,233,233,218,218,37,37,37,37],"floor_reached":23,"playtime":793,"items_purged":["Writhe","Strike_R"],"score":244,"play_id":"fa43ccf5-6f77-4a39-bcdb-739dfb8188f3","local_time":"20190423211740","is_ascension_mode":true,"campfire_choices":[{"data":"Headbutt","floor":7,"key":"SMITH"},{"data":"Searing Blow","floor":10,"key":"SMITH"},{"floor":13,"key":"REST"},{"floor":15,"key":"REST"}],"neow_cost":"CURSE","seed_source_timestamp":1082197155034900,"circlet_count":0,"master_deck":["Strike_R","Strike_R","Strike_R","Defend_R","Defend_R","Defend_R","Defend_R","Bash","Shrug It Off","Disarm","Headbutt+1","Searing Blow+1","Metallicize","Armaments","Demon Form","Shrug It Off+1","Whirlwind","Decay"],"relics":["Black Blood","Gambling Chip","Gremlin Horn","Matryoshka","Oddly Smooth Stone","Strawberry","Blood Vial","Ornamental Fan"],"potions_floor_usage":[16],"damage_taken":[{"damage":9,"enemies":"Cultist","floor":1,"turns":5},{"damage":0,"enemies":"2 Louse","floor":3,"turns":3},{"damage":0,"enemies":"Small Slimes","floor":5,"turns":3},{"damage":35,"enemies":"Gremlin Nob","floor":6,"turns":6},{"damage":13,"enemies":"Exordium Thugs","floor":11,"turns":4},{"damage":29,"enemies":"Lagavulin","floor":14,"turns":8},{"damage":40,"enemies":"Hexaghost","floor":16,"turns":16},{"damage":43,"enemies":"2 Thieves","floor":18,"turns":4},{"damage":39,"enemies":"Gremlin Leader","floor":23,"turns":3}],"seed_played":"-9058616890148547197","potions_obtained":[{"floor":6,"key":"BloodPotion"},{"floor":11,"key":"SteroidPotion"}],"is_trial":false,"path_per_floor":["M","$","M","?","M","E","R","$","T","R","M","?","R","E","R","B",null,"M","?","$","T","?","E"],"character_chosen":"IRONCLAD","items_purchased":["Whirlwind"],"campfire_rested":2,"item_purchase_floors":[20],"current_hp_per_floor":[77,77,80,80,80,51,51,51,51,51,44,19,43,27,53,19,70,37,37,37,37,37,0],"gold":37,"neow_bonus":"ONE_RARE_RELIC","is_prod":false,"is_daily":false,"chose_seed":false,"campfire_upgraded":2,"win_rate":0,"timestamp":1556079460,"path_taken":["M","$","M","?","?","E","R","$","T","R","M","?","R","E","R","BOSS","M","?","$","?","?","E"],"build_version":"2019-01-23","purchased_purges":2,"victory":false,"max_hp_per_floor":[80,80,80,80,80,80,80,80,80,80,80,80,80,87,87,87,87,87,87,87,87,87,87],"card_choices":[{"not_picked":["Pommel Strike","True Grit"],"picked":"Shrug It Off","floor":1},{"not_picked":["Fire Breathing","Second Wind"],"picked":"Disarm","floor":3},{"not_picked":["Thunderclap","Anger"],"picked":"Headbutt","floor":5},{"not_picked":["Dual Wield","Carnage"],"picked":"Searing Blow","floor":6},{"not_picked":["Bludgeon","Rupture"],"picked":"Metallicize","floor":11},{"not_picked":["Blood for Blood","Evolve"],"picked":"Armaments","floor":14},{"not_picked":["Dark Embrace","Berserk"],"picked":"Demon Form","floor":16},{"not_picked":["True Grit","Second Wind"],"picked":"Shrug It Off+1","floor":18}],"player_experience":353776,"relics_obtained":[{"floor":6,"key":"Gremlin Horn"},{"floor":9,"key":"Matryoshka"},{"floor":14,"key":"Strawberry"},{"floor":21,"key":"Blood Vial"},{"floor":21,"key":"Ornamental Fan"}],"event_choices":[{"damage_healed":0,"gold_gain":0,"player_choice":"Ignored","damage_taken":0,"max_hp_gain":0,"max_hp_loss":0,"event_name":"NoteForYourself","floor":4,"gold_loss":0},{"damage_healed":0,"gold_gain":0,"player_choice":"Success","damage_taken":25,"relics_obtained":["Oddly Smooth Stone"],"max_hp_gain":0,"max_hp_loss":0,"event_name":"Scrap Ooze","floor":12,"gold_loss":0},{"cards_removed":["Strike_R"],"damage_healed":0,"gold_gain":0,"player_choice":"Purged","damage_taken":0,"max_hp_gain":0,"max_hp_loss":0,"event_name":"Purifier","floor":19,"gold_loss":0},{"damage_healed":0,"gold_gain":0,"player_choice":"Smashed Altar","damage_taken":0,"max_hp_gain":0,"max_hp_loss":0,"event_name":"Forgotten Altar","floor":22,"gold_loss":0,"cards_obtained":["Decay"]}],"is_beta":false,"boss_relics":[{"not_picked":["Orrery","Eternal Feather"],"picked":"Black Blood"}],"items_purged_floors":[2,20],"is_endless":false,"potions_floor_spawned":[6,11],"killed_by":"Gremlin Leader","ascension_level":5}