{"gold_per_floor":[115,80,50,68,68,96,106,106,106,124,135,135,135,154,154,231,231,241,3,14,31,31,31],"floor_reached":23,"playtime":1084,"items_purged":[],"score":318,"play_id":"ebfd922f-3ae0-48bf-8b90-b30b963730f4","local_time":"20190411194400","is_ascension_mode":true,"campfire_choices":[{"floor":8,"key":"REST"},{"floor":13,"key":"REST"},{"floor":15,"key":"REST"}],"neow_cost":"PERCENT_DAMAGE","seed_source_timestamp":68395877290499,"circlet_count":0,"master_deck":["AscendersBane","Strike_R+1","Strike_R+1","Strike_R+1","Strike_R+1","Strike_R+1","Defend_R+1","Defend_R+1","Defend_R+1","Defend_R+1","Bash","Burning Pact","Infernal Blade","Feel No Pain","Havoc","Dual Wield","Fiend Fire","Cleave","Pommel Strike","Combust","Brutality","Metamorphosis","Inflame","Cleave+1"],"relics":["Burning Blood","Torii","Dream Catcher","Bottled Flame","Blood Vial","Black Star"],"potions_floor_usage":[4,4,10,16,16,21,23],"damage_taken":[{"damage":11,"enemies":"Small Slimes","floor":1,"turns":3},{"damage":3,"enemies":"Jaw Worm","floor":4,"turns":5},{"damage":44,"enemies":"3 Sentries","floor":6,"turns":13},{"damage":6,"enemies":"Cultist","floor":7,"turns":3},{"damage":15,"enemies":"Large Slime","floor":10,"turns":6},{"damage":16,"enemies":"Lots of Slimes","floor":11,"turns":6},{"damage":16,"enemies":"3 Louse","floor":14,"turns":4},{"damage":59,"enemies":"Slime Boss","floor":16,"turns":7},{"damage":43,"enemies":"Shell Parasite","floor":18,"turns":6},{"damage":6,"enemies":"Spheric Guardian","floor":20,"turns":3},{"damage":26,"enemies":"3 Cultists","floor":21,"turns":4},{"damage":24,"enemies":"Gremlin Leader","floor":23,"turns":3}],"seed_played":"-6694743254926491120","potions_obtained":[{"floor":3,"key":"Fruit Juice"},{"floor":3,"key":"Weak Potion"},{"floor":7,"key":"Fire Potion"},{"floor":10,"key":"Poison Potion"},{"floor":11,"key":"SteroidPotion"},{"floor":21,"key":"EssenceOfSteel"}],"is_trial":false,"path_per_floor":["M","?","?","M","$","E","M","R","T","M","M","?","R","M","R","B",null,"M","$","M","M","?","E"],"character_chosen":"IRONCLAD","items_purchased":["Metamorphosis","PowerPotion"],"campfire_rested":3,"item_purchase_floors":[19,19],"current_hp_per_floor":[46,66,66,74,74,36,36,61,61,52,42,42,67,59,84,32,72,37,37,39,21,21,0],"gold":31,"neow_bonus":"ONE_RARE_RELIC","is_prod":false,"is_daily":false,"chose_seed":false,"campfire_upgraded":0,"win_rate":0,"timestamp":1555004640,"path_taken":["M","?","?","M","$","E","?","R","T","M","M","?","R","?","R","BOSS","M","$","M","M","?","E"],"build_version":"2019-01-23","purchased_purges":0,"victory":false,"max_hp_per_floor":[80,80,80,85,85,85,85,85,85,85,85,85,85,85,85,85,85,85,85,85,85,85,85],"card_choices":[{"not_picked":["Body Slam","Wild Strike"],"picked":"Burning Pact","floor":1},{"not_picked":["Body Slam","Twin Strike"],"picked":"Infernal Blade","floor":4},{"not_picked":["Uppercut","Dropkick"],"picked":"Feel No Pain","floor":6},{"not_picked":["Thunderclap","Brutality"],"picked":"Havoc","floor":7},{"not_picked":["Sword Boomerang","Perfected Strike"],"picked":"Dual Wield","floor":8},{"not_picked":["Armaments","Iron Wave"],"picked":"Fiend Fire","floor":10},{"not_picked":["Clash","Wild Strike","Body Slam"],"picked":"SKIP","floor":11},{"not_picked":["Headbutt","Fire Breathing"],"picked":"Cleave","floor":13},{"not_picked":["True Grit","Rupture"],"picked":"Pommel Strike","floor":14},{"not_picked":["Flex","Berserk"],"picked":"Combust","floor":15},{"not_picked":["Offering","Berserk"],"picked":"Brutality","floor":16},{"not_picked":["Thunderclap","True Grit","Warcry"],"picked":"SKIP","floor":18},{"not_picked":["Twin Strike","Havoc"],"picked":"Inflame","floor":20},{"not_picked":["Pommel Strike","Flex+1"],"picked":"Cleave+1","floor":21}],"player_experience":1634837,"relics_obtained":[{"floor":6,"key":"Dream Catcher"},{"floor":9,"key":"Bottled Flame"},{"floor":12,"key":"Blood Vial"}],"event_choices":[{"damage_healed":20,"gold_gain":0,"player_choice":"Healed","damage_taken":0,"max_hp_gain":0,"max_hp_loss":0,"event_name":"The Cleric","floor":2,"gold_loss":35},{"damage_healed":0,"gold_gain":0,"player_choice":"Bought 2 Potions","damage_taken":0,"max_hp_gain":0,"max_hp_loss":0,"event_name":"The Woman in Blue","floor":3,"gold_loss":0},{"damage_healed":0,"gold_gain":0,"player_choice":"Relic","damage_taken":0,"max_hp_gain":0,"max_hp_loss":0,"event_name":"Wheel of Change","floor":12,"gold_loss":0},{"damage_healed":0,"gold_gain":0,"player_choice":"Simplicity","damage_taken":0,"max_hp_gain":0,"max_hp_loss":0,"event_name":"Back to Basics","floor":22,"gold_loss":0,"cards_upgraded":["Strike_R","Strike_R","Strike_R","Strike_R","Strike_R","Defend_R","Defend_R","Defend_R","Defend_R"]}],"is_beta":false,"boss_relics":[{"not_picked":["Pandora\u0027s Box","Coffee Dripper"],"picked":"Black Star"}],"items_purged_floors":[],"is_endless":false,"potions_floor_spawned":[7,10,11,14,21],"killed_by":"Gremlin Leader","ascension_level":13}