{"gold_per_floor":[114,129,129,144,100,100,115,145,145,145,160,190,205,20,20,120,120,135,150,165,165,180,180,195,195,270,285,22,22],"floor_reached":29,"playtime":1454,"items_purged":["Strike_R","Strike_G"],"score":229,"play_id":"ebda740f-88bb-453e-bc23-6e4500d1fba3","local_time":"20190208230126","daily_mods":["Chimera","Uncertain Future","Binary"],"is_ascension_mode":false,"campfire_choices":[{"data":"Streamline","floor":6,"key":"SMITH"},{"data":"Auto Shields","floor":10,"key":"SMITH"},{"floor":15,"key":"REST"},{"floor":23,"key":"REST"}],"neow_cost":"","seed_source_timestamp":0,"circlet_count":0,"master_deck":["Bash","Survivor","Zap+1","Strike_B","Defend_R","Defend_G","Defend_B","Melter","Tempest","Streamline+1","Auto Shields+1","Streamline","Rebound","Beam Cell","Steam","BootSequence","Echo Form","Tempest+1","Ball Lightning+1","Conserve Battery","Undo","Coolheaded+1","Gash+1","Buffer","Bandage Up","Chill"],"special_seed":17936,"relics":["FrozenCore","Omamori","The Courier","CultistMask","Gremlin Horn"],"potions_floor_usage":[16,16,24,24,24],"damage_taken":[{"damage":0,"enemies":"Small Slimes","floor":1,"turns":3},{"damage":0,"enemies":"2 Louse","floor":2,"turns":2},{"damage":0,"enemies":"Cultist","floor":4,"turns":2},{"damage":3,"enemies":"2 Fungi Beasts","floor":7,"turns":3},{"damage":14,"enemies":"Gremlin Nob","floor":8,"turns":4},{"damage":10,"enemies":"Looter","floor":11,"turns":3},{"damage":2,"enemies":"Exordium Thugs","floor":13,"turns":3},{"damage":35,"enemies":"The Guardian","floor":16,"turns":8},{"damage":5,"enemies":"Chosen","floor":18,"turns":6},{"damage":16,"enemies":"3 Byrds","floor":19,"turns":6},{"damage":6,"enemies":"Sentry and Sphere","floor":20,"turns":3},{"damage":22,"enemies":"Cultist and Chosen","floor":22,"turns":6},{"damage":26,"enemies":"3 Cultists","floor":24,"turns":8},{"damage":15,"enemies":"Snake Plant","floor":27,"turns":5},{"damage":12,"enemies":"Book of Stabbing","floor":29,"turns":3}],"seed_played":"-7331181694979665872","potions_obtained":[{"floor":1,"key":"SneckoOil"},{"floor":2,"key":"Poison Potion"},{"floor":13,"key":"LiquidBronze"},{"floor":19,"key":"SkillPotion"},{"floor":22,"key":"FocusPotion"}],"is_trial":false,"path_per_floor":["M","M","?","M","?","R","M","E","T","R","M","?","M","$","R","B",null,"M","M","M","?","M","R","M","?","T","M","$","E"],"character_chosen":"DEFECT","items_purchased":["Steam","BootSequence","Dexterity Potion","Buffer","Bandage Up","Chill"],"campfire_rested":2,"item_purchase_floors":[14,14,14,28,28,28],"current_hp_per_floor":[75,75,75,75,75,75,72,58,58,58,48,48,46,46,68,33,75,70,54,48,48,26,48,22,22,22,7,7,0],"gold":22,"neow_bonus":"","is_prod":false,"is_daily":true,"chose_seed":false,"campfire_upgraded":2,"win_rate":0,"timestamp":1549695686,"path_taken":["M","M","?","M","?","R","M","E","T","R","M","?","M","$","R","BOSS","M","M","M","?","?","R","M","?","T","M","$","E"],"build_version":"2019-01-23","purchased_purges":2,"victory":false,"max_hp_per_floor":[75,75,75,75,75,75,75,75,75,75,75,75,75,75,75,75,75,75,75,75,75,75,75,75,75,75,75,75,75],"card_choices":[{"not_picked":["Gash"],"picked":"Melter","floor":1},{"not_picked":["Hello World"],"picked":"Tempest","floor":2},{"not_picked":["Steam"],"picked":"Streamline","floor":4},{"not_picked":["Coolheaded"],"picked":"Auto Shields","floor":7},{"not_picked":["Scrape"],"picked":"Streamline","floor":8},{"not_picked":["Gash"],"picked":"Rebound","floor":11},{"not_picked":["Skim"],"picked":"Beam Cell","floor":13},{"not_picked":["Amplify"],"picked":"Echo Form","floor":16},{"not_picked":["Go for the Eyes"],"picked":"Tempest+1","floor":18},{"not_picked":["Steam"],"picked":"Ball Lightning+1","floor":19},{"not_picked":["Go for the Eyes"],"picked":"Conserve Battery","floor":20},{"not_picked":["Stack"],"picked":"Undo","floor":22},{"not_picked":["Ball Lightning"],"picked":"Coolheaded+1","floor":24},{"not_picked":["FTL"],"picked":"Gash+1","floor":27}],"player_experience":245590,"relics_obtained":[{"floor":8,"key":"Omamori"},{"floor":9,"key":"The Courier"},{"floor":26,"key":"Gremlin Horn"}],"event_choices":[{"damage_healed":0,"gold_gain":0,"player_choice":"Grow","damage_taken":0,"max_hp_gain":0,"max_hp_loss":0,"event_name":"Living Wall","floor":3,"gold_loss":0,"cards_upgraded":["Zap"]},{"damage_healed":0,"gold_gain":0,"player_choice":"Left Gold","damage_taken":0,"max_hp_gain":0,"max_hp_loss":0,"event_name":"World of Goop","floor":5,"gold_loss":44},{"damage_healed":0,"gold_gain":30,"player_choice":"Searched \u00271\u0027 times","damage_taken":0,"max_hp_gain":0,"max_hp_loss":0,"event_name":"Dead Adventurer","floor":12,"gold_loss":0},{"damage_healed":0,"gold_gain":0,"player_choice":"Trade","damage_taken":0,"relics_obtained":["CultistMask"],"max_hp_gain":0,"max_hp_loss":0,"event_name":"FaceTrader","floor":21,"gold_loss":0},{"damage_healed":0,"gold_gain":0,"player_choice":"Ignored","damage_taken":0,"max_hp_gain":0,"max_hp_loss":0,"event_name":"Cursed Tome","floor":25,"gold_loss":0}],"is_beta":false,"boss_relics":[{"not_picked":["Philosopher\u0027s Stone","Nuclear Battery"],"picked":"FrozenCore"}],"items_purged_floors":[14,28],"is_endless":false,"potions_floor_spawned":[1,2,13,19,22],"killed_by":"Book of Stabbing","ascension_level":0}