{"gold_per_floor":[19,38,38,38,55,83,83,118,164,196,196,196,216,216,216,321,321,341,0,0,19,19,19,54,54,54,54,70,89,89,99,99,204,204,224,224,1223,1239,386,418,418],"floor_reached":41,"playtime":2087,"items_purged":["Pain"],"score":861,"play_id":"5f4c7dde-8007-478c-8f7e-54b2685eb1e5","local_time":"20190327213808","is_ascension_mode":true,"campfire_choices":[{"floor":7,"key":"REST"},{"floor":11,"key":"REST"},{"floor":15,"key":"REST"},{"floor":23,"key":"REST"},{"data":"1","floor":25,"key":"LIFT"},{"data":"2","floor":30,"key":"LIFT"},{"floor":32,"key":"REST"}],"neow_cost":"NO_GOLD","seed_source_timestamp":92259068783300,"circlet_count":0,"master_deck":["AscendersBane","Defend_G","Defend_G","Defend_G","Defend_G","Defend_G","Strike_G","Strike_G","Strike_G","Survivor","Neutralize","Dramatic Entrance","Blind","Dagger Throw","Flying Knee","After Image","Cloak And Dagger","Backstab","Backstab","Corpse Explosion","Caltrops","Blade Dance","Bandage Up","Malaise","Well Laid Plans","Infinite Blades","Bullet Time","Decay","Normality","Setup+1","Normality","Normality","Dagger Spray+1","Mayhem","Catalyst+1"],"relics":["Ring of the Snake","Letter Opener","Bag of Preparation","Snake Skull","Bird Faced Urn","Shuriken","White Beast Statue","Toy Ornithopter","Girya","Gremlin Horn","Calling Bell","Juzu Bracelet","Matryoshka","Mango","Ancient Tea Set","Art of War","TheAbacus","Lantern"],"potions_floor_usage":[6,24,24,28,31,33,33,35,39,41,41,41],"damage_taken":[{"damage":0,"enemies":"Small Slimes","floor":1,"turns":4},{"damage":2,"enemies":"Cultist","floor":2,"turns":4},{"damage":1,"enemies":"2 Louse","floor":5,"turns":2},{"damage":34,"enemies":"Lagavulin","floor":6,"turns":6},{"damage":18,"enemies":"Gremlin Nob","floor":8,"turns":5},{"damage":14,"enemies":"Lagavulin","floor":10,"turns":11},{"damage":0,"enemies":"Blue Slaver","floor":13,"turns":3},{"damage":16,"enemies":"The Guardian","floor":16,"turns":15},{"damage":11,"enemies":"Spheric Guardian","floor":18,"turns":4},{"damage":6,"enemies":"Chosen","floor":21,"turns":4},{"damage":41,"enemies":"Book of Stabbing","floor":24,"turns":6},{"damage":0,"enemies":"3 Cultists","floor":28,"turns":4},{"damage":15,"enemies":"Centurion and Healer","floor":29,"turns":5},{"damage":21,"enemies":"Snake Plant","floor":31,"turns":3},{"damage":49,"enemies":"Automaton","floor":33,"turns":11},{"damage":8,"enemies":"Orb Walker","floor":35,"turns":3},{"damage":18,"enemies":"3 Shapes","floor":38,"turns":5},{"damage":71,"enemies":"Nemesis","floor":40,"turns":9},{"damage":53,"enemies":"Spire Growth","floor":41,"turns":4}],"seed_played":"-2910832066599095530","potions_obtained":[{"floor":2,"key":"PowerPotion"},{"floor":13,"key":"Regen Potion"},{"floor":18,"key":"PowerPotion"},{"floor":21,"key":"Poison Potion"},{"floor":24,"key":"SteroidPotion"},{"floor":28,"key":"Weak Potion"},{"floor":29,"key":"Energy Potion"},{"floor":31,"key":"EssenceOfSteel"},{"floor":33,"key":"Strength Potion"},{"floor":35,"key":"Ancient Potion"},{"floor":38,"key":"EssenceOfSteel"},{"floor":40,"key":"SpeedPotion"}],"is_trial":false,"path_per_floor":["M","M","?","$","M","E","R","E","T","E","R","?","M","T","R","B",null,"M","$","?","M","?","R","E","R","T","?","M","M","R","M","R","B",null,"M","?","?","M","$","E","M"],"character_chosen":"THE_SILENT","items_purchased":["Toy Ornithopter","Blade Dance","Bandage Up","Mayhem","Fruit Juice","Ancient Tea Set","Art of War","TheAbacus"],"campfire_rested":5,"item_purchase_floors":[19,19,19,39,39,39,39,39],"current_hp_per_floor":[63,61,61,61,60,26,47,29,29,15,36,36,36,36,57,43,63,54,54,54,54,54,70,40,40,40,33,44,37,37,40,61,27,73,72,72,72,62,72,15,0],"gold":418,"neow_bonus":"RANDOM_COLORLESS_2","is_prod":false,"is_daily":false,"chose_seed":false,"campfire_upgraded":0,"win_rate":0,"timestamp":1553719088,"path_taken":["M","M","?","$","?","E","R","E","T","E","R","?","M","?","R","BOSS","M","$","?","M","?","R","E","R","T","?","?","M","R","M","R","BOSS","M","?","?","M","$","E","M"],"build_version":"2019-01-23","purchased_purges":1,"victory":false,"max_hp_per_floor":[70,70,70,70,70,70,70,70,70,70,70,70,70,70,70,70,70,70,70,70,70,70,70,70,70,70,70,70,70,70,70,70,70,84,84,84,84,84,89,89,89],"card_choices":[{"not_picked":["Crippling Poison","Prepared"],"picked":"Dagger Throw","floor":1},{"not_picked":["Prepared","Deflect"],"picked":"Flying Knee","floor":2},{"not_picked":["Setup","Underhanded Strike","Outmaneuver"],"picked":"SKIP","floor":5},{"not_picked":["Acrobatics","PiercingWail"],"picked":"After Image","floor":6},{"not_picked":["Deflect","Terror"],"picked":"Cloak And Dagger","floor":8},{"not_picked":["Acrobatics","Masterful Stab"],"picked":"Backstab","floor":10},{"not_picked":["PiercingWail","Acrobatics"],"picked":"Backstab","floor":13},{"not_picked":["Tools of the Trade","Envenom"],"picked":"Corpse Explosion","floor":16},{"not_picked":["Slice","Poisoned Stab+1"],"picked":"Caltrops","floor":18},{"not_picked":["Acrobatics","Slice","Deadly Poison"],"picked":"SKIP","floor":21},{"not_picked":["Well Laid Plans","Choke"],"picked":"Malaise","floor":24},{"not_picked":["Masterful Stab+1","Dodge and Roll+1","Acrobatics"],"picked":"SKIP","floor":28},{"not_picked":["Dagger Throw+1","Concentrate"],"picked":"Well Laid Plans","floor":29},{"not_picked":["Leg Sweep","Deflect"],"picked":"Infinite Blades","floor":31},{"not_picked":["After Image","Die Die Die"],"picked":"Bullet Time","floor":33},{"not_picked":["Underhanded Strike","Backflip+1"],"picked":"Setup+1","floor":35},{"not_picked":["Slice","Flying Knee+1"],"picked":"Dagger Spray+1","floor":38},{"not_picked":["Quick Slash+1","Acrobatics+1"],"picked":"Catalyst+1","floor":40}],"player_experience":1577939,"relics_obtained":[{"floor":6,"key":"Letter Opener"},{"floor":8,"key":"Bag of Preparation"},{"floor":9,"key":"Snake Skull"},{"floor":10,"key":"Bird Faced Urn"},{"floor":14,"key":"Shuriken"},{"floor":24,"key":"Girya"},{"floor":26,"key":"Gremlin Horn"},{"floor":34,"key":"Juzu Bracelet"},{"floor":34,"key":"Matryoshka"},{"floor":34,"key":"Mango"},{"floor":40,"key":"Lantern"}],"event_choices":[{"cards_removed":["Strike_G"],"damage_healed":0,"gold_gain":0,"player_choice":"Offered Basic","damage_taken":0,"max_hp_gain":0,"max_hp_loss":0,"event_name":"Bonfire Elementals","floor":3,"gold_loss":0},{"damage_healed":0,"gold_gain":0,"player_choice":"Ignored","damage_taken":0,"max_hp_gain":0,"max_hp_loss":0,"event_name":"Shining Light","floor":12,"gold_loss":0},{"cards_removed":["Strike_G"],"damage_healed":0,"gold_gain":0,"player_choice":"Elegance","damage_taken":0,"max_hp_gain":0,"max_hp_loss":0,"event_name":"Back to Basics","floor":20,"gold_loss":0},{"damage_healed":0,"gold_gain":0,"player_choice":"Ignored","damage_taken":0,"max_hp_gain":0,"max_hp_loss":0,"event_name":"Ghosts","floor":22,"gold_loss":0},{"damage_healed":0,"gold_gain":0,"player_choice":"Damaged","damage_taken":7,"max_hp_gain":0,"max_hp_loss":0,"event_name":"Wheel of Change","floor":27,"gold_loss":0},{"damage_healed":0,"gold_gain":0,"player_choice":"Ignored","damage_taken":0,"max_hp_gain":0,"max_hp_loss":0,"event_name":"Mysterious Sphere","floor":36,"gold_loss":0},{"damage_healed":0,"gold_gain":999,"player_choice":"Gold","damage_taken":0,"max_hp_gain":0,"max_hp_loss":0,"event_name":"MindBloom","floor":37,"gold_loss":0,"cards_obtained":["Normality","Normality"]}],"is_beta":false,"boss_relics":[{"not_picked":["Orrery","Cursed Key"],"picked":"White Beast Statue"},{"not_picked":["Runic Pyramid","Coffee Dripper"],"picked":"Calling Bell"}],"items_purged_floors":[39],"is_endless":false,"potions_floor_spawned":[2,13,18,21,24,28,29,31,33,35,38,40],"killed_by":"Spire Growth","ascension_level":10}