{"path_per_floor":["M","M","?","M","?","R","E","R","T","$","R","M","R","M","R","B",null,"M","?","M","?"],"character_chosen":"THE_SILENT","items_purchased":["Quick Slash","Oddly Smooth Stone"],"gold_per_floor":[113,124,299,313,313,313,344,344,344,100,100,115,115,129,129,228,228,200,200,210,210,210],"floor_reached":22,"campfire_rested":1,"playtime":1119,"current_hp_per_floor":[66,66,66,64,69,69,31,53,53,53,53,53,53,53,53,3,75,61,45,25,25,0],"items_purged":["Doubt"],"gold":210,"score":221,"play_id":"378e3674-d3ad-47c9-87e3-dc127eca1a08","local_time":"20180325094317","is_prod":false,"is_daily":false,"is_ascension_mode":true,"campfire_upgraded":4,"timestamp":1521996197,"path_taken":["M","M","?","M","?","R","E","R","T","?","R","?","R","M","R","BOSS","M","?","?","?","M"],"build_version":"2018-03-22v2","purchased_purges":1,"victory":false,"master_deck":["Defend_G","Defend_G","Defend_G","Defend_G","Defend_G","Strike_G","Strike_G","Strike_G","Strike_G","Strike_G","Survivor","Neutralize+1","Dash+1","PiercingWail","Outmaneuver+1","Infinite Blades","Quick Slash+1","Flying Knee+1","Acrobatics","Sucker Punch","Decay"],"max_hp_per_floor":[70,70,70,70,75,75,75,75,75,75,75,75,75,75,75,75,75,75,75,75,75,75],"relics":["Ring of the Snake","Paper Crane","Sundial","Oddly Smooth Stone","Question Card","Enchiridion"],"card_choices":[{"not_picked":["Poisoned Stab","Deflect"],"picked":"Dash","floor":1},{"not_picked":["Dagger Throw","Crippling Poison"],"picked":"PiercingWail","floor":2},{"not_picked":["PiercingWail","Cloak And Dagger"],"picked":"Outmaneuver","floor":4},{"not_picked":["Phantasmal Killer","Flechettes"],"picked":"Infinite Blades","floor":7},{"not_picked":["Infinite Blades","Dodge and Roll"],"picked":"Flying Knee","floor":14},{"not_picked":["Reflex","Deflect","Prepared"],"picked":"Acrobatics","floor":18},{"not_picked":["Slice","Eviscerate","Endless Agony"],"picked":"Sucker Punch","floor":20}],"player_experience":188913,"potions_floor_usage":[],"damage_taken":[{"damage":4,"enemies":"2 Louse","floor":1,"turns":3},{"damage":0,"enemies":"Jaw Worm","floor":2,"turns":4},{"damage":2,"enemies":"Small Slimes","floor":4,"turns":5},{"damage":38,"enemies":"Lagavulin","floor":7,"turns":11},{"damage":0,"enemies":"Looter","floor":12,"turns":4},{"damage":0,"enemies":"3 Louse","floor":14,"turns":3},{"damage":50,"enemies":"Hexaghost","floor":16,"turns":14},{"damage":14,"enemies":"2 Thieves","floor":18,"turns":5},{"damage":20,"enemies":"3 Byrds","floor":20,"turns":6},{"damage":28,"enemies":"Centurion and Healer","floor":22,"turns":9}],"event_choices":[{"event_name":"Liars Game","player_choice":"agreed","floor":3,"damage_taken":0},{"event_name":"Big Fish","player_choice":"Donut","floor":5,"damage_taken":0},{"event_name":"Cursed Tome","player_choice":"Obtained Book","floor":19,"damage_taken":0},{"event_name":"Forgotten Altar","player_choice":"Smashed Altar","floor":21,"damage_taken":0}],"boss_relics":[{"not_picked":["White Beast Statue","Astrolabe"],"picked":"Question Card"}],"potions_floor_spawned":[12,16],"seed_played":"-1467875814600710685","killed_by":"Centurion and Healer","ascension_level":4,"is_trial":false}