{"gold_per_floor":[113,131,57,67,87,87,40,40,40,40,40,55,68,80,80,80],"floor_reached":16,"playtime":613,"items_purged":[],"score":99,"play_id":"dab8666d-18b0-4633-8469-ffe2ea3a0112","local_time":"20190514015524","is_ascension_mode":true,"campfire_choices":[{"data":"Feel No Pain","floor":6,"key":"SMITH"},{"data":"Shrug It Off","floor":8,"key":"SMITH"},{"data":"Body Slam","floor":11,"key":"SMITH"},{"floor":15,"key":"REST"}],"neow_cost":"NONE","seed_source_timestamp":133074304932852,"circlet_count":0,"master_deck":["Strike_R+1","Strike_R","Strike_R","Strike_R","Strike_R+1","Defend_R","Defend_R","Defend_R","Defend_R","Bash","Shrug It Off+1","Feel No Pain+1","Sever Soul","Intimidate","Warcry","Body Slam+1","Shrug It Off","Flame Barrier","Shrug It Off"],"relics":["Burning Blood","Blue Candle"],"potions_floor_usage":[],"damage_taken":[{"damage":6,"enemies":"Cultist","floor":1,"turns":3},{"damage":6,"enemies":"Jaw Worm","floor":2,"turns":5},{"damage":10,"enemies":"Small Slimes","floor":4,"turns":5},{"damage":13,"enemies":"Red Slaver","floor":5,"turns":2},{"damage":25,"enemies":"Exordium Thugs","floor":12,"turns":6},{"damage":3,"enemies":"Lots of Slimes","floor":13,"turns":5},{"damage":12,"enemies":"2 Fungi Beasts","floor":14,"turns":5},{"damage":70,"enemies":"Hexaghost","floor":16,"turns":14}],"seed_played":"-4464034597901701563","potions_obtained":[{"floor":2,"key":"PowerPotion"},{"floor":4,"key":"Regen Potion"},{"floor":5,"key":"Fire Potion"},{"floor":14,"key":"Block Potion"}],"is_trial":false,"path_per_floor":["M","M","$","M","M","R","$","R","T","?","R","M","M","M","R","B"],"character_chosen":"IRONCLAD","items_purchased":["Sever Soul","Body Slam"],"campfire_rested":1,"item_purchase_floors":[3,7],"current_hp_per_floor":[88,88,88,84,77,77,77,77,77,59,59,40,43,37,63,0],"gold":80,"neow_bonus":"TEN_PERCENT_HP_BONUS","is_prod":false,"is_daily":false,"chose_seed":false,"campfire_upgraded":3,"win_rate":0,"timestamp":1557813324,"path_taken":["M","M","$","M","M","R","?","R","T","?","R","M","M","M","R","BOSS"],"build_version":"2019-01-23","purchased_purges":0,"victory":false,"max_hp_per_floor":[88,88,88,88,88,88,88,88,88,88,88,88,88,88,88,88],"card_choices":[{"not_picked":["Clash","Armaments"],"picked":"Shrug It Off","floor":1},{"not_picked":["Rampage","Entrench"],"picked":"Feel No Pain","floor":2},{"not_picked":["Dual Wield","Clash"],"picked":"Intimidate","floor":4},{"not_picked":["Hemokinesis","Spot Weakness"],"picked":"Warcry","floor":5},{"not_picked":["Flex","Dual Wield"],"picked":"Shrug It Off","floor":12},{"not_picked":["Twin Strike","Evolve"],"picked":"Flame Barrier","floor":13},{"not_picked":["Clothesline","Reaper"],"picked":"Shrug It Off","floor":14}],"player_experience":62573,"relics_obtained":[{"floor":9,"key":"Blue Candle"}],"event_choices":[{"damage_healed":0,"gold_gain":0,"player_choice":"Entered Light","damage_taken":18,"max_hp_gain":0,"max_hp_loss":0,"event_name":"Shining Light","floor":10,"gold_loss":0,"cards_upgraded":["Strike_R","Strike_R"]}],"is_beta":false,"boss_relics":[],"items_purged_floors":[],"is_endless":false,"potions_floor_spawned":[2,4,5,14],"killed_by":"Hexaghost","ascension_level":1}