{"gold_per_floor":[111,58,58,78,78,117,117,160,160,194,53,228,203,222,222,342,342,363,363,363,363,382,415,415,439,439,457,103,103],"floor_reached":29,"playtime":2543,"items_purged":["Strike_B"],"score":489,"play_id":"41f3b7f0-7a6d-4ee0-b4bc-ed442e2a127f","local_time":"20190314230214","is_ascension_mode":true,"campfire_choices":[{"data":"Turbo","floor":7,"key":"SMITH"},{"floor":15,"key":"REST"},{"data":"Injury","floor":24,"key":"PURGE"}],"neow_cost":"NONE","seed_source_timestamp":14605220006900,"circlet_count":0,"master_deck":["AscendersBane","Strike_B","Defend_B","Defend_B","Defend_B","Defend_B","Zap","Dualcast","Leap","Turbo+1","Melter","Conserve Battery+1","Capacitor","Sunder","Doom and Gloom","Echo Form","Darkness+1","Ghostly+1","Ghostly","Ghostly","Ghostly","Ghostly","Barrage","Consume","Chill","Chill","Cold Snap+1","Steam Power","Capacitor","Multi-Cast","Blind"],"relics":["Cracked Core","NeowsBlessing","Golden Idol","Bottled Flame","Peace Pipe","Oddly Smooth Stone","Omamori","Nuclear Battery","War Paint","Shuriken"],"potions_floor_usage":[8,10,16,16,16,18,23,23],"damage_taken":[{"damage":0,"enemies":"Small Slimes","floor":1,"turns":1},{"damage":0,"enemies":"Jaw Worm","floor":4,"turns":1},{"damage":0,"enemies":"3 Sentries","floor":6,"turns":1},{"damage":36,"enemies":"Lagavulin","floor":8,"turns":9},{"damage":20,"enemies":"3 Sentries","floor":10,"turns":9},{"damage":2,"enemies":"2 Louse","floor":14,"turns":2},{"damage":26,"enemies":"The Guardian","floor":16,"turns":10},{"damage":27,"enemies":"3 Byrds","floor":18,"turns":5},{"damage":0,"enemies":"Spheric Guardian","floor":22,"turns":1},{"damage":0,"enemies":"Slavers","floor":23,"turns":9},{"damage":0,"enemies":"Snake Plant","floor":25,"turns":6},{"damage":9,"enemies":"Snecko","floor":27,"turns":8},{"damage":27,"enemies":"Gremlin Leader","floor":29,"turns":8}],"seed_played":"4510669150951874267","potions_obtained":[{"floor":4,"key":"GamblersBrew"},{"floor":6,"key":"EssenceOfSteel"},{"floor":10,"key":"Regen Potion"},{"floor":16,"key":"SkillPotion"},{"floor":18,"key":"EssenceOfSteel"},{"floor":22,"key":"SpeedPotion"}],"is_trial":false,"path_per_floor":["M","$","?","M","?","E","R","E","T","E","$","?","?","M","R","B",null,"M","?","?","?","M","E","R","M","T","M","$","E"],"character_chosen":"DEFECT","items_purchased":["Turbo","Doom and Gloom","PowerPotion","PowerPotion","Capacitor","Multi-Cast","Blind"],"campfire_rested":1,"item_purchase_floors":[2,11,11,11,28,28,28],"current_hp_per_floor":[68,68,68,68,68,68,68,32,32,12,12,12,12,10,32,21,62,35,35,35,35,35,35,35,35,35,26,26,0],"gold":103,"neow_bonus":"THREE_ENEMY_KILL","is_prod":false,"is_daily":false,"chose_seed":false,"campfire_upgraded":1,"win_rate":0,"timestamp":1552600934,"path_taken":["M","$","?","M","?","E","R","E","T","E","$","?","?","M","R","BOSS","M","?","?","?","M","E","R","M","T","?","$","E"],"build_version":"2019-01-23","purchased_purges":1,"victory":false,"max_hp_per_floor":[75,75,75,75,75,75,75,75,75,75,75,75,75,75,75,75,75,75,37,37,37,37,37,37,37,37,37,37,37],"card_choices":[{"not_picked":["Go for the Eyes","Aggregate"],"picked":"Leap","floor":1},{"not_picked":["Go for the Eyes","Loop"],"picked":"Melter","floor":4},{"not_picked":["Sweeping Beam","Rebound"],"picked":"Conserve Battery","floor":6},{"not_picked":["Compile Driver","Coolheaded"],"picked":"Capacitor","floor":8},{"not_picked":["Force Field","Multi-Cast"],"picked":"Sunder","floor":10},{"not_picked":["Barrage","Go for the Eyes","Steam Power"],"picked":"SKIP","floor":14},{"not_picked":["Hyperbeam","Meteor Strike"],"picked":"Echo Form","floor":16},{"not_picked":["Recycle","Skim"],"picked":"Darkness","floor":18},{"not_picked":["Lockon","Compile Driver+1"],"picked":"Chill","floor":22},{"not_picked":["Barrage+1","Reprogram+1"],"picked":"Chill","floor":23},{"not_picked":["Coolheaded","Rebound"],"picked":"Cold Snap+1","floor":25},{"not_picked":["Reinforced Body","Capacitor+1"],"picked":"Steam Power","floor":27}],"player_experience":1512033,"relics_obtained":[{"floor":6,"key":"Bottled Flame"},{"floor":8,"key":"Peace Pipe"},{"floor":9,"key":"Oddly Smooth Stone"},{"floor":10,"key":"Omamori"},{"floor":23,"key":"War Paint"},{"floor":26,"key":"Shuriken"}],"event_choices":[{"damage_healed":0,"gold_gain":0,"player_choice":"Take Wound","damage_taken":0,"relics_obtained":["Golden Idol"],"max_hp_gain":0,"max_hp_loss":0,"event_name":"Golden Idol","floor":3,"gold_loss":0,"cards_obtained":["Injury"]},{"damage_healed":0,"gold_gain":0,"player_choice":"Ignored","damage_taken":0,"max_hp_gain":0,"max_hp_loss":0,"event_name":"Shining Light","floor":5,"gold_loss":0},{"damage_healed":0,"gold_gain":175,"player_choice":"AGREE","damage_taken":0,"max_hp_gain":0,"max_hp_loss":0,"event_name":"Liars Game","floor":12,"gold_loss":0,"cards_obtained":["Doubt"]},{"damage_healed":0,"gold_gain":0,"player_choice":"Left Gold","damage_taken":0,"max_hp_gain":0,"max_hp_loss":0,"event_name":"World of Goop","floor":13,"gold_loss":25},{"damage_healed":0,"gold_gain":0,"player_choice":"Became a Ghost","damage_taken":0,"max_hp_gain":0,"max_hp_loss":38,"event_name":"Ghosts","floor":19,"gold_loss":0,"cards_obtained":["Ghostly","Ghostly","Ghostly","Ghostly","Ghostly"]},{"damage_healed":0,"gold_gain":0,"cards_transformed":["Strike_B","Strike_B"],"player_choice":"Became Test Subject","damage_taken":0,"max_hp_gain":0,"max_hp_loss":0,"event_name":"Drug Dealer","floor":20,"gold_loss":0,"cards_obtained":["Barrage","Consume"]},{"damage_healed":0,"gold_gain":0,"player_choice":"Upgraded","damage_taken":0,"max_hp_gain":0,"max_hp_loss":0,"event_name":"Upgrade Shrine","floor":21,"gold_loss":0,"cards_upgraded":["Darkness"]}],"is_beta":false,"boss_relics":[{"not_picked":["Orrery","Snecko Eye"],"picked":"Nuclear Battery"}],"items_purged_floors":[28],"is_endless":false,"potions_floor_spawned":[4,6,10,14,16,18,22],"killed_by":"Gremlin Leader","ascension_level":10}