{"path_per_floor":["M","?","$","M","$","R","E","M","T","R","M","R","E","M","R","B",null,"M","$","?","?","$","R","M","R","T","E","$","?","R","M","R"],"character_chosen":"DEFECT","items_purchased":["Auto Shields","Go for the Eyes","Melter","Defragment","Cold Snap"],"gold_per_floor":[109,184,90,105,26,26,84,98,123,123,136,136,170,187,187,291,291,302,227,227,152,83,83,98,98,170,200,155,0,0,14,14,14],"floor_reached":33,"campfire_rested":3,"playtime":1396,"item_purchase_floors":[3,3,5,22,28],"current_hp_per_floor":[75,64,64,64,64,64,43,43,43,43,33,55,55,55,55,50,75,62,62,62,62,62,62,49,49,49,10,10,10,32,8,30,0],"items_purged":["Strike_B"],"gold":14,"score":326,"play_id":"6f46bcba-d75f-4793-ba3c-a72b5a0a549c","local_time":"20180609095921","is_prod":false,"is_daily":false,"chose_seed":false,"is_ascension_mode":true,"campfire_upgraded":5,"win_rate":0,"timestamp":1528563561,"campfire_choices":[{"data":"Melter","floor":6,"key":"SMITH"},{"data":"Redo","floor":10,"key":"SMITH"},{"floor":12,"key":"REST"},{"data":"Reinforced Body","floor":15,"key":"SMITH"},{"data":"Defragment","floor":23,"key":"SMITH"},{"data":"Auto Shields","floor":25,"key":"SMITH"},{"floor":30,"key":"REST"},{"floor":32,"key":"REST"}],"path_taken":["M","?","$","?","$","R","E","M","T","R","M","R","E","?","R","BOSS","M","$","?","?","$","R","M","R","T","E","?","?","R","?","R","BOSS"],"build_version":"2018-06-07v3","seed_source_timestamp":49815669278825,"purchased_purges":1,"victory":false,"master_deck":["Strike_B+1","Strike_B+1","Defend_B+1","Defend_B+1","Defend_B+1","Defend_B+1","Zap","Dualcast+1","Undo","Auto Shields+1","Go for the Eyes","Conserve Battery","Melter+1","Beam Cell","Redo+1","Steam","Machine Learning","Reinforced Body+1","Echo Form","Stack","Defragment+1","Turbo+1","Skim","Cold Snap","Coolheaded"],"max_hp_per_floor":[75,75,75,75,75,75,75,75,75,75,75,75,75,75,75,75,75,75,75,75,75,75,75,75,75,75,75,75,75,75,75,75,75],"relics":["Cracked Core","Tiny Chest","Bronze Scales","Singing Bowl","Inserter","Mercury Hourglass","Orichalcum"],"card_choices":[{"not_picked":["Recycle","Compile Driver"],"picked":"Undo","floor":1},{"not_picked":["Hologram","Barrage"],"picked":"Conserve Battery","floor":4},{"not_picked":["Amplify","Steam Power"],"picked":"Beam Cell","floor":7},{"not_picked":["Compile Driver","Storm"],"picked":"Redo","floor":8},{"not_picked":["Sweeping Beam","Compile Driver"],"picked":"Steam","floor":11},{"not_picked":["Steam","Hologram"],"picked":"Machine Learning","floor":13},{"not_picked":["Rebound","Melter"],"picked":"Reinforced Body","floor":14},{"not_picked":["Machine Learning","Thunder Strike"],"picked":"Echo Form","floor":16},{"not_picked":["Turbo","Conserve Battery"],"picked":"Stack","floor":18},{"not_picked":["Blizzard+1","Beam Cell"],"picked":"Turbo+1","floor":24},{"not_picked":["Consume","Tempest"],"picked":"Skim","floor":27},{"not_picked":["Undo","Go for the Eyes"],"picked":"Coolheaded","floor":31}],"player_experience":237198,"potions_floor_usage":[33,33,33],"damage_taken":[{"damage":0,"enemies":"2 Louse","floor":1,"turns":2},{"damage":0,"enemies":"Small Slimes","floor":4,"turns":2},{"damage":21,"enemies":"Gremlin Nob","floor":7,"turns":4},{"damage":0,"enemies":"Cultist","floor":8,"turns":3},{"damage":10,"enemies":"Lots of Slimes","floor":11,"turns":2},{"damage":0,"enemies":"Lagavulin","floor":13,"turns":5},{"damage":0,"enemies":"2 Fungi Beasts","floor":14,"turns":2},{"damage":5,"enemies":"The Guardian","floor":16,"turns":11},{"damage":13,"enemies":"Chosen","floor":18,"turns":5},{"damage":13,"enemies":"Shell Parasite","floor":24,"turns":6},{"damage":39,"enemies":"Slavers","floor":27,"turns":6},{"damage":24,"enemies":"3 Cultists","floor":31,"turns":5},{"damage":32,"enemies":"Collector","floor":33,"turns":6}],"relics_obtained":[{"floor":7,"key":"Tiny Chest"},{"floor":9,"key":"Bronze Scales"},{"floor":13,"key":"Singing Bowl"},{"floor":26,"key":"Mercury Hourglass"},{"floor":27,"key":"Orichalcum"}],"event_choices":[{"event_name":"World of Goop","player_choice":"Gather Gold","floor":2,"damage_taken":0},{"event_name":"Back to Basics","player_choice":"Simplicity","floor":20,"damage_taken":0},{"event_name":"Beggar","player_choice":"Gave Gold","floor":21,"damage_taken":0},{"event_name":"Masked Bandits","player_choice":"Paid Bandits 155 gold","floor":29,"damage_taken":0}],"boss_relics":[{"not_picked":["Lizard Tail","White Beast Statue"],"picked":"Inserter"}],"items_purged_floors":[19],"potions_floor_spawned":[1,14,16,24,31],"seed_played":"6594091922789762168","killed_by":"Collector","ascension_level":2,"potions_obtained":[{"floor":1,"key":"SneckoOil"},{"floor":14,"key":"PowerPotion"},{"floor":16,"key":"Weak Potion"},{"floor":24,"key":"LiquidBronze"},{"floor":31,"key":"EssenceOfSteel"}],"is_trial":false}