{"gold_per_floor":[112,127,302,377,46,81,81,31,31,45,65,65,93,93,93,194,194,210,210,237,39,39,39,55,55,55,55,75,75,75,75,75,175,175,190,190,190,536,758,791,791,791,817,817,378,378,36,65,65,65],"floor_reached":51,"playtime":3512,"items_purged":["Doubt","Writhe"],"score":1327,"play_id":"9fd898f4-4ee7-475a-a21b-e1a93a937468","local_time":"20190429081650","is_ascension_mode":true,"campfire_choices":[{"data":"Corpse Explosion","floor":7,"key":"SMITH"},{"floor":15,"key":"REST"},{"floor":23,"key":"REST"},{"data":"After Image","floor":25,"key":"SMITH"},{"data":"Footwork","floor":32,"key":"SMITH"},{"floor":41,"key":"REST"},{"data":"Footwork","floor":44,"key":"SMITH"},{"data":"Blur","floor":49,"key":"SMITH"}],"neow_cost":"NONE","seed_source_timestamp":2786921640413,"circlet_count":0,"master_deck":["AscendersBane","Defend_G","Defend_G","Defend_G","Defend_G","Defend_G","Survivor","Neutralize","Prepared","Well Laid Plans","Footwork+1","Blur+1","Corpse Explosion+1","Deadly Poison+1","Blade Dance+1","Cloak And Dagger+1","After Image+1","Cloak And Dagger+1","Deflect+1","Catalyst+1","Cloak And Dagger+1","Footwork+1","Dagger Throw","Outmaneuver+1","Escape Plan+1","Catalyst+1","Bullet Time+1","Dodge and Roll+1","Swift Strike","Mayhem+1","Good Instincts+1","Dodge and Roll+1","Slice","Madness+1","Madness+1","Discovery+1","After Image+1","Cloak And Dagger+1","Terror+1","Corpse Explosion+1"],"relics":["Ring of the Snake","NeowsBlessing","Juzu Bracelet","Shuriken","Toxic Egg 2","Blood Vial","Meat on the Bone","Runic Pyramid","Red Mask","Bottled Tornado","Pen Nib","WristBlade","Old Coin","Anchor","Omamori","Art of War","MealTicket","Happy Flower","Gremlin Horn"],"potions_floor_usage":[16,20,20,38,40,50],"damage_taken":[{"damage":0,"enemies":"Cultist","floor":1,"turns":1},{"damage":0,"enemies":"Small Slimes","floor":2,"turns":1},{"damage":0,"enemies":"Lagavulin","floor":6,"turns":1},{"damage":0,"enemies":"2 Louse","floor":10,"turns":4},{"damage":0,"enemies":"Red Slaver","floor":11,"turns":5},{"damage":12,"enemies":"3 Sentries","floor":13,"turns":4},{"damage":1,"enemies":"The Guardian","floor":16,"turns":11},{"damage":9,"enemies":"Spheric Guardian","floor":18,"turns":7},{"damage":29,"enemies":"Masked Bandits","floor":20,"turns":4},{"damage":0,"enemies":"Shell Parasite","floor":24,"turns":6},{"damage":11,"enemies":"Shelled Parasite and Fungi","floor":28,"turns":5},{"damage":0,"enemies":"Champ","floor":33,"turns":9},{"damage":0,"enemies":"3 Darklings","floor":35,"turns":3},{"damage":20,"enemies":"2 Orb Walkers","floor":38,"turns":8},{"damage":30,"enemies":"Reptomancer","floor":40,"turns":7},{"damage":1,"enemies":"Giant Head","floor":48,"turns":7},{"damage":5,"enemies":"Awakened One","floor":50,"turns":12}],"seed_played":"2594840507481022405","potions_obtained":[{"floor":2,"key":"Dexterity Potion"},{"floor":10,"key":"Block Potion"},{"floor":16,"key":"LiquidBronze"},{"floor":24,"key":"Explosive Potion"},{"floor":48,"key":"Energy Potion"}],"is_trial":false,"path_per_floor":["M","M","?","?","$","E","R","?","T","M","M","?","E","?","R","B",null,"M","?","?","$","?","R","M","R","T","?","M","?","?","?","R","B",null,"M","?","?","?","?","E","R","?","T","R","$","?","$","E","R","B",null],"character_chosen":"THE_SILENT","items_purchased":["Footwork","Juzu Bracelet","Blur","Cloak And Dagger+1","Footwork","Regen Potion","Discovery+1","Art of War","MealTicket","Cloak And Dagger+1","Happy Flower","Terror+1"],"campfire_rested":3,"item_purchase_floors":[5,5,5,21,21,21,45,45,45,47,47,47],"current_hp_per_floor":[63,63,63,56,56,56,56,56,56,56,56,49,37,30,51,52,66,59,59,44,44,44,65,67,67,67,67,58,58,58,58,58,60,68,70,60,60,42,42,41,62,53,53,53,53,53,68,69,69,65],"gold":65,"neow_bonus":"THREE_ENEMY_KILL","is_prod":false,"is_daily":false,"chose_seed":false,"campfire_upgraded":5,"win_rate":0,"timestamp":1556551010,"path_taken":["M","?","?","?","$","E","R","?","T","M","M","?","E","?","R","BOSS","M","?","?","?","?","R","M","R","T","?","M","?","?","?","R","BOSS","M","?","?","?","?","E","R","?","T","R","$","?","$","E","R","BOSS"],"build_version":"2019-01-23","purchased_purges":2,"victory":true,"max_hp_per_floor":[70,70,70,70,70,70,70,70,70,70,70,70,70,70,70,70,70,70,70,70,70,70,70,70,70,70,70,70,70,70,70,70,70,70,70,70,70,70,70,70,70,70,70,70,70,70,70,70,70,70],"card_choices":[{"not_picked":["Blade Dance","Underhanded Strike"],"picked":"Prepared","floor":1},{"not_picked":["Quick Slash","Dagger Spray"],"picked":"Well Laid Plans","floor":2},{"not_picked":["Dagger Spray","Underhanded Strike"],"picked":"Corpse Explosion","floor":6},{"not_picked":["Accuracy","Bane"],"picked":"Deadly Poison+1","floor":10},{"not_picked":["Acrobatics+1","Calculated Gamble+1"],"picked":"Blade Dance+1","floor":11},{"not_picked":["PiercingWail+1","Blur+1"],"picked":"Cloak And Dagger+1","floor":13},{"not_picked":["Burst+1","Malaise+1"],"picked":"After Image","floor":16},{"not_picked":["Backflip+1","Prepared+1"],"picked":"Cloak And Dagger+1","floor":18},{"not_picked":["Escape Plan+1","Concentrate+1"],"picked":"Catalyst+1","floor":20},{"not_picked":["Poisoned Stab+1","Heel Hook"],"picked":"Outmaneuver+1","floor":24},{"not_picked":["Underhanded Strike","Endless Agony","Accuracy"],"picked":"SKIP","floor":28},{"not_picked":["Phantasmal Killer+1","Glass Knife"],"picked":"Bullet Time+1","floor":33},{"not_picked":["All Out Attack","Outmaneuver+1"],"picked":"Dodge and Roll+1","floor":35},{"not_picked":["PanicButton+1","Discovery+1"],"picked":"Swift Strike","floor":36},{"not_picked":["Dark Shackles+1","The Bomb+1"],"picked":"Mayhem","floor":36},{"not_picked":["Impatience+1","The Bomb+1"],"picked":"Good Instincts+1","floor":36},{"not_picked":["Dagger Throw","Predator"],"picked":"Dodge and Roll+1","floor":38},{"not_picked":["Dagger Throw","Choke"],"picked":"Slice","floor":40},{"not_picked":["Flying Knee+1","Poisoned Stab"],"picked":"Corpse Explosion+1","floor":48}],"player_experience":1501456,"relics_obtained":[{"floor":6,"key":"Shuriken"},{"floor":9,"key":"Toxic Egg 2"},{"floor":13,"key":"Blood Vial"},{"floor":20,"key":"Red Mask"},{"floor":26,"key":"Bottled Tornado"},{"floor":38,"key":"Old Coin"},{"floor":40,"key":"Anchor"},{"floor":43,"key":"Omamori"},{"floor":48,"key":"Gremlin Horn"}],"event_choices":[{"damage_healed":0,"gold_gain":175,"player_choice":"AGREE","damage_taken":0,"max_hp_gain":0,"max_hp_loss":0,"event_name":"Liars Game","floor":3,"gold_loss":0,"cards_obtained":["Doubt"]},{"damage_healed":0,"gold_gain":75,"player_choice":"Touch","damage_taken":7,"max_hp_gain":0,"max_hp_loss":0,"event_name":"FaceTrader","floor":4,"gold_loss":0},{"cards_removed":["Strike_G"],"damage_healed":0,"gold_gain":0,"player_choice":"Card Removal","damage_taken":0,"max_hp_gain":0,"max_hp_loss":0,"event_name":"The Cleric","floor":8,"gold_loss":50},{"cards_removed":["Strike_G"],"damage_healed":0,"gold_gain":0,"player_choice":"Card Removal","damage_taken":7,"max_hp_gain":0,"max_hp_loss":0,"event_name":"Golden Wing","floor":12,"gold_loss":0},{"damage_healed":0,"gold_gain":0,"player_choice":"Success","damage_taken":7,"relics_obtained":["Meat on the Bone"],"max_hp_gain":0,"max_hp_loss":0,"event_name":"Scrap Ooze","floor":14,"gold_loss":0},{"damage_healed":0,"gold_gain":0,"player_choice":"Read","damage_taken":0,"max_hp_gain":0,"max_hp_loss":0,"event_name":"The Library","floor":19,"gold_loss":0,"cards_obtained":["Deflect"]},{"damage_healed":0,"gold_gain":0,"player_choice":"Fought Bandits","damage_taken":0,"max_hp_gain":0,"max_hp_loss":0,"event_name":"Masked Bandits","floor":20,"gold_loss":0},{"damage_healed":0,"gold_gain":0,"cards_transformed":["Strike_G"],"player_choice":"Transformed","damage_taken":0,"max_hp_gain":0,"max_hp_loss":0,"event_name":"Transmorgrifier","floor":22,"gold_loss":0,"cards_obtained":["Dagger Throw"]},{"damage_healed":0,"gold_gain":0,"player_choice":"Ignored","damage_taken":0,"max_hp_gain":0,"max_hp_loss":0,"event_name":"Vampires","floor":27,"gold_loss":0},{"damage_healed":0,"gold_gain":0,"player_choice":"Ignored","damage_taken":0,"max_hp_gain":0,"max_hp_loss":0,"event_name":"Ghosts","floor":29,"gold_loss":0},{"damage_healed":0,"gold_gain":0,"player_choice":"Opened","damage_taken":0,"relics_obtained":["Pen Nib"],"max_hp_gain":0,"max_hp_loss":0,"event_name":"The Mausoleum","floor":30,"gold_loss":0,"cards_obtained":["Writhe"]},{"damage_healed":0,"gold_gain":0,"cards_transformed":["Strike_G","Strike_G"],"player_choice":"Became Test Subject","damage_taken":0,"max_hp_gain":0,"max_hp_loss":0,"event_name":"Drug Dealer","floor":31,"gold_loss":0,"cards_obtained":["Escape Plan","Catalyst"]},{"damage_healed":0,"gold_gain":0,"player_choice":"Memory 3","damage_taken":10,"max_hp_gain":0,"max_hp_loss":0,"event_name":"SensoryStone","floor":36,"gold_loss":0},{"damage_healed":0,"gold_gain":0,"player_choice":"Upgraded","damage_taken":0,"max_hp_gain":0,"max_hp_loss":0,"event_name":"Upgrade Shrine","floor":37,"gold_loss":0,"cards_upgraded":["Mayhem"]},{"damage_healed":0,"gold_gain":0,"player_choice":"Fight","damage_taken":0,"max_hp_gain":0,"max_hp_loss":0,"event_name":"Mysterious Sphere","floor":38,"gold_loss":0},{"damage_healed":0,"gold_gain":222,"player_choice":"Wore Mask","damage_taken":0,"max_hp_gain":0,"max_hp_loss":0,"event_name":"Tomb of Lord Red Mask","floor":39,"gold_loss":0},{"damage_healed":0,"gold_gain":0,"player_choice":"Embrace Madness","damage_taken":9,"max_hp_gain":0,"max_hp_loss":0,"event_name":"Winding Halls","floor":42,"gold_loss":0,"cards_obtained":["Madness","Madness"]},{"damage_healed":0,"gold_gain":0,"player_choice":"Copied","damage_taken":0,"max_hp_gain":0,"max_hp_loss":0,"event_name":"Duplicator","floor":46,"gold_loss":0,"cards_obtained":["After Image"]}],"is_beta":false,"boss_relics":[{"not_picked":["Sozu","Eternal Feather"],"picked":"Runic Pyramid"},{"not_picked":["Busted Crown","White Beast Statue"],"picked":"WristBlade"}],"items_purged_floors":[5,47],"is_endless":false,"potions_floor_spawned":[2,10,11,16,24,28,33,35,48],"ascension_level":12}