{"gold_per_floor":[118,293,568,587,587,615,615,615,615,646,596,596,664,680,680,783,783,803,803,258,258,281,314,314,314],"floor_reached":25,"playtime":1032,"items_purged":["Regret"],"score":372,"play_id":"8e9c7bef-24ba-4506-bb10-51cd86a4d05e","local_time":"20190104202627","is_ascension_mode":true,"campfire_choices":[{"data":"Flame Barrier","floor":7,"key":"SMITH"},{"data":"Demon Form","floor":12,"key":"SMITH"},{"data":"Body Slam","floor":15,"key":"SMITH"},{"data":"Rampage","floor":24,"key":"SMITH"}],"neow_cost":"NONE","seed_source_timestamp":91931672996100,"circlet_count":0,"master_deck":["Defend_R","Defend_R","Defend_R","Defend_R","Bash","Metallicize","Doubt","Rampage+1","Flame Barrier+1","Rampage","Demon Form+1","Body Slam+1","Immolate","Feel No Pain","Bite","Bite","Bite","Bite","Bite"],"relics":["Black Blood","NeowsBlessing","Bag of Preparation","Bird Faced Urn","Darkstone Periapt","Juzu Bracelet","Ornamental Fan","Tiny Chest","Sling","Oddly Smooth Stone","Dream Catcher","Gremlin Horn"],"potions_floor_usage":[10,16,23],"damage_taken":[{"damage":0,"enemies":"Small Slimes","floor":1,"turns":1},{"damage":2,"enemies":"Jaw Worm","floor":4,"turns":2},{"damage":0,"enemies":"3 Sentries","floor":6,"turns":1},{"damage":35,"enemies":"Gremlin Nob","floor":10,"turns":5},{"damage":8,"enemies":"Cultist","floor":14,"turns":4},{"damage":55,"enemies":"The Guardian","floor":16,"turns":10},{"damage":22,"enemies":"Chosen","floor":18,"turns":6},{"damage":22,"enemies":"Gremlin Leader","floor":23,"turns":9},{"damage":69,"enemies":"Book of Stabbing","floor":25,"turns":5}],"seed_played":"-8000138441625813782","potions_obtained":[{"floor":1,"key":"SteroidPotion"},{"floor":14,"key":"AttackPotion"},{"floor":18,"key":"PowerPotion"}],"is_trial":false,"path_per_floor":["M","?","?","M","?","E","R","?","T","E","?","R","T","M","R","B",null,"M","?","$","?","T","E","R","E"],"character_chosen":"IRONCLAD","items_purchased":["Tiny Chest","Sling","Oddly Smooth Stone"],"campfire_rested":0,"item_purchase_floors":[20,20,20],"current_hp_per_floor":[78,78,78,80,80,80,80,80,80,53,53,53,53,55,55,10,63,53,45,45,45,45,56,56,0],"gold":314,"neow_bonus":"THREE_ENEMY_KILL","is_prod":false,"is_daily":false,"chose_seed":false,"campfire_upgraded":4,"win_rate":0,"timestamp":1546629987,"path_taken":["M","?","?","?","?","E","R","?","T","E","?","R","?","M","R","BOSS","M","?","$","?","?","E","R","E"],"build_version":"2019-01-03v3","purchased_purges":1,"victory":false,"max_hp_per_floor":[80,80,80,80,80,80,80,80,80,80,80,80,80,80,80,80,80,80,80,80,56,56,56,56,56],"card_choices":[{"not_picked":["Carnage","Anger"],"picked":"Metallicize","floor":1},{"not_picked":["Combust","Pommel Strike"],"picked":"Rampage","floor":4},{"not_picked":["Entrench","Blood for Blood"],"picked":"Flame Barrier","floor":6},{"not_picked":["Thunderclap","Twin Strike","Wild Strike"],"picked":"SKIP","floor":10},{"not_picked":["Sever Soul","Headbutt"],"picked":"Body Slam","floor":14},{"not_picked":["Dark Embrace","Brutality"],"picked":"Immolate","floor":16},{"not_picked":["True Grit+1","Clothesline"],"picked":"Feel No Pain","floor":18},{"not_picked":["Armaments","True Grit","Iron Wave"],"picked":"SKIP","floor":23}],"player_experience":1076065,"relics_obtained":[{"floor":6,"key":"Bird Faced Urn"},{"floor":9,"key":"Darkstone Periapt"},{"floor":10,"key":"Juzu Bracelet"},{"floor":13,"key":"Ornamental Fan"},{"floor":22,"key":"Dream Catcher"},{"floor":23,"key":"Gremlin Horn"}],"event_choices":[{"damage_healed":0,"gold_gain":175,"player_choice":"AGREE","damage_taken":0,"max_hp_gain":0,"max_hp_loss":0,"event_name":"Liars Game","floor":2,"gold_loss":0,"cards_obtained":["Doubt"]},{"damage_healed":0,"gold_gain":275,"player_choice":"Desecrate","damage_taken":0,"max_hp_gain":0,"max_hp_loss":0,"event_name":"Golden Shrine","floor":3,"gold_loss":0,"cards_obtained":["Regret"]},{"damage_healed":0,"gold_gain":0,"player_choice":"Box","damage_taken":0,"relics_obtained":["Bag of Preparation"],"max_hp_gain":0,"max_hp_loss":0,"event_name":"Big Fish","floor":5,"gold_loss":0,"cards_obtained":["Regret"]},{"damage_healed":0,"gold_gain":0,"player_choice":"2 cards matched","damage_taken":0,"max_hp_gain":0,"max_hp_loss":0,"event_name":"Match and Keep!","floor":8,"gold_loss":0,"cards_obtained":["Rampage","Demon Form"]},{"damage_healed":0,"gold_gain":0,"player_choice":"2 cards matched","damage_taken":0,"max_hp_gain":0,"max_hp_loss":0,"event_name":"Match and Keep!","floor":8,"gold_loss":0,"cards_obtained":["Rampage","Demon Form"]},{"cards_removed":["Regret"],"damage_healed":0,"gold_gain":0,"player_choice":"Card Removal","damage_taken":0,"max_hp_gain":0,"max_hp_loss":0,"event_name":"The Cleric","floor":11,"gold_loss":50},{"damage_healed":0,"gold_gain":0,"player_choice":"","damage_taken":8,"max_hp_gain":0,"max_hp_loss":0,"event_name":"Knowing Skull","floor":19,"potions_obtained":[],"gold_loss":0,"cards_obtained":[]},{"damage_healed":0,"gold_gain":0,"player_choice":"Became a vampire","damage_taken":0,"max_hp_gain":0,"max_hp_loss":24,"event_name":"Vampires","floor":21,"gold_loss":0,"cards_obtained":["Bite","Bite","Bite","Bite","Bite"]}],"is_beta":false,"boss_relics":[{"not_picked":["Ectoplasm","Black Star"],"picked":"Black Blood"}],"items_purged_floors":[20],"is_endless":false,"potions_floor_spawned":[1,14,18],"killed_by":"Book of Stabbing","ascension_level":8}