{"gold_per_floor":[113,124,18,18,18,18,47,47,47,47,77,77,106,118,118,217,217,234,89,59,93,54,71,71,85,139,152,180,180,194,210,210,313,313,323,323,336,353,364,364,377,377,377,152,152,152],"floor_reached":46,"playtime":4126,"items_purged":["Shame"],"score":509,"play_id":"96d9649e-08fc-4f1b-94fd-1761aeabbb5c","local_time":"20190331153118","is_ascension_mode":true,"campfire_choices":[{"data":"Well Laid Plans","floor":6.0,"key":"SMITH"},{"floor":10.0,"key":"REST"},{"data":"Neutralize","floor":12.0,"key":"SMITH"},{"floor":15.0,"key":"REST"},{"data":"Corpse Explosion","floor":24.0,"key":"SMITH"},{"data":"Crippling Poison","floor":29.0,"key":"SMITH"},{"floor":32.0,"key":"REST"},{"data":"Cloak And Dagger","floor":40,"key":"SMITH"},{"data":"Wraith Form v2","floor":42,"key":"SMITH"},{"data":"Accuracy","floor":45,"key":"SMITH"}],"neow_cost":"CURSE","seed_source_timestamp":0,"circlet_count":0,"master_deck":["Survivor","Neutralize+1","PiercingWail","Prepared","Dash+1","Well Laid Plans+1","Footwork","Cloak And Dagger+1","Blade Dance","Escape Plan","After Image","Poisoned Stab+1","Footwork","Crippling Poison+1","Corpse Explosion+1","Footwork","Cloak And Dagger+1","Backflip","Dagger Throw","Blur","Night Terror","Cloak And Dagger+1","Storm of Steel","Wraith Form v2+1","A Thousand Cuts","Sucker Punch","Skewer","PiercingWail","Masterful Stab","Flechettes","Backflip+1","Accuracy+1","Infinite Blades"],"special_seed":0,"relics":["Ring of the Snake","Bottled Lightning","Kunai","Anchor","Tingsha","Snecko Eye","Red Mask","War Paint","Whetstone","Pandora\u0027s Box","Pantograph","Snake Skull"],"potions_floor_usage":[39],"damage_taken":[{"damage":5.0,"enemies":"Jaw Worm","floor":1.0,"turns":7.0},{"damage":0.0,"enemies":"Small Slimes","floor":2.0,"turns":4.0},{"damage":34.0,"enemies":"Gremlin Nob","floor":7.0,"turns":6.0},{"damage":4.0,"enemies":"3 Sentries","floor":11.0,"turns":14.0},{"damage":14.0,"enemies":"Gremlin Nob","floor":13.0,"turns":5.0},{"damage":0.0,"enemies":"Cultist","floor":14.0,"turns":3.0},{"damage":19.0,"enemies":"Slime Boss","floor":16.0,"turns":20.0},{"damage":0.0,"enemies":"3 Byrds","floor":18.0,"turns":9.0},{"damage":16.0,"enemies":"2 Thieves","floor":20.0,"turns":5.0},{"damage":30.0,"enemies":"Masked Bandits","floor":21.0,"turns":10.0},{"damage":0.0,"enemies":"Snecko","floor":23.0,"turns":7.0},{"damage":5.0,"enemies":"3 Cultists","floor":25.0,"turns":4.0},{"damage":7.0,"enemies":"Snake Plant","floor":27.0,"turns":8.0},{"damage":0.0,"enemies":"Slavers","floor":28.0,"turns":3.0},{"damage":10.0,"enemies":"Cultist and Chosen","floor":30.0,"turns":6.0},{"damage":5.0,"enemies":"Centurion and Healer","floor":31.0,"turns":5.0},{"damage":18.0,"enemies":"Champ","floor":33.0,"turns":18.0},{"damage":0,"enemies":"3 Shapes","floor":35,"turns":4},{"damage":35,"enemies":"Orb Walker","floor":37,"turns":5},{"damage":5,"enemies":"Jaw Worm Horde","floor":38,"turns":4},{"damage":0,"enemies":"4 Shapes","floor":39,"turns":4},{"damage":20,"enemies":"Maw","floor":41,"turns":10},{"damage":51,"enemies":"Nemesis","floor":46,"turns":7}],"seed_played":"-860783584396112231","potions_obtained":[{"floor":1.0,"key":"SteroidPotion"},{"floor":13.0,"key":"AttackPotion"},{"floor":14.0,"key":"Fire Potion"},{"floor":16.0,"key":"Energy Potion"},{"floor":20.0,"key":"AttackPotion"},{"floor":28.0,"key":"Dexterity Potion"},{"floor":30.0,"key":"GhostInAJar"}],"is_trial":false,"path_per_floor":["M","M","$","?","?","R","E","?","T","R","E","R","E","M","R","B",null,"M","$","M","?","$","M","R","M","T","M","E","R","M","M","R","B",null,"M","?","M","M","M","R","M","R","T","$","R","E"],"character_chosen":"THE_SILENT","items_purchased":["Dash","Well Laid Plans","Footwork","Footwork","Infinite Blades","Snake Skull"],"campfire_rested":3,"item_purchase_floors":[3,3,19,22,44,44],"current_hp_per_floor":[79,79,79,79,62,62,28,28,28,53,49,49,35,35,60,41,84,84,84,68,38,38,38,38,33,33,26,26,26,16,11,36,18,84,84,84,49,44,44,44,24,24,24,24,24,0],"gold":152,"neow_bonus":"TWENTY_PERCENT_HP_BONUS","is_prod":false,"is_daily":false,"chose_seed":false,"campfire_upgraded":7,"win_rate":0,"timestamp":1554071478,"path_taken":["M","M","$","?","?","R","E","?","T","R","E","R","E","?","R","BOSS","M","$","?","?","$","M","R","M","T","M","E","R","M","M","R","BOSS","M","?","?","M","M","R","M","R","T","$","R","E"],"build_version":"2019-01-23","purchased_purges":1,"victory":false,"max_hp_per_floor":[84,84,84,84,84,84,84,84,84,84,84,84,84,84,84,84,84,84,84,84,84,84,84,84,84,84,84,84,84,84,84,84,84,84,84,84,84,84,84,84,84,84,84,84,84,84],"card_choices":[{"not_picked":["Slice","Backflip"],"picked":"PiercingWail","floor":1.0},{"not_picked":["Calculated Gamble","Tactician"],"picked":"Prepared","floor":2.0},{"not_picked":["Cloak And Dagger","Crippling Poison"],"picked":"Footwork","floor":7.0},{"not_picked":["Bane","Outmaneuver"],"picked":"Blade Dance","floor":11.0},{"not_picked":["Flying Knee","Prepared"],"picked":"Escape Plan","floor":13.0},{"not_picked":["Dodge and Roll","Underhanded Strike"],"picked":"After Image","floor":14.0},{"not_picked":["Sucker Punch","Tactician+1"],"picked":"Poisoned Stab","floor":18.0},{"not_picked":["Acrobatics","Dagger Throw"],"picked":"Crippling Poison","floor":20.0},{"not_picked":["Sucker Punch","Slice"],"picked":"Corpse Explosion","floor":21.0},{"not_picked":["Eviscerate","Deflect","Sucker Punch"],"picked":"SKIP","floor":23.0},{"not_picked":["Poisoned Stab","Flying Knee"],"picked":"Cloak And Dagger","floor":25.0},{"not_picked":["Slice+1","Masterful Stab"],"picked":"Backflip","floor":27.0},{"not_picked":["Leg Sweep","Finisher"],"picked":"Dagger Throw","floor":28.0},{"not_picked":["Glass Knife","Backflip"],"picked":"Blur","floor":30.0},{"not_picked":["Sucker Punch","Distraction","Slice"],"picked":"SKIP","floor":31.0},{"not_picked":["Sucker Punch+1","Bane"],"picked":"Backflip+1","floor":35},{"not_picked":["PiercingWail","Cloak And Dagger+1","Sucker Punch+1"],"picked":"SKIP","floor":37},{"not_picked":["Setup","Heel Hook+1","Dagger Spray+1"],"picked":"SKIP","floor":38},{"not_picked":["Acrobatics","Sucker Punch","Poisoned Stab+1"],"picked":"SKIP","floor":39},{"not_picked":["Cloak And Dagger","Wraith Form v2"],"picked":"Accuracy","floor":41}],"player_experience":241361,"relics_obtained":[{"floor":7.0,"key":"Bottled Lightning"},{"floor":9.0,"key":"Kunai"},{"floor":11.0,"key":"Anchor"},{"floor":13.0,"key":"Tingsha"},{"floor":21.0,"key":"Red Mask"},{"floor":26.0,"key":"War Paint"},{"floor":28.0,"key":"Whetstone"},{"floor":43,"key":"Pantograph"}],"event_choices":[{"damage_healed":0.0,"max_hp_gain":0.0,"max_hp_loss":0.0,"gold_gain":0.0,"event_name":"Living Wall","player_choice":"Grow","floor":4.0,"gold_loss":0.0,"damage_taken":0.0,"cards_upgraded":["Dash"]},{"damage_healed":0.0,"max_hp_gain":0.0,"max_hp_loss":0.0,"gold_gain":0.0,"event_name":"Shining Light","player_choice":"Entered Light","floor":5.0,"gold_loss":0.0,"damage_taken":17.0,"cards_upgraded":["Defend_G","Defend_G"]},{"damage_healed":0.0,"max_hp_gain":0.0,"max_hp_loss":0.0,"gold_gain":0.0,"event_name":"Match and Keep!","player_choice":"1 cards matched","floor":8.0,"gold_loss":0.0,"damage_taken":0.0,"cards_obtained":["Cloak And Dagger"]},{"damage_healed":0.0,"max_hp_gain":0.0,"max_hp_loss":0.0,"gold_gain":0.0,"event_name":"Masked Bandits","player_choice":"Fought Bandits","floor":21.0,"gold_loss":0.0,"damage_taken":0.0},{"damage_healed":0,"gold_gain":0,"player_choice":"Ignored","damage_taken":0,"max_hp_gain":0,"max_hp_loss":0,"event_name":"NoteForYourself","floor":36,"gold_loss":0}],"is_beta":false,"boss_relics":[{"not_picked":["Sozu","Busted Crown"],"picked":"Snecko Eye"},{"not_picked":["Tiny House","White Beast Statue"],"picked":"Pandora\u0027s Box"}],"items_purged_floors":[19],"is_endless":false,"potions_floor_spawned":[1,13,14,16,20,28,30,33,35],"killed_by":"Nemesis","ascension_level":1}