{"gold_per_floor":[415,415,436,66,81,81,121,121,121,140,20,20,36,36,36,134,134,150,175,196,212,212],"floor_reached":22,"playtime":3895,"items_purged":[],"score":329,"play_id":"847ce0e5-8e64-4b42-b799-2f075debf101","local_time":"20190503211449","is_ascension_mode":true,"campfire_choices":[{"floor":6.0,"key":"REST"},{"floor":12.0,"key":"REST"},{"data":"Cloak And Dagger","floor":15.0,"key":"SMITH"}],"neow_cost":"TEN_PERCENT_HP_LOSS","seed_source_timestamp":0,"circlet_count":0,"master_deck":["AscendersBane","Survivor","Neutralize","Blur","Prepared","Footwork","Panache","Cloak And Dagger+1","Prepared","Choke","Escape Plan","Cloak And Dagger","Calculated Gamble","Deflect","Deadly Poison","Deadly Poison","Corpse Explosion","After Image","Skewer","Noxious Fumes","Dagger Spray","Infinite Blades","Deflect","Footwork","Deadly Poison","Footwork","Underhanded Strike","Acrobatics","Blade Dance","Backflip","Terror"],"special_seed":0,"relics":["Ring of the Snake","Old Coin","Golden Idol","StoneCalendar","Ice Cream","Regal Pillow","CultistMask","Pandora\u0027s Box"],"potions_floor_usage":[19],"damage_taken":[{"damage":0.0,"enemies":"Small Slimes","floor":1.0,"turns":5.0},{"damage":3.0,"enemies":"Jaw Worm","floor":3.0,"turns":7.0},{"damage":0.0,"enemies":"Cultist","floor":5.0,"turns":6.0},{"damage":28.0,"enemies":"3 Sentries","floor":7.0,"turns":16.0},{"damage":8.0,"enemies":"Large Slime","floor":10.0,"turns":7.0},{"damage":8.0,"enemies":"Gremlin Gang","floor":13.0,"turns":5.0},{"damage":20.0,"enemies":"The Guardian","floor":16.0,"turns":10.0},{"damage":16.0,"enemies":"Shell Parasite","floor":18.0,"turns":5.0},{"damage":0,"enemies":"3 Byrds","floor":19,"turns":4},{"damage":17,"enemies":"Snecko","floor":20,"turns":7},{"damage":14,"enemies":"Shelled Parasite and Fungi","floor":21,"turns":6},{"damage":14,"enemies":"Centurion and Healer","floor":22,"turns":2}],"seed_played":"-1070425769062284257","potions_obtained":[{"floor":1.0,"key":"AttackPotion"},{"floor":5.0,"key":"Fire Potion"},{"floor":13.0,"key":"SpeedPotion"},{"floor":18.0,"key":"Block Potion"}],"is_trial":false,"path_per_floor":["M","?","M","$","M","R","E","T","T","M","$","R","M","?","R","B",null,"M","M","M","M","M"],"character_chosen":"THE_SILENT","items_purchased":["Footwork","Panache","Cloak And Dagger","Prepared","Choke","Deflect","Deadly Poison","AttackPotion"],"campfire_rested":2,"item_purchase_floors":[4,4,4,4,4,11,11,11],"current_hp_per_floor":[59,38,35,35,35,53,25,25,25,17,17,50,42,42,42,22,51,35,35,18,4,0],"gold":212,"neow_bonus":"ONE_RARE_RELIC","is_prod":false,"is_daily":false,"chose_seed":false,"campfire_upgraded":1,"win_rate":0,"timestamp":1556943289,"path_taken":["M","?","M","$","M","R","E","?","T","?","$","R","?","?","R","BOSS","M","M","?","M","M"],"build_version":"2019-01-23","purchased_purges":0,"victory":false,"max_hp_per_floor":[60,60,60,60,60,60,60,60,60,60,60,60,60,60,60,60,60,60,60,60,60,60],"card_choices":[{"not_picked":["Underhanded Strike","Prepared"],"picked":"Blur","floor":1.0},{"not_picked":["Blur","All Out Attack"],"picked":"Prepared","floor":3.0},{"not_picked":["Underhanded Strike","Riddle With Holes"],"picked":"Escape Plan","floor":5.0},{"not_picked":["Dodge and Roll","Dagger Throw"],"picked":"Cloak And Dagger","floor":7.0},{"not_picked":["Poisoned Stab","Slice"],"picked":"Calculated Gamble","floor":10.0},{"not_picked":["Heel Hook","Sucker Punch"],"picked":"Deadly Poison","floor":13.0},{"not_picked":["A Thousand Cuts","Tools of the Trade"],"picked":"Corpse Explosion","floor":16.0},{"not_picked":["Dodge and Roll+1","Blade Dance"],"picked":"Acrobatics","floor":18.0},{"not_picked":["Masterful Stab","Poisoned Stab"],"picked":"Blade Dance","floor":19},{"not_picked":["Noxious Fumes","Reflex+1"],"picked":"Backflip","floor":20},{"not_picked":["Catalyst","Dodge and Roll"],"picked":"Terror","floor":21}],"player_experience":1597818,"relics_obtained":[{"floor":7.0,"key":"StoneCalendar"},{"floor":8.0,"key":"Ice Cream"},{"floor":9.0,"key":"Regal Pillow"}],"event_choices":[{"damage_healed":0.0,"max_hp_gain":0.0,"max_hp_loss":0.0,"gold_gain":0.0,"event_name":"Golden Idol","player_choice":"Take Damage","floor":2.0,"gold_loss":0.0,"damage_taken":21.0,"relics_obtained":["Golden Idol"]},{"damage_healed":0.0,"max_hp_gain":0.0,"max_hp_loss":0.0,"gold_gain":0.0,"event_name":"FaceTrader","player_choice":"Trade","floor":14.0,"gold_loss":0.0,"damage_taken":0.0,"relics_obtained":["CultistMask"]}],"is_beta":false,"boss_relics":[{"not_picked":["Ectoplasm","Calling Bell"],"picked":"Pandora\u0027s Box"}],"items_purged_floors":[],"is_endless":false,"potions_floor_spawned":[1,5,13,18],"killed_by":"Centurion and Healer","ascension_level":15}