{"gold_per_floor":[115,115,190,210,225,259,259,290,290,255,270,270,2,26,26,26],"floor_reached":16,"playtime":485,"items_purged":[],"score":173,"play_id":"533e02dd-a751-4759-8617-9761e772318f","local_time":"20190505201638","is_ascension_mode":true,"campfire_choices":[{"floor":7,"key":"REST"},{"floor":12,"key":"REST"},{"floor":15,"key":"REST"}],"neow_cost":"NONE","seed_source_timestamp":23883044086100,"circlet_count":0,"master_deck":["AscendersBane","Strike_B","Strike_B","Strike_B","Strike_B","Defend_B","Defend_B","Defend_B","Defend_B","Zap","Dualcast","Electrodynamics","Echo Form","Storm","Heatsinks","Mayhem","Self Repair"],"relics":["Cracked Core","Bag of Marbles","Bottled Lightning","Omamori","Bag of Preparation"],"potions_floor_usage":[],"damage_taken":[{"damage":0,"enemies":"Small Slimes","floor":1,"turns":2},{"damage":7,"enemies":"Jaw Worm","floor":4,"turns":4},{"damage":0,"enemies":"2 Louse","floor":5,"turns":1},{"damage":20,"enemies":"3 Sentries","floor":6,"turns":4},{"damage":32,"enemies":"Gremlin Nob","floor":8,"turns":5},{"damage":16,"enemies":"Blue Slaver","floor":11,"turns":5},{"damage":66,"enemies":"Hexaghost","floor":16,"turns":9}],"seed_played":"7068585148042795360","potions_obtained":[{"floor":6,"key":"Ancient Potion"},{"floor":11,"key":"SmokeBomb"}],"is_trial":false,"path_per_floor":["M","?","?","M","M","E","R","E","T","?","M","R","$","T","R","B"],"character_chosen":"DEFECT","items_purchased":["Mayhem","Self Repair"],"campfire_rested":3,"item_purchase_floors":[13,13],"current_hp_per_floor":[68,68,57,50,50,30,52,20,20,38,22,44,44,44,66,0],"gold":26,"neow_bonus":"ONE_RANDOM_RARE_CARD","is_prod":false,"is_daily":false,"chose_seed":false,"campfire_upgraded":0,"win_rate":0,"timestamp":1557080198,"path_taken":["M","?","?","M","M","E","R","E","T","?","M","R","?","?","R","BOSS"],"build_version":"2019-01-23","purchased_purges":0,"victory":false,"max_hp_per_floor":[75,75,75,75,75,75,75,75,75,75,75,75,75,75,75,75],"card_choices":[{"not_picked":["Gash","Sweeping Beam","Go for the Eyes"],"picked":"SKIP","floor":1},{"not_picked":["Fusion","Rebound","Stack"],"picked":"SKIP","floor":4},{"not_picked":["Hologram","Beam Cell","Scrape"],"picked":"SKIP","floor":5},{"not_picked":["Reprogram","Stack"],"picked":"Echo Form","floor":6},{"not_picked":["Aggregate","Compile Driver"],"picked":"Storm","floor":8},{"not_picked":["Redo","Streamline"],"picked":"Heatsinks","floor":11}],"player_experience":1821791,"relics_obtained":[{"floor":6,"key":"Bag of Marbles"},{"floor":8,"key":"Bottled Lightning"},{"floor":9,"key":"Omamori"},{"floor":14,"key":"Bag of Preparation"}],"event_choices":[{"damage_healed":0,"gold_gain":0,"player_choice":"Ignored","damage_taken":0,"max_hp_gain":0,"max_hp_loss":0,"event_name":"Golden Wing","floor":2,"gold_loss":0},{"damage_healed":0,"gold_gain":75,"player_choice":"Gather Gold","damage_taken":11,"max_hp_gain":0,"max_hp_loss":0,"event_name":"World of Goop","floor":3,"gold_loss":0},{"damage_healed":18,"gold_gain":0,"player_choice":"Healed","damage_taken":0,"max_hp_gain":0,"max_hp_loss":0,"event_name":"The Cleric","floor":10,"gold_loss":35}],"is_beta":false,"boss_relics":[],"items_purged_floors":[],"is_endless":false,"potions_floor_spawned":[6,11],"killed_by":"Hexaghost","ascension_level":12}