{"gold_per_floor":[109,122,135,149,166,198,198,198,198,214,214,230,262,262,262,336,336,354,203,213,213,231,265,280,310,310,310,50,113,113,123,123,195,195,209,209,109,120,191,220,220,555,555,604,623,642,671,687,687,687,687,687,687,26,59,59],"floor_reached":57,"playtime":8951,"items_purged":["Strike_B","Streamline","Dualcast"],"score":3103,"play_id":"9d4761a0-c2ab-4dd6-b129-5ccc62d3863e","local_time":"20190509020549","is_ascension_mode":true,"campfire_choices":[{"data":"Zap","floor":8.0,"key":"SMITH"},{"data":"Electrodynamics","floor":15.0,"key":"SMITH"},{"data":"Seek","floor":32.0,"key":"SMITH"},{"data":"Heatsinks","floor":41.0,"key":"SMITH"},{"floor":49.0,"key":"RECALL"},{"data":"Capacitor","floor":53,"key":"SMITH"}],"neow_cost":"PERCENT_DAMAGE","seed_source_timestamp":0,"circlet_count":0,"master_deck":["AscendersBane","Zap+1","Biased Cognition","Ball Lightning","Glacier","Leap","Ball Lightning","Electrodynamics+1","Biased Cognition","Undo","Self Repair","Genetic Algorithm","Coolheaded","Hologram","Glacier","Storm","Loop","Seek+1","Ghostly","Ghostly","Ghostly","Core Surge","Coolheaded","Capacitor+1","All For One","Redo","Reboot","Leap+1","Heatsinks+1","Force Field","Seek","Reinforced Body+1","Self Repair","Doom and Gloom+1"],"special_seed":0,"relics":["Cracked Core","Mummified Hand","Letter Opener","Singing Bowl","GremlinMask","Sozu","Question Card","Symbiotic Virus","Dodecahedron","DataDisk","Tiny Chest","Pandora\u0027s Box","Bottled Tornado","Oddly Smooth Stone","Old Coin","Shovel","Emotion Chip","ClockworkSouvenir","Cables","Gremlin Horn"],"potions_floor_usage":[56],"damage_taken":[{"damage":12.0,"enemies":"Small Slimes","floor":1.0,"turns":4.0},{"damage":1.0,"enemies":"Cultist","floor":2.0,"turns":3.0},{"damage":9.0,"enemies":"Jaw Worm","floor":3.0,"turns":4.0},{"damage":13.0,"enemies":"Exordium Thugs","floor":4.0,"turns":3.0},{"damage":7.0,"enemies":"Exordium Wildlife","floor":5.0,"turns":2.0},{"damage":0.0,"enemies":"Gremlin Nob","floor":6.0,"turns":3.0},{"damage":0.0,"enemies":"2 Fungi Beasts","floor":10.0,"turns":3.0},{"damage":0.0,"enemies":"Large Slime","floor":12.0,"turns":3.0},{"damage":0.0,"enemies":"Lagavulin","floor":13.0,"turns":5.0},{"damage":0.0,"enemies":"Slime Boss","floor":16.0,"turns":5.0},{"damage":0.0,"enemies":"Spheric Guardian","floor":18.0,"turns":3.0},{"damage":12.0,"enemies":"2 Thieves","floor":20.0,"turns":3.0},{"damage":0.0,"enemies":"Snecko","floor":22.0,"turns":4.0},{"damage":0.0,"enemies":"Slavers","floor":23.0,"turns":2.0},{"damage":0.0,"enemies":"Chosen and Byrds","floor":24.0,"turns":3.0},{"damage":21.0,"enemies":"Gremlin Leader","floor":25.0,"turns":5.0},{"damage":2.0,"enemies":"Book of Stabbing","floor":29.0,"turns":5.0},{"damage":3.0,"enemies":"Centurion and Healer","floor":31.0,"turns":5.0},{"damage":23.0,"enemies":"Collector","floor":33.0,"turns":8.0},{"damage":0.0,"enemies":"Orb Walker","floor":35.0,"turns":2.0},{"damage":0.0,"enemies":"3 Darklings","floor":38.0,"turns":5.0},{"damage":2.0,"enemies":"Reptomancer","floor":40.0,"turns":3.0},{"damage":0.0,"enemies":"Nemesis","floor":42.0,"turns":5.0},{"damage":0.0,"enemies":"2 Orb Walkers","floor":44.0,"turns":4.0},{"damage":0.0,"enemies":"4 Shapes","floor":45.0,"turns":5.0},{"damage":0.0,"enemies":"Spire Growth","floor":46.0,"turns":3.0},{"damage":0.0,"enemies":"Reptomancer","floor":47.0,"turns":4.0},{"damage":0.0,"enemies":"Maw","floor":48.0,"turns":4.0},{"damage":5.0,"enemies":"Awakened One","floor":50.0,"turns":14.0},{"damage":3,"enemies":"Time Eater","floor":51,"turns":13},{"damage":11,"enemies":"Shield and Spear","floor":55,"turns":4},{"damage":17,"enemies":"The Heart","floor":56,"turns":10}],"seed_played":"-2956743221730204792","potions_obtained":[{"floor":1.0,"key":"Fire Potion"},{"floor":3.0,"key":"FearPotion"},{"floor":5.0,"key":"AttackPotion"},{"floor":13.0,"key":"Poison Potion"},{"floor":16.0,"key":"PowerPotion"}],"is_trial":false,"path_per_floor":["M","M","M","M","M","E","?","R","T","M","?","M","E","?","R","B",null,"M","$","M","?","M","E","M","E","T","?","$","E","?","M","R","B",null,"M","?","$","M","T","E","R","E","T","?","M","M","E","M","R","B","B",null,"R","$","E","B",null],"character_chosen":"DEFECT","items_purchased":["Self Repair","DataDisk","Loop","ClockworkSouvenir","Cables","Self Repair"],"campfire_rested":0,"item_purchase_floors":[19,28,28,54,54,54],"current_hp_per_floor":[34,33,24,11,4,4,71,71,71,71,71,71,73,73,73,73,73,73,73,70,70,75,75,75,61,61,61,61,66,37,39,39,23,35,39,37,37,39,39,39,39,41,41,41,43,45,45,47,47,47,47,47,47,47,47,44],"gold":59,"neow_bonus":"THREE_RARE_CARDS","is_prod":false,"is_daily":false,"chose_seed":false,"campfire_upgraded":5,"win_rate":0,"timestamp":1557381949,"path_taken":["M","M","M","M","M","E","?","R","T","?","?","M","E","?","R","BOSS","M","?","M","?","?","E","M","E","T","?","$","E","?","M","R","BOSS","M","?","?","M","?","E","R","E","T","?","M","?","E","M","R","BOSS","BOSS","R","$","E","BOSS"],"build_version":"2019-01-23","purchased_purges":3,"victory":true,"max_hp_per_floor":[71,71,71,71,71,71,71,71,71,71,71,71,73,73,73,73,73,73,73,75,75,75,75,75,75,75,75,75,75,37,39,39,39,39,39,39,39,39,39,39,39,41,41,41,43,45,45,47,47,47,47,47,47,47,47,47],"card_choices":[{"not_picked":["Echo Form","Thunder Strike"],"picked":"Biased Cognition","floor":0.0},{"not_picked":["Force Field","Lockon"],"picked":"Sunder","floor":1.0},{"not_picked":["Sunder","Beam Cell","Streamline"],"picked":"SKIP","floor":2.0},{"not_picked":["Compile Driver","Streamline"],"picked":"Ball Lightning","floor":3.0},{"not_picked":["Hologram","Cold Snap"],"picked":"Glacier","floor":4.0},{"not_picked":["Redo","Turbo"],"picked":"Leap","floor":5.0},{"not_picked":["Auto Shields","Redo","Lockon"],"picked":"SKIP","floor":6.0},{"not_picked":["Conserve Battery","Darkness"],"picked":"Ball Lightning","floor":10.0},{"not_picked":["Stack","Beam Cell","Fission"],"picked":"SKIP","floor":12.0},{"not_picked":["Aggregate","Stack","Leap"],"picked":"Singing Bowl","floor":13.0},{"not_picked":["Rainbow","Thunder Strike"],"picked":"Biased Cognition","floor":16.0},{"not_picked":["Storm","Sunder"],"picked":"Undo","floor":18.0},{"not_picked":["Rebound","Gash","Redo"],"picked":"Singing Bowl","floor":20.0},{"not_picked":["Steam","Aggregate"],"picked":"Coolheaded","floor":22.0},{"not_picked":["Cold Snap","Conserve Battery"],"picked":"Hologram","floor":23.0},{"not_picked":["Go for the Eyes","Steam Power","Gash"],"picked":"Glacier","floor":24.0},{"not_picked":["Double Energy","Stack+1","Coolheaded"],"picked":"Storm","floor":25.0},{"not_picked":["Beam Cell","Turbo","Self Repair"],"picked":"Seek","floor":29.0},{"not_picked":["Barrage","Sunder","Ball Lightning","Hologram"],"picked":"Singing Bowl","floor":31.0},{"not_picked":["Multi-Cast","Reboot","Biased Cognition"],"picked":"Core Surge","floor":33.0},{"not_picked":["Lockon+1","Stack","Hologram"],"picked":"Leap+1","floor":35.0},{"not_picked":["Hologram+1","Chill+1","Scrape"],"picked":"Heatsinks","floor":38.0},{"not_picked":["Rebound","Ball Lightning+1","Compile Driver+1"],"picked":"Force Field","floor":40.0},{"not_picked":["Hologram","Barrage","Self Repair","Streamline+1"],"picked":"Singing Bowl","floor":42.0},{"not_picked":["FTL","Hologram+1","Coolheaded"],"picked":"Seek","floor":44.0},{"not_picked":["Force Field","Redo","Gash","Rainbow"],"picked":"Singing Bowl","floor":45.0},{"not_picked":["Hologram","Melter+1","Streamline","Consume"],"picked":"Singing Bowl","floor":46.0},{"not_picked":["Scrape","Darkness","Ball Lightning"],"picked":"Reinforced Body+1","floor":47.0},{"not_picked":["Barrage","Compile Driver","Conserve Battery","Reprogram"],"picked":"Singing Bowl","floor":48.0},{"not_picked":["Steam Power","Fission","Seek"],"picked":"Doom and Gloom+1","floor":55}],"player_experience":932205,"relics_obtained":[{"floor":6.0,"key":"Mummified Hand"},{"floor":9.0,"key":"Letter Opener"},{"floor":13.0,"key":"Singing Bowl"},{"floor":23.0,"key":"Question Card"},{"floor":25.0,"key":"Symbiotic Virus"},{"floor":26.0,"key":"Dodecahedron"},{"floor":29.0,"key":"Tiny Chest"},{"floor":39.0,"key":"Bottled Tornado"},{"floor":40.0,"key":"Oddly Smooth Stone"},{"floor":42.0,"key":"Old Coin"},{"floor":44.0,"key":"Shovel"},{"floor":47.0,"key":"Emotion Chip"},{"floor":55,"key":"Gremlin Horn"}],"event_choices":[{"cards_removed":["Sunder"],"damage_healed":67.0,"max_hp_gain":0.0,"max_hp_loss":0.0,"gold_gain":0.0,"event_name":"Bonfire Elementals","player_choice":"Offered Uncommon","floor":7.0,"gold_loss":0.0,"damage_taken":0.0},{"damage_healed":0.0,"max_hp_gain":0.0,"max_hp_loss":0.0,"gold_gain":0.0,"cards_transformed":["Strike_B"],"event_name":"Living Wall","player_choice":"Change","floor":11.0,"gold_loss":0.0,"damage_taken":0.0,"cards_obtained":["Electrodynamics"]},{"damage_healed":0.0,"max_hp_gain":0.0,"max_hp_loss":0.0,"gold_gain":0.0,"event_name":"FaceTrader","player_choice":"Trade","floor":14.0,"gold_loss":0.0,"damage_taken":0.0,"relics_obtained":["GremlinMask"]},{"damage_healed":0.0,"max_hp_gain":0.0,"max_hp_loss":0.0,"gold_gain":0.0,"event_name":"The Library","player_choice":"Read","floor":21.0,"gold_loss":0.0,"damage_taken":0.0,"cards_obtained":["Genetic Algorithm"]},{"damage_healed":0.0,"max_hp_gain":0.0,"max_hp_loss":0.0,"gold_gain":0.0,"event_name":"Vampires","player_choice":"Ignored","floor":27.0,"gold_loss":0.0,"damage_taken":0.0},{"damage_healed":0.0,"max_hp_gain":0.0,"max_hp_loss":38.0,"gold_gain":0.0,"event_name":"Ghosts","player_choice":"Became a Ghost","floor":30.0,"gold_loss":0.0,"damage_taken":0.0,"cards_obtained":["Ghostly","Ghostly","Ghostly"]},{"damage_healed":0.0,"max_hp_gain":0.0,"max_hp_loss":0.0,"gold_gain":0.0,"event_name":"The Woman in Blue","player_choice":"Bought 0 Potions","floor":36.0,"gold_loss":0.0,"damage_taken":0.0},{"damage_healed":0.0,"max_hp_gain":0.0,"max_hp_loss":0.0,"gold_gain":0.0,"event_name":"Mysterious Sphere","player_choice":"Fight","floor":44.0,"gold_loss":0.0,"damage_taken":0.0}],"is_beta":false,"boss_relics":[{"not_picked":["Coffee Dripper","Philosopher\u0027s Stone"],"picked":"Sozu"},{"not_picked":["Fusion Hammer","Busted Crown"],"picked":"Pandora\u0027s Box"}],"items_purged_floors":[19,37,54],"is_endless":false,"potions_floor_spawned":[1,3,5,13,16,18,23,25,31,40,42,48],"ascension_level":20}