{"gold_per_floor":[114,114,114,132,132,160,160,186,210,234,234,269,290,318,318,412,412,425,425,63,162,7,7,7],"floor_reached":24,"playtime":778,"items_purged":["Injury"],"score":340,"play_id":"f6ada17f-1c68-4803-acf5-bf87ed49011b","local_time":"20190510214048","is_ascension_mode":true,"campfire_choices":[{"floor":11,"key":"REST"},{"floor":15,"key":"REST"},{"floor":23,"key":"REST"}],"neow_cost":"NONE","seed_source_timestamp":268908644615800,"circlet_count":0,"master_deck":["AscendersBane","Strike_R+1","Strike_R","Strike_R","Strike_R","Defend_R+1","Defend_R","Defend_R","Defend_R","Bash","Sword Boomerang","Iron Wave","Whirlwind","Inflame","Impervious","Pummel","Spot Weakness","Sword Boomerang","Thunderclap","Reaper","Blood for Blood","Transmutation","Cleave"],"relics":["Burning Blood","Lantern","Paper Frog","Bloody Idol","Dream Catcher","Potion Belt","Smiling Mask","Odd Mushroom","White Beast Statue","Juzu Bracelet","Bag of Marbles"],"potions_floor_usage":[6,16,24,24,24],"damage_taken":[{"damage":0,"enemies":"Small Slimes","floor":1,"turns":3},{"damage":0,"enemies":"2 Louse","floor":4,"turns":3},{"damage":12,"enemies":"3 Sentries","floor":6,"turns":11},{"damage":6,"enemies":"Cultist","floor":10,"turns":3},{"damage":35,"enemies":"Lagavulin","floor":12,"turns":7},{"damage":7,"enemies":"Large Slime","floor":13,"turns":5},{"damage":13,"enemies":"The Mushroom Lair","floor":14,"turns":3},{"damage":27,"enemies":"Slime Boss","floor":16,"turns":9},{"damage":25,"enemies":"Chosen","floor":18,"turns":5},{"damage":80,"enemies":"Book of Stabbing","floor":24,"turns":5}],"seed_played":"4682455722238138478","potions_obtained":[{"floor":1,"key":"Dexterity Potion"},{"floor":6,"key":"GamblersBrew"},{"floor":10,"key":"Ancient Potion"},{"floor":16,"key":"Energy Potion"},{"floor":18,"key":"EssenceOfSteel"}],"is_trial":false,"path_per_floor":["M","?","$","M","?","E","?","T","T","M","R","E","M","?","R","B",null,"M","?","$","?","$","R","E"],"character_chosen":"IRONCLAD","items_purchased":["Juzu Bracelet","Transmutation","Bag of Marbles"],"campfire_rested":3,"item_purchase_floors":[20,20,22],"current_hp_per_floor":[74,74,74,75,60,54,54,54,54,54,75,46,45,38,60,39,66,47,47,47,52,52,74,0],"gold":7,"neow_bonus":"RANDOM_COMMON_RELIC","is_prod":false,"is_daily":false,"chose_seed":false,"campfire_upgraded":0,"win_rate":0,"timestamp":1557517248,"path_taken":["M","?","$","M","?","E","?","?","T","?","R","E","M","?","R","BOSS","M","?","$","?","?","R","E"],"build_version":"2019-01-23","purchased_purges":1,"victory":false,"max_hp_per_floor":[75,75,75,75,75,75,75,75,75,75,75,75,75,75,75,75,75,75,75,75,75,75,75,75],"card_choices":[{"not_picked":["Second Wind","Havoc"],"picked":"Sword Boomerang","floor":1},{"not_picked":["True Grit","Shrug It Off","Thunderclap"],"picked":"SKIP","floor":4},{"not_picked":["Power Through","Feel No Pain"],"picked":"Whirlwind","floor":6},{"not_picked":["Perfected Strike","Sever Soul"],"picked":"Inflame","floor":10},{"not_picked":["Flame Barrier","True Grit"],"picked":"Impervious","floor":11},{"not_picked":["Havoc","Body Slam"],"picked":"Pummel","floor":12},{"not_picked":["Pommel Strike","Warcry"],"picked":"Spot Weakness","floor":13},{"not_picked":["Perfected Strike","Armaments"],"picked":"Sword Boomerang","floor":14},{"not_picked":["Wild Strike","Warcry"],"picked":"Thunderclap","floor":15},{"not_picked":["Limit Break","Juggernaut"],"picked":"Reaper","floor":16},{"not_picked":["Sword Boomerang","Iron Wave+1"],"picked":"Blood for Blood","floor":18},{"not_picked":["Iron Wave+1","Havoc"],"picked":"Cleave","floor":23}],"player_experience":1836214,"relics_obtained":[{"floor":6,"key":"Paper Frog"},{"floor":8,"key":"Dream Catcher"},{"floor":9,"key":"Potion Belt"},{"floor":12,"key":"Smiling Mask"},{"floor":14,"key":"Odd Mushroom"}],"event_choices":[{"damage_healed":0,"gold_gain":0,"cards_transformed":["Strike_R"],"player_choice":"Change","damage_taken":0,"max_hp_gain":0,"max_hp_loss":0,"event_name":"Living Wall","floor":2,"gold_loss":0,"cards_obtained":["Iron Wave"]},{"damage_healed":0,"gold_gain":0,"player_choice":"Entered Light","damage_taken":15,"max_hp_gain":0,"max_hp_loss":0,"event_name":"Shining Light","floor":5,"gold_loss":0,"cards_upgraded":["Strike_R","Defend_R"]},{"damage_healed":0,"gold_gain":0,"player_choice":"Take Wound","damage_taken":0,"relics_obtained":["Golden Idol"],"max_hp_gain":0,"max_hp_loss":0,"event_name":"Golden Idol","floor":7,"gold_loss":0,"cards_obtained":["Injury"]},{"damage_healed":0,"gold_gain":0,"player_choice":"Fought Mushrooms","damage_taken":0,"max_hp_gain":0,"max_hp_loss":0,"event_name":"Mushrooms","floor":14,"gold_loss":0},{"damage_healed":0,"gold_gain":0,"player_choice":"Gave Idol","damage_taken":0,"relics_obtained":["Bloody Idol"],"max_hp_gain":0,"max_hp_loss":0,"event_name":"Forgotten Altar","floor":19,"relics_lost":["Golden Idol"],"gold_loss":0},{"damage_healed":0,"gold_gain":99,"player_choice":"Stole From Cult","damage_taken":0,"max_hp_gain":0,"max_hp_loss":0,"event_name":"Nest","floor":21,"gold_loss":0}],"is_beta":false,"boss_relics":[{"not_picked":["Velvet Choker","Eternal Feather"],"picked":"White Beast Statue"}],"items_purged_floors":[20],"is_endless":false,"potions_floor_spawned":[1,6,10,16,18],"killed_by":"Book of Stabbing","ascension_level":14}