{"gold_per_floor":[213,213,313,329,1,1,34,34,116,129,165,191,191,210,210,341,341,341,341,341,296,183,183,183,183,183,183,183,183,183,183,183,183,183,183,183,133,133,133,133,133,133,133,133,133,72,72,72,72,72],"floor_reached":50,"playtime":3122,"items_purged":["Strike_R","Strike_R","Strike_R","Strike_R"],"score":638,"play_id":"90c8a042-d26d-4f35-9ae2-b7fb3f06d1ae","local_time":"20190421161238","is_ascension_mode":true,"campfire_choices":[{"data":"Immolate","floor":6.0,"key":"SMITH"},{"data":"Bash","floor":8.0,"key":"SMITH"},{"data":"Metallicize","floor":13.0,"key":"SMITH"},{"data":"Flame Barrier","floor":15.0,"key":"SMITH"},{"data":"Armaments","floor":23.0,"key":"SMITH"},{"data":"Whirlwind","floor":27.0,"key":"SMITH"},{"floor":32.0,"key":"REST"},{"data":"Anger","floor":40,"key":"SMITH"},{"floor":44,"key":"REST"},{"floor":47,"key":"REST"},{"floor":49,"key":"REST"}],"neow_cost":"NONE","seed_source_timestamp":0,"circlet_count":0,"master_deck":["Defend_R","Defend_R+1","Defend_R","Defend_R+1","Bash+1","Metallicize+1","Dropkick","Spot Weakness","Immolate+1","Bloodletting","Headbutt","Seeing Red","Flame Barrier+1","Feed","Rupture+1","Pommel Strike","Pummel","Armaments+1","Whirlwind+1","Warcry","Inflame","Combust","RitualDagger","Thunderclap","J.A.X.","Brutality","Anger+1","Cleave","Burning Pact+1","Clothesline+1","Parasite","Iron Wave","True Grit","Feel No Pain+1"],"special_seed":0,"relics":["Burning Blood","Bloody Idol","Membership Card","War Paint","Pear","Smiling Mask","Ancient Tea Set","Ectoplasm","Mango","Ornamental Fan","Bottled Tornado","Happy Flower","Velvet Choker","Boot","Dead Branch"],"potions_floor_usage":[42,50,50],"damage_taken":[{"damage":8.0,"enemies":"2 Louse","floor":1.0,"turns":3.0},{"damage":1.0,"enemies":"Small Slimes","floor":4.0,"turns":4.0},{"damage":19.0,"enemies":"3 Sentries","floor":7.0,"turns":5.0},{"damage":0.0,"enemies":"Cultist","floor":10.0,"turns":4.0},{"damage":29.0,"enemies":"Lagavulin","floor":11.0,"turns":6.0},{"damage":3.0,"enemies":"Exordium Thugs","floor":14.0,"turns":3.0},{"damage":32.0,"enemies":"Slime Boss","floor":16.0,"turns":7.0},{"damage":12.0,"enemies":"Chosen","floor":18.0,"turns":3.0},{"damage":35.0,"enemies":"Colosseum Slavers","floor":20.0,"turns":7.0},{"damage":24.0,"enemies":"Colosseum Nobs","floor":20.0,"turns":5.0},{"damage":0.0,"enemies":"2 Thieves","floor":21.0,"turns":3.0},{"damage":12.0,"enemies":"Centurion and Healer","floor":24.0,"turns":5.0},{"damage":0.0,"enemies":"Snecko","floor":25.0,"turns":4.0},{"damage":0.0,"enemies":"Sentry and Sphere","floor":28.0,"turns":3.0},{"damage":44.0,"enemies":"Gremlin Leader","floor":30.0,"turns":7.0},{"damage":68.0,"enemies":"Automaton","floor":33.0,"turns":8.0},{"damage":5,"enemies":"Orb Walker","floor":35,"turns":3},{"damage":39,"enemies":"3 Shapes","floor":36,"turns":5},{"damage":7,"enemies":"Sphere and 2 Shapes","floor":38,"turns":3},{"damage":28,"enemies":"Spire Growth","floor":41,"turns":4},{"damage":37,"enemies":"4 Shapes","floor":42,"turns":6},{"damage":27,"enemies":"Writhing Mass","floor":45,"turns":5},{"damage":58,"enemies":"2 Orb Walkers","floor":48,"turns":5},{"damage":86,"enemies":"Awakened One","floor":50,"turns":5}],"seed_played":"-8465382257790081749","potions_obtained":[{"floor":1.0,"key":"LiquidBronze"},{"floor":7.0,"key":"Regen Potion"},{"floor":14.0,"key":"EntropicBrew"},{"floor":20.0,"key":"Energy Potion"},{"floor":25.0,"key":"AttackPotion"},{"floor":33.0,"key":"Block Potion"},{"floor":42,"key":"Regen Potion"}],"is_trial":false,"path_per_floor":["M","?","?","M","$","R","E","R","T","M","E","T","R","M","R","B",null,"M","?","?","M","$","R","M","M","T","R","M","?","E","?","R","B",null,"M","M","$","M","?","R","M","M","T","R","M","$","R","?","R","B"],"character_chosen":"IRONCLAD","items_purchased":["Membership Card","Spot Weakness","Immolate","Armaments","Whirlwind","True Grit"],"campfire_rested":4,"item_purchase_floors":[5,5,5,22,22,46],"current_hp_per_floor":[78,58,58,63,63,63,50,50,60,66,43,43,43,46,46,20,73,70,70,57,66,66,66,60,69,69,69,75,69,34,34,70,8,94,98,68,68,67,67,67,45,17,17,56,35,35,74,25,65,0],"gold":72,"neow_bonus":"HUNDRED_GOLD","is_prod":false,"is_daily":false,"chose_seed":false,"campfire_upgraded":7,"win_rate":0,"timestamp":1555888358,"path_taken":["M","?","?","M","$","R","E","R","T","?","E","?","R","M","R","BOSS","M","?","?","M","$","R","M","?","T","R","M","?","E","?","R","BOSS","M","M","$","M","?","R","M","M","T","R","M","$","R","?","R","BOSS"],"build_version":"2019-01-23","purchased_purges":4,"victory":false,"max_hp_per_floor":[80,80,80,80,80,80,80,80,90,90,90,90,90,90,90,90,90,93,93,113,116,116,116,116,119,119,119,119,119,122,122,122,122,122,125,128,128,128,128,128,128,131,131,131,131,131,131,134,134,134],"card_choices":[{"not_picked":["Whirlwind","Body Slam"],"picked":"Metallicize","floor":1.0},{"not_picked":["Iron Wave","Thunderclap"],"picked":"Dropkick","floor":4.0},{"not_picked":["Sword Boomerang","Whirlwind"],"picked":"Bloodletting","floor":7.0},{"not_picked":["Dropkick","Pommel Strike"],"picked":"Headbutt","floor":10.0},{"not_picked":["Pummel","Thunderclap"],"picked":"Seeing Red","floor":11.0},{"not_picked":["Carnage","Flex"],"picked":"Flame Barrier","floor":14.0},{"not_picked":["Impervious","Brutality"],"picked":"Feed","floor":16.0},{"not_picked":["Iron Wave","Flex"],"picked":"Rupture+1","floor":18.0},{"not_picked":["Wild Strike","Body Slam+1"],"picked":"Pommel Strike","floor":20.0},{"not_picked":["Intimidate","Feed"],"picked":"Pummel","floor":21.0},{"not_picked":["Perfected Strike","Rampage+1"],"picked":"Warcry","floor":24.0},{"not_picked":["Perfected Strike","Body Slam"],"picked":"Inflame","floor":25.0},{"not_picked":["Bloodletting","Spot Weakness"],"picked":"Combust","floor":28.0},{"not_picked":["Burning Pact","Twin Strike"],"picked":"Thunderclap","floor":30.0},{"not_picked":["Double Tap","Bludgeon"],"picked":"Brutality","floor":33.0},{"not_picked":["Pommel Strike","Reckless Charge+1"],"picked":"Anger","floor":35},{"not_picked":["Thunderclap","Headbutt+1"],"picked":"Cleave","floor":36},{"not_picked":["Sword Boomerang","Twin Strike"],"picked":"Burning Pact+1","floor":38},{"not_picked":["Combust+1","Wild Strike+1"],"picked":"Clothesline+1","floor":41},{"not_picked":["Wild Strike+1","Body Slam+1","Clash+1"],"picked":"SKIP","floor":42},{"not_picked":["Thunderclap","Metallicize"],"picked":"Iron Wave","floor":45},{"not_picked":["Entrench","True Grit"],"picked":"Feel No Pain+1","floor":48}],"player_experience":350654,"relics_obtained":[{"floor":7.0,"key":"War Paint"},{"floor":9.0,"key":"Pear"},{"floor":11.0,"key":"Smiling Mask"},{"floor":12.0,"key":"Ancient Tea Set"},{"floor":20.0,"key":"Mango"},{"floor":20.0,"key":"Ornamental Fan"},{"floor":26.0,"key":"Bottled Tornado"},{"floor":30.0,"key":"Happy Flower"},{"floor":43,"key":"Boot"},{"floor":48,"key":"Dead Branch"}],"event_choices":[{"damage_healed":0.0,"max_hp_gain":0.0,"max_hp_loss":0.0,"gold_gain":0.0,"event_name":"Golden Idol","player_choice":"Take Damage","floor":2.0,"gold_loss":0.0,"damage_taken":20.0,"relics_obtained":["Golden Idol"]},{"damage_healed":0.0,"max_hp_gain":0.0,"max_hp_loss":0.0,"gold_gain":100.0,"event_name":"Wheel of Change","player_choice":"Gold","floor":3.0,"gold_loss":0.0,"damage_taken":0.0},{"damage_healed":0.0,"max_hp_gain":0.0,"max_hp_loss":0.0,"gold_gain":0.0,"event_name":"Forgotten Altar","player_choice":"Gave Idol","floor":19.0,"relics_lost":["Golden Idol"],"gold_loss":0.0,"damage_taken":0.0,"relics_obtained":["Bloody Idol"]},{"damage_healed":0.0,"max_hp_gain":0.0,"max_hp_loss":0.0,"gold_gain":0.0,"event_name":"Colosseum","player_choice":"Fight","floor":20.0,"gold_loss":0.0,"damage_taken":0.0},{"damage_healed":0.0,"max_hp_gain":0.0,"max_hp_loss":0.0,"gold_gain":0.0,"event_name":"Colosseum","player_choice":"Fought Nobs","floor":20.0,"gold_loss":0.0,"damage_taken":0.0},{"damage_healed":0.0,"max_hp_gain":0.0,"max_hp_loss":0.0,"gold_gain":0.0,"event_name":"Nest","player_choice":"Joined the Cult","floor":29.0,"gold_loss":0.0,"damage_taken":6.0,"cards_obtained":["RitualDagger"]},{"damage_healed":0.0,"max_hp_gain":0.0,"max_hp_loss":0.0,"gold_gain":0.0,"event_name":"Drug Dealer","player_choice":"Obtain J.A.X.","floor":31.0,"gold_loss":0.0,"damage_taken":0.0,"cards_obtained":["J.A.X."]},{"cards_removed":["Strike_R"],"damage_healed":0,"gold_gain":0,"player_choice":"Removed Attack","damage_taken":0,"max_hp_gain":0,"max_hp_loss":0,"event_name":"Falling","floor":39,"gold_loss":0},{"damage_healed":0,"gold_gain":0,"player_choice":"Fight","damage_taken":0,"max_hp_gain":0,"max_hp_loss":0,"event_name":"Mysterious Sphere","floor":48,"gold_loss":0}],"is_beta":false,"boss_relics":[{"not_picked":["Empty Cage","Pandora\u0027s Box"],"picked":"Ectoplasm"},{"not_picked":["Lizard Tail","White Beast Statue"],"picked":"Velvet Choker"}],"items_purged_floors":[5,22,37,46],"is_endless":false,"potions_floor_spawned":[1,7,14,16,20,25,33,36,38,42,48],"killed_by":"Awakened One","ascension_level":5}