{"gold_per_floor":[116,116,128,138,158,158,32,67,67,67,67,87,87,87,87,162,162,177,191,205,14,31,65,65,65,65,65,75,75,75,86,86,160,210,230,153,153,153,171,171,27,44,44,59,59,71,87,106,106,106],"floor_reached":50,"playtime":2438,"items_purged":["Strike_B"],"score":792,"play_id":"5973eaaa-f156-4051-8a67-3c94b642ac2d","local_time":"20190514203655","is_ascension_mode":true,"campfire_choices":[{"data":"Dualcast","floor":6.0,"key":"SMITH"},{"floor":11.0,"key":"REST"},{"data":"Defragment","floor":13.0,"key":"SMITH"},{"data":"Zap","floor":15.0,"key":"SMITH"},{"floor":24.0,"key":"REST"},{"data":"Apotheosis","floor":27.0,"key":"SMITH"},{"data":"Seek","floor":29.0,"key":"SMITH"},{"data":"Loop","floor":32.0,"key":"SMITH"},{"data":"Glacier","floor":40.0,"key":"SMITH"},{"floor":45,"key":"REST"},{"floor":49,"key":"REST"}],"neow_cost":"NONE","seed_source_timestamp":1525518439920924,"circlet_count":0,"master_deck":["AscendersBane","Strike_B","Strike_B+1","Strike_B+1","Defend_B","Defend_B","Defend_B","Defend_B","Zap+1","Dualcast+1","Coolheaded+1","Glacier+1","Blizzard","Cold Snap","Defragment+1","Cold Snap","FTL+1","Seek+1","Loop+1","Chill","Apotheosis+1","Doom and Gloom+1","Chill","Electrodynamics","Conserve Battery","Recycle+1","Blizzard+1","Seek","Glacier+1","Doom and Gloom+1"],"special_seed":0,"relics":["Cracked Core","Regal Pillow","NlothsMask","Molten Egg 2","Nuclear Battery","Mercury Hourglass","Bottled Flame","Tiny House","Darkstone Periapt"],"potions_floor_usage":[44],"damage_taken":[{"damage":1.0,"enemies":"2 Louse","floor":1.0,"turns":3.0},{"damage":0.0,"enemies":"Cultist","floor":3.0,"turns":4.0},{"damage":5.0,"enemies":"Small Slimes","floor":4.0,"turns":3.0},{"damage":5.0,"enemies":"2 Fungi Beasts","floor":5.0,"turns":4.0},{"damage":15.0,"enemies":"Gremlin Nob","floor":8.0,"turns":6.0},{"damage":7.0,"enemies":"3 Louse","floor":12.0,"turns":3.0},{"damage":25.0,"enemies":"Hexaghost","floor":16.0,"turns":11.0},{"damage":1.0,"enemies":"Chosen","floor":18.0,"turns":5.0},{"damage":13.0,"enemies":"2 Thieves","floor":19.0,"turns":5.0},{"damage":21.0,"enemies":"Centurion and Healer","floor":20.0,"turns":7.0},{"damage":2.0,"enemies":"3 Cultists","floor":22.0,"turns":5.0},{"damage":8.0,"enemies":"Gremlin Leader","floor":23.0,"turns":7.0},{"damage":2.0,"enemies":"Snecko","floor":28.0,"turns":6.0},{"damage":5.0,"enemies":"Shelled Parasite and Fungi","floor":31.0,"turns":5.0},{"damage":18.0,"enemies":"Collector","floor":33.0,"turns":10.0},{"damage":12.0,"enemies":"3 Shapes","floor":35.0,"turns":4.0},{"damage":1.0,"enemies":"Orb Walker","floor":39.0,"turns":4.0},{"damage":0.0,"enemies":"Jaw Worm Horde","floor":42.0,"turns":2.0},{"damage":40,"enemies":"Writhing Mass","floor":44,"turns":11},{"damage":16,"enemies":"3 Darklings","floor":46,"turns":5},{"damage":30,"enemies":"4 Shapes","floor":47,"turns":3},{"damage":7,"enemies":"Writhing Mass","floor":48,"turns":10},{"damage":50,"enemies":"Awakened One","floor":50,"turns":17}],"seed_played":"-6188100689785728595","potions_obtained":[{"floor":3.0,"key":"PowerPotion"},{"floor":12.0,"key":"PowerPotion"},{"floor":18.0,"key":"FearPotion"},{"floor":28.0,"key":"SteroidPotion"},{"floor":33.0,"key":"LiquidBronze"},{"floor":47,"key":"Ancient Potion"}],"is_trial":false,"path_per_floor":["M","?","M","M","M","R","$","E","T","?","R","M","R","?","R","B",null,"M","M","M","$","M","E","R","?","T","R","M","R","?","M","R","B",null,"M","$","?","?","M","R","$","M","T","M","R","M","M","M","R","B"],"character_chosen":"DEFECT","items_purchased":["Defragment","Cold Snap","Apotheosis","Regen Potion","Seek"],"campfire_rested":4,"item_purchase_floors":[7,7,21,36,41],"current_hp_per_floor":[63,63,63,58,53,53,53,38,38,24,60,53,53,53,53,28,60,59,46,25,25,23,15,51,51,51,51,49,49,49,44,44,26,65,53,53,53,53,52,52,52,52,52,27,64,48,18,11,48,0],"gold":106,"neow_bonus":"RANDOM_COMMON_RELIC","is_prod":false,"is_daily":false,"chose_seed":false,"campfire_upgraded":7,"win_rate":0,"timestamp":1557837415,"path_taken":["M","?","M","?","M","R","$","E","T","?","R","M","R","?","R","BOSS","M","M","M","$","M","E","R","?","T","R","M","R","?","M","R","BOSS","M","$","?","?","M","R","$","M","T","M","R","M","M","M","R","BOSS"],"build_version":"2019-01-23","purchased_purges":1,"victory":false,"max_hp_per_floor":[71,71,71,71,71,71,71,71,71,71,71,71,71,71,71,71,71,71,71,71,71,71,71,71,71,71,71,71,71,71,71,71,71,76,76,76,76,76,76,76,76,76,76,76,76,76,76,76,76,76],"card_choices":[{"not_picked":["Rebound","Gash"],"picked":"Coolheaded","floor":1.0},{"not_picked":["Steam","Gash"],"picked":"Glacier","floor":3.0},{"not_picked":["Gash","Force Field"],"picked":"Blizzard","floor":4.0},{"not_picked":["Heatsinks","Go for the Eyes"],"picked":"Cold Snap","floor":5.0},{"not_picked":["Doom and Gloom","Conserve Battery"],"picked":"FTL","floor":8.0},{"not_picked":["Steam","Rip and Tear+1"],"picked":"FTL+1","floor":12.0},{"not_picked":["Machine Learning","Amplify"],"picked":"Seek","floor":16.0},{"not_picked":["Reinforced Body","Hologram+1"],"picked":"Loop","floor":18.0},{"not_picked":["Darkness","Fusion"],"picked":"Chill","floor":19.0},{"not_picked":["Barrage+1","Coolheaded","Streamline+1"],"picked":"SKIP","floor":20.0},{"not_picked":["Chaos","Double Energy"],"picked":"Doom and Gloom+1","floor":22.0},{"not_picked":["Force Field+1","Leap","Reinforced Body"],"picked":"SKIP","floor":23.0},{"not_picked":["Hologram","Rebound+1"],"picked":"Chill","floor":28.0},{"not_picked":["Double Energy","Undo","Stack"],"picked":"SKIP","floor":31.0},{"not_picked":["Amplify","Biased Cognition"],"picked":"Electrodynamics","floor":33.0},{"not_picked":["Stack","Steam Power"],"picked":"Conserve Battery","floor":34.0},{"not_picked":["Hello World","Streamline+1"],"picked":"Recycle+1","floor":35.0},{"not_picked":["Ball Lightning+1","Redo"],"picked":"Blizzard+1","floor":39.0},{"not_picked":["Chaos","Coolheaded+1","Hologram"],"picked":"SKIP","floor":42.0},{"not_picked":["Steam","Barrage+1","Go for the Eyes+1"],"picked":"SKIP","floor":44},{"not_picked":["Turbo+1","Blizzard+1"],"picked":"Glacier+1","floor":46},{"not_picked":["Leap","Rebound+1"],"picked":"Doom and Gloom+1","floor":47},{"not_picked":["Hologram","Ball Lightning+1","Aggregate"],"picked":"SKIP","floor":48}],"player_experience":530618,"relics_obtained":[{"floor":8.0,"key":"Molten Egg 2"},{"floor":23.0,"key":"Mercury Hourglass"},{"floor":26.0,"key":"Bottled Flame"},{"floor":43.0,"key":"Darkstone Periapt"}],"event_choices":[{"damage_healed":0.0,"max_hp_gain":0.0,"max_hp_loss":0.0,"gold_gain":0.0,"event_name":"FaceTrader","player_choice":"Trade","floor":2.0,"gold_loss":0.0,"damage_taken":0.0,"relics_obtained":["NlothsMask"]},{"damage_healed":0.0,"max_hp_gain":0.0,"max_hp_loss":0.0,"gold_gain":0.0,"event_name":"Shining Light","player_choice":"Entered Light","floor":10.0,"gold_loss":0.0,"damage_taken":14.0,"cards_upgraded":["Strike_B","Strike_B"]},{"damage_healed":0.0,"max_hp_gain":0.0,"max_hp_loss":0.0,"gold_gain":0.0,"event_name":"Liars Game","player_choice":"Ignored","floor":14.0,"gold_loss":0.0,"damage_taken":0.0},{"damage_healed":0.0,"max_hp_gain":0.0,"max_hp_loss":0.0,"gold_gain":0.0,"event_name":"Cursed Tome","player_choice":"Ignored","floor":25.0,"gold_loss":0.0,"damage_taken":0.0},{"cards_removed":["FTL"],"damage_healed":0.0,"max_hp_gain":0.0,"max_hp_loss":0.0,"gold_gain":0.0,"event_name":"Falling","player_choice":"Removed Attack","floor":37.0,"gold_loss":0.0,"damage_taken":0.0},{"damage_healed":0.0,"max_hp_gain":0.0,"max_hp_loss":0.0,"gold_gain":0.0,"event_name":"SensoryStone","player_choice":"Memory 1","floor":38.0,"gold_loss":0.0,"damage_taken":0.0}],"is_beta":false,"boss_relics":[{"not_picked":["Philosopher\u0027s Stone","Busted Crown"],"picked":"Nuclear Battery"},{"not_picked":["White Beast Statue","Runic Pyramid"],"picked":"Tiny House"}],"items_purged_floors":[41],"is_endless":false,"potions_floor_spawned":[3,12,18,28,33,39,47],"killed_by":"Awakened One","ascension_level":14}