{"gold_per_floor":[114,114,129,144,23,23,38,53,53,53,83,98,98,128,128,228,228,243,258,183,198,198,198,213,213,213,113,143,143,0,15,15,15],"floor_reached":33,"playtime":9531,"items_purged":["Steam","Parasite"],"score":352,"play_id":"f1651c30-c918-47c2-8d0a-b26f8b0fc50b","local_time":"20190106192038","daily_mods":["Draft","Red Cards","Elite Swarm"],"is_ascension_mode":false,"campfire_choices":[{"data":"Rampage","floor":6,"key":"SMITH"},{"data":"Gash","floor":10,"key":"SMITH"},{"floor":13,"key":"REST"},{"data":"Clash","floor":15,"key":"SMITH"},{"floor":23,"key":"REST"},{"floor":32,"key":"REST"}],"neow_cost":"","seed_source_timestamp":872910000356237,"circlet_count":0,"master_deck":["Sweeping Beam","Headbutt","Compile Driver","Warcry","Rebound","Headbutt","Rebound","Turbo","Gash+1","Pommel Strike+1","Turbo","Turbo","Rampage+1","Clash+1","Hologram","Headbutt","Steam Power","Seek","Bite","Bite","Bite","Bite","Bite","Turbo+1"],"special_seed":17903,"relics":["Cracked Core","Cables","Darkstone Periapt","Frozen Egg 2","Cursed Key","Mummified Hand","Potion Belt"],"potions_floor_usage":[8,16,16,16,21,31,31,33],"damage_taken":[{"damage":0,"enemies":"2 Louse","floor":1,"turns":2},{"damage":0,"enemies":"Cultist","floor":3,"turns":2},{"damage":0,"enemies":"Jaw Worm","floor":4,"turns":1},{"damage":7,"enemies":"Looter","floor":7,"turns":2},{"damage":0,"enemies":"Large Slime","floor":8,"turns":2},{"damage":18,"enemies":"Lagavulin","floor":11,"turns":3},{"damage":4,"enemies":"Exordium Thugs","floor":12,"turns":2},{"damage":0,"enemies":"Gremlin Nob","floor":14,"turns":2},{"damage":36,"enemies":"Hexaghost","floor":16,"turns":4},{"damage":1,"enemies":"Spheric Guardian","floor":18,"turns":2},{"damage":21,"enemies":"2 Thieves","floor":19,"turns":2},{"damage":15,"enemies":"Shelled Parasite and Fungi","floor":21,"turns":2},{"damage":10,"enemies":"Cultist and Chosen","floor":24,"turns":2},{"damage":37,"enemies":"Slavers","floor":28,"turns":3},{"damage":6,"enemies":"3 Cultists","floor":31,"turns":3},{"damage":51,"enemies":"Champ","floor":33,"turns":5}],"seed_played":"8694291460791302925","potions_obtained":[{"floor":4,"key":"Poison Potion"},{"floor":7,"key":"LiquidBronze"},{"floor":11,"key":"LiquidBronze"},{"floor":14,"key":"AttackPotion"},{"floor":16,"key":"PowerPotion"},{"floor":19,"key":"Strength Potion"},{"floor":24,"key":"Energy Potion"},{"floor":28,"key":"FearPotion"},{"floor":31,"key":"Swift Potion"}],"is_trial":false,"path_per_floor":["M","?","M","M","$","R","M","M","T","R","E","M","R","E","R","B",null,"M","M","?","M","?","R","M","$","T","$","E","?","?","M","R","B"],"character_chosen":"DEFECT","items_purchased":["Hologram"],"campfire_rested":3,"item_purchase_floors":[5],"current_hp_per_floor":[75,75,75,75,75,75,68,68,68,68,50,46,68,68,68,32,75,74,53,53,38,38,60,50,50,56,56,19,19,19,23,39,0],"gold":15,"neow_bonus":"","is_prod":false,"is_daily":true,"chose_seed":false,"campfire_upgraded":3,"win_rate":0,"timestamp":1546831238,"path_taken":["M","?","?","M","?","R","M","M","T","R","E","M","R","E","R","BOSS","M","?","?","M","?","R","?","?","T","$","E","?","?","M","R","BOSS"],"build_version":"2019-01-03v4","purchased_purges":2,"victory":false,"max_hp_per_floor":[75,75,75,75,75,75,75,75,75,75,75,75,75,75,75,75,75,75,75,75,75,75,75,75,75,81,78,78,54,54,54,54,54],"card_choices":[{"not_picked":["Beam Cell","Flex"],"picked":"Sweeping Beam","floor":0},{"not_picked":["Ball Lightning","Clothesline"],"picked":"Steam","floor":0},{"not_picked":["Whirlwind","Anger"],"picked":"Headbutt","floor":0},{"not_picked":["Sentinel","Armaments"],"picked":"Compile Driver","floor":0},{"not_picked":["Scrape","True Grit"],"picked":"Warcry","floor":0},{"not_picked":["Tempest","Sever Soul"],"picked":"Rebound","floor":0},{"not_picked":["Leap","True Grit"],"picked":"Headbutt","floor":0},{"not_picked":["Flame Barrier","Perfected Strike"],"picked":"Rebound","floor":0},{"not_picked":["Cleave","Pommel Strike"],"picked":"Turbo","floor":0},{"not_picked":["Burning Pact","Body Slam"],"picked":"Gash","floor":0},{"not_picked":["Hello World","Thunderclap"],"picked":"Pommel Strike","floor":0},{"not_picked":["Armaments","Glacier"],"picked":"Turbo","floor":0},{"not_picked":["Twin Strike","Go for the Eyes"],"picked":"Turbo","floor":0},{"not_picked":["Disarm","Thunderclap"],"picked":"Rage","floor":0},{"not_picked":["Perfected Strike","Consume"],"picked":"Rampage","floor":0},{"not_picked":["Metallicize","Twin Strike","Wild Strike"],"picked":"SKIP","floor":1},{"not_picked":["Intimidate","Clothesline"],"picked":"Clash","floor":3},{"not_picked":["Fusion","Go for the Eyes","Feel No Pain"],"picked":"SKIP","floor":4},{"not_picked":["Cleave","Whirlwind","Reaper"],"picked":"SKIP","floor":7},{"not_picked":["Intimidate","Perfected Strike","Steam"],"picked":"SKIP","floor":8},{"not_picked":["Biased Cognition","Buffer","Bludgeon"],"picked":"SKIP","floor":11},{"not_picked":["Twin Strike","Blood for Blood","Ball Lightning"],"picked":"SKIP","floor":12},{"not_picked":["Barricade","Hyperbeam"],"picked":"Brutality","floor":14},{"not_picked":["Intimidate+1","Flex","Stack"],"picked":"SKIP","floor":18},{"not_picked":["Go for the Eyes+1","FTL","Leap"],"picked":"SKIP","floor":19},{"not_picked":["Flex","Sunder"],"picked":"Headbutt","floor":21},{"not_picked":["Rupture+1","Sweeping Beam","Beam Cell"],"picked":"SKIP","floor":24},{"not_picked":["Immolate","Fiend Fire"],"picked":"Seek","floor":28},{"not_picked":["Hemokinesis+1","Beam Cell"],"picked":"Turbo+1","floor":31}],"player_experience":474479,"relics_obtained":[{"floor":9,"key":"Cables"},{"floor":11,"key":"Darkstone Periapt"},{"floor":14,"key":"Frozen Egg 2"},{"floor":26,"key":"Mummified Hand"},{"floor":28,"key":"Potion Belt"}],"event_choices":[{"damage_healed":0,"gold_gain":0,"player_choice":"Forge","damage_taken":0,"max_hp_gain":0,"max_hp_loss":0,"event_name":"Accursed Blacksmith","floor":2,"gold_loss":0,"cards_upgraded":["Pommel Strike"]},{"cards_removed":["Brutality"],"damage_healed":0,"gold_gain":0,"player_choice":"Gave Gold","damage_taken":0,"max_hp_gain":0,"max_hp_loss":0,"event_name":"Beggar","floor":20,"gold_loss":75},{"damage_healed":0,"gold_gain":0,"cards_transformed":["Rage"],"player_choice":"Transformed","damage_taken":0,"max_hp_gain":0,"max_hp_loss":0,"event_name":"Transmorgrifier","floor":22,"gold_loss":0,"cards_obtained":["Steam Power"]},{"damage_healed":0,"gold_gain":0,"player_choice":"Became a vampire","damage_taken":0,"max_hp_gain":0,"max_hp_loss":24,"event_name":"Vampires","floor":29,"gold_loss":0,"cards_obtained":["Bite","Bite","Bite","Bite","Bite"]},{"damage_healed":0,"gold_gain":0,"player_choice":"Paid Fearfully","damage_taken":0,"max_hp_gain":0,"max_hp_loss":0,"event_name":"Masked Bandits","floor":30,"gold_loss":143}],"is_beta":false,"boss_relics":[{"not_picked":["Velvet Choker","Runic Pyramid"],"picked":"Cursed Key"}],"items_purged_floors":[5,27],"is_endless":false,"potions_floor_spawned":[4,7,11,14,16,19,24,28,31],"killed_by":"Champ","ascension_level":0}