{"gold_per_floor":[110,110,124,124,139,139,151,151,208,224,224,235,264,244,244,344,344,355,370,23,41,41],"floor_reached":22,"playtime":1185,"items_purged":[],"score":263,"play_id":"19c545fa-8330-4846-9f54-3f7cfaa7d8d5","local_time":"20190414144808","is_ascension_mode":true,"campfire_choices":[{"data":"Infinite Blades","floor":6,"key":"SMITH"},{"data":"Crippling Poison","floor":8,"key":"SMITH"},{"data":"Riddle With Holes","floor":11,"key":"SMITH"},{"floor":15,"key":"REST"}],"neow_cost":"NONE","seed_source_timestamp":250514670098209,"circlet_count":0,"master_deck":["Survivor","Neutralize","Well Laid Plans","Pain","Leg Sweep","Neutralize","Infinite Blades+1","Crippling Poison+1","Riddle With Holes+1","Crippling Poison","Catalyst","Unload","Leg Sweep","Envenom","Blur","Distraction","Burst","Acrobatics","Infinite Blades","Corpse Explosion","Blur","Prepared","Prepared+1","Cloak And Dagger+1","Mayhem","Bouncing Flask"],"relics":["Ring of the Snake","NeowsBlessing","WarpedTongs","Tiny Chest","Centennial Puzzle","Pandora\u0027s Box","Juzu Bracelet"],"potions_floor_usage":[12,13,13,16,22,22,22],"damage_taken":[{"damage":0,"enemies":"Cultist","floor":1,"turns":1},{"damage":0,"enemies":"2 Louse","floor":3,"turns":1},{"damage":0,"enemies":"Small Slimes","floor":5,"turns":1},{"damage":8,"enemies":"Exordium Wildlife","floor":7,"turns":5},{"damage":2,"enemies":"3 Louse","floor":10,"turns":4},{"damage":2,"enemies":"Large Slime","floor":12,"turns":4},{"damage":19,"enemies":"Lagavulin","floor":13,"turns":6},{"damage":19,"enemies":"Slime Boss","floor":16,"turns":7},{"damage":25,"enemies":"2 Thieves","floor":18,"turns":3},{"damage":26,"enemies":"3 Byrds","floor":19,"turns":3},{"damage":2,"enemies":"Snecko","floor":21,"turns":6},{"damage":13,"enemies":"Snake Plant","floor":22,"turns":5}],"seed_played":"-5221699179256875729","potions_obtained":[{"floor":1,"key":"LiquidBronze"},{"floor":3,"key":"Explosive Potion"},{"floor":10,"key":"SkillPotion"},{"floor":12,"key":"Explosive Potion"},{"floor":13,"key":"SteroidPotion"},{"floor":14,"key":"GamblersBrew"},{"floor":18,"key":"Swift Potion"},{"floor":21,"key":"Ancient Potion"}],"is_trial":false,"path_per_floor":["M","?","M","?","M","R","M","R","T","M","R","M","E","?","R","B",null,"M","M","$","M","M"],"character_chosen":"THE_SILENT","items_purchased":["Juzu Bracelet","Mayhem"],"campfire_rested":1,"item_purchase_floors":[20,20],"current_hp_per_floor":[63,63,63,63,63,63,55,55,55,53,53,51,32,32,53,34,61,36,10,10,8,0],"gold":41,"neow_bonus":"THREE_ENEMY_KILL","is_prod":false,"is_daily":false,"chose_seed":false,"campfire_upgraded":3,"win_rate":0,"timestamp":1555278488,"path_taken":["M","?","?","?","?","R","M","R","T","M","R","M","E","?","R","BOSS","M","?","$","M","M"],"build_version":"2019-01-23","purchased_purges":0,"victory":false,"max_hp_per_floor":[70,70,70,70,70,70,70,70,70,70,70,70,70,70,70,70,70,70,70,70,70,70],"card_choices":[{"not_picked":["Escape Plan","PiercingWail"],"picked":"Well Laid Plans","floor":1},{"not_picked":["Setup","Caltrops"],"picked":"Leg Sweep","floor":3},{"not_picked":["PiercingWail","Catalyst"],"picked":"Infinite Blades","floor":5},{"not_picked":["Heel Hook","Flechettes"],"picked":"Crippling Poison","floor":7},{"not_picked":["Bane","Flying Knee"],"picked":"Riddle With Holes","floor":10},{"not_picked":["Wraith Form v2","Cloak And Dagger"],"picked":"Crippling Poison","floor":12},{"not_picked":["Deadly Poison","Choke"],"picked":"Catalyst","floor":13},{"not_picked":["Doppelganger","Night Terror"],"picked":"Unload","floor":16},{"not_picked":["Dagger Spray","Slice+1"],"picked":"Prepared+1","floor":18},{"not_picked":["Outmaneuver","Acrobatics"],"picked":"Cloak And Dagger+1","floor":19},{"not_picked":["Underhanded Strike","Choke"],"picked":"Bouncing Flask","floor":21}],"player_experience":1363379,"relics_obtained":[{"floor":9,"key":"Tiny Chest"},{"floor":13,"key":"Centennial Puzzle"}],"event_choices":[{"damage_healed":0,"gold_gain":0,"player_choice":"Rummage","damage_taken":0,"relics_obtained":["WarpedTongs"],"max_hp_gain":0,"max_hp_loss":0,"event_name":"Accursed Blacksmith","floor":2,"gold_loss":0,"cards_obtained":["Pain"]},{"damage_healed":0,"gold_gain":0,"player_choice":"1 cards matched","damage_taken":0,"max_hp_gain":0,"max_hp_loss":0,"event_name":"Match and Keep!","floor":4,"gold_loss":0,"cards_obtained":["Neutralize"]},{"damage_healed":0,"gold_gain":0,"player_choice":"Bought 1 Potion","damage_taken":0,"max_hp_gain":0,"max_hp_loss":0,"event_name":"The Woman in Blue","floor":14,"gold_loss":0}],"is_beta":false,"boss_relics":[{"not_picked":["Runic Dome","Ring of the Serpent"],"picked":"Pandora\u0027s Box"}],"items_purged_floors":[],"is_endless":false,"potions_floor_spawned":[1,3,10,12,13,18,21],"killed_by":"Snake Plant","ascension_level":8}