{"gold_per_floor":[112,62,75,25,36,36,46,46,46,58,71,71,101,114,114,214,214,233,243,18,37,56,56,69,69,120,148,148,178,28,44,44,147,147,167,30,30,43,63,88,88,117,142,142,153,153,163,183,183,183],"floor_reached":51,"playtime":7314,"items_purged":["Strike_B","Strike_B"],"score":880,"play_id":"e7b8b440-52f4-438a-b682-41ea180402d1","local_time":"20190420210750","is_ascension_mode":true,"campfire_choices":[{"data":"Zap","floor":6.0,"key":"SMITH"},{"data":"All For One","floor":12.0,"key":"SMITH"},{"floor":15.0,"key":"REST"},{"floor":23,"key":"REST"},{"data":"Glacier","floor":25,"key":"SMITH"},{"data":"Storm","floor":28,"key":"SMITH"},{"data":"Conserve Battery","floor":32,"key":"SMITH"},{"data":"Glacier","floor":41,"key":"SMITH"},{"floor":49,"key":"REST"}],"neow_cost":"NONE","seed_source_timestamp":0,"circlet_count":0,"master_deck":["Defend_B","Defend_B","Defend_B","Defend_B","Zap+1","Dualcast","All For One+1","Streamline","Beam Cell","Cold Snap","Genetic Algorithm","Echo Form","Go for the Eyes+1","Glacier+1","Electrodynamics","Ball Lightning","Hyperbeam","Sweeping Beam+1","White Noise+1","Self Repair","Conserve Battery+1","Storm+1","Conserve Battery","Thunder Strike","Stack","Glacier+1","Hologram","Skim+1","Reprogram","Leap+1","Storm","Hyperbeam","Hologram+1"],"special_seed":0,"relics":["Cracked Core","Mummified Hand","Darkstone Periapt","Sozu","Bag of Preparation","Art of War","Incense Burner","Red Mask","Whetstone","Philosopher\u0027s Stone","Potion Belt","Oddly Smooth Stone","PreservedInsect"],"potions_floor_usage":[42],"damage_taken":[{"damage":2.0,"enemies":"2 Louse","floor":1.0,"turns":2.0},{"damage":3.0,"enemies":"Small Slimes","floor":3.0,"turns":3.0},{"damage":0.0,"enemies":"Cultist","floor":5.0,"turns":3.0},{"damage":21.0,"enemies":"Large Slime","floor":7.0,"turns":5.0},{"damage":17.0,"enemies":"Lots of Slimes","floor":10.0,"turns":4.0},{"damage":2.0,"enemies":"Looter","floor":11.0,"turns":3.0},{"damage":3.0,"enemies":"Lagavulin","floor":13.0,"turns":6.0},{"damage":5.0,"enemies":"3 Louse","floor":14.0,"turns":4.0},{"damage":0.0,"enemies":"Slime Boss","floor":16.0,"turns":3.0},{"damage":1,"enemies":"Spheric Guardian","floor":18,"turns":4},{"damage":7,"enemies":"Chosen","floor":19,"turns":3},{"damage":31,"enemies":"Centurion and Healer","floor":21,"turns":4},{"damage":16,"enemies":"Shelled Parasite and Fungi","floor":22,"turns":4},{"damage":0,"enemies":"3 Cultists","floor":24,"turns":3},{"damage":24,"enemies":"Book of Stabbing","floor":27,"turns":6},{"damage":0,"enemies":"Masked Bandits","floor":29,"turns":2},{"damage":7,"enemies":"Centurion and Healer","floor":31,"turns":4},{"damage":7,"enemies":"Automaton","floor":33,"turns":9},{"damage":16,"enemies":"3 Shapes","floor":35,"turns":3},{"damage":13,"enemies":"3 Darklings","floor":38,"turns":4},{"damage":0,"enemies":"Spire Growth","floor":39,"turns":4},{"damage":17,"enemies":"Giant Head","floor":40,"turns":9},{"damage":31,"enemies":"Reptomancer","floor":42,"turns":7},{"damage":4,"enemies":"Sphere and 2 Shapes","floor":45,"turns":5},{"damage":0,"enemies":"Jaw Worm Horde","floor":47,"turns":4},{"damage":0,"enemies":"3 Darklings","floor":48,"turns":4},{"damage":3,"enemies":"Awakened One","floor":50,"turns":11}],"seed_played":"7845188650353021487","potions_obtained":[{"floor":10.0,"key":"Regen Potion"},{"floor":14.0,"key":"FocusPotion"},{"floor":16.0,"key":"Block Potion"}],"is_trial":false,"path_per_floor":["M","?","M","$","M","R","M","?","T","M","M","R","E","M","R","B",null,"M","M","$","M","M","R","M","R","T","E","R","?","$","M","R","B",null,"M","$","?","M","M","E","R","E","T","?","M","?","M","M","R","B",null],"character_chosen":"DEFECT","items_purchased":["Cold Snap","Bag of Preparation","Whetstone","Glacier"],"campfire_rested":3,"item_purchase_floors":[4,20,30,36],"current_hp_per_floor":[73,73,70,70,70,70,49,49,49,32,30,30,27,22,44,44,75,74,67,67,36,27,49,56,56,56,39,39,46,46,46,46,46,75,66,66,66,53,67,50,50,26,26,26,29,29,36,43,64,61],"gold":183,"neow_bonus":"ONE_RANDOM_RARE_CARD","is_prod":false,"is_daily":false,"chose_seed":false,"campfire_upgraded":6,"win_rate":0,"timestamp":1555819670,"path_taken":["M","?","M","$","M","R","M","?","T","M","M","R","E","M","R","BOSS","M","M","$","M","M","R","M","R","T","E","R","?","$","M","R","BOSS","M","$","?","M","?","E","R","E","T","?","M","?","M","M","R","BOSS"],"build_version":"2019-01-23","purchased_purges":2,"victory":true,"max_hp_per_floor":[75,75,75,75,75,75,75,75,75,75,75,75,75,75,75,75,75,75,75,75,75,75,75,75,75,75,75,75,75,75,75,75,75,75,75,75,75,75,75,75,75,75,75,71,71,71,71,71,71,71],"card_choices":[{"not_picked":["Compile Driver","Static Discharge"],"picked":"Streamline","floor":1.0},{"not_picked":["Compile Driver","Redo"],"picked":"Beam Cell","floor":3.0},{"not_picked":["Chill","Redo","Blizzard"],"picked":"SKIP","floor":5.0},{"not_picked":["Rip and Tear","Beam Cell"],"picked":"Genetic Algorithm","floor":7.0},{"not_picked":["Capacitor","Turbo"],"picked":"Go for the Eyes","floor":10.0},{"not_picked":["Recycle","Capacitor"],"picked":"Glacier","floor":11.0},{"not_picked":["Beam Cell","Skim"],"picked":"Electrodynamics","floor":13.0},{"not_picked":["Coolheaded","Compile Driver"],"picked":"Ball Lightning","floor":14.0},{"not_picked":["Electrodynamics","Rainbow"],"picked":"Hyperbeam","floor":16.0},{"not_picked":["Chill","Heatsinks+1"],"picked":"Sweeping Beam","floor":18},{"not_picked":["Doom and Gloom+1","Coolheaded"],"picked":"White Noise+1","floor":19},{"not_picked":["Doom and Gloom","Cold Snap"],"picked":"Self Repair","floor":21},{"not_picked":["Recycle","Darkness"],"picked":"Conserve Battery","floor":22},{"not_picked":["Sunder+1","Redo+1","Blizzard"],"picked":"SKIP","floor":24},{"not_picked":["Coolheaded","Hello World"],"picked":"Storm","floor":27},{"not_picked":["Lockon+1","Self Repair"],"picked":"Conserve Battery","floor":29},{"not_picked":["Recycle","Redo+1","Conserve Battery+1"],"picked":"SKIP","floor":31},{"not_picked":["Meteor Strike","Fission"],"picked":"Thunder Strike","floor":33},{"not_picked":["Undo+1","Rebound+1"],"picked":"Stack","floor":35},{"not_picked":["Genetic Algorithm+1","Gash"],"picked":"Hologram","floor":38},{"not_picked":["Stack+1","Sweeping Beam+1"],"picked":"Skim+1","floor":39},{"not_picked":["Cold Snap+1","Seek"],"picked":"Reprogram","floor":40},{"not_picked":["Static Discharge","Rebound+1"],"picked":"Leap+1","floor":42},{"not_picked":["Auto Shields","Hologram"],"picked":"Storm","floor":45},{"not_picked":["Fusion+1","Streamline+1","Tempest"],"picked":"SKIP","floor":47},{"not_picked":["Undo","Cold Snap+1"],"picked":"Hologram+1","floor":48}],"player_experience":340493,"relics_obtained":[{"floor":9.0,"key":"Mummified Hand"},{"floor":13.0,"key":"Darkstone Periapt"},{"floor":26,"key":"Art of War"},{"floor":27,"key":"Incense Burner"},{"floor":29,"key":"Red Mask"},{"floor":40,"key":"Potion Belt"},{"floor":42,"key":"Oddly Smooth Stone"},{"floor":43,"key":"PreservedInsect"}],"event_choices":[{"cards_removed":["Strike_B"],"damage_healed":0.0,"max_hp_gain":0.0,"max_hp_loss":0.0,"gold_gain":0.0,"event_name":"The Cleric","player_choice":"Card Removal","floor":2.0,"gold_loss":50.0,"damage_taken":0.0},{"damage_healed":0.0,"max_hp_gain":0.0,"max_hp_loss":0.0,"gold_gain":0.0,"event_name":"Match and Keep!","player_choice":"1 cards matched","floor":8.0,"gold_loss":0.0,"damage_taken":0.0,"cards_obtained":["Echo Form"]},{"damage_healed":0,"gold_gain":0,"player_choice":"Fought Bandits","damage_taken":0,"max_hp_gain":0,"max_hp_loss":0,"event_name":"Masked Bandits","floor":29,"gold_loss":0},{"damage_healed":0,"gold_gain":0,"player_choice":"Got Potions","damage_taken":0,"max_hp_gain":0,"max_hp_loss":0,"event_name":"Lab","floor":37,"gold_loss":0},{"damage_healed":0,"gold_gain":0,"player_choice":"Max HP","damage_taken":0,"max_hp_gain":0,"max_hp_loss":4,"event_name":"Winding Halls","floor":44,"gold_loss":0},{"damage_healed":0,"gold_gain":0,"cards_transformed":["Strike_B"],"player_choice":"Transformed","damage_taken":0,"max_hp_gain":0,"max_hp_loss":0,"event_name":"Transmorgrifier","floor":46,"gold_loss":0,"cards_obtained":["Hyperbeam"]}],"is_beta":false,"boss_relics":[{"not_picked":["Nuclear Battery","FrozenCore"],"picked":"Sozu"},{"not_picked":["Tiny House","Runic Dome"],"picked":"Philosopher\u0027s Stone"}],"items_purged_floors":[20,36],"is_endless":false,"potions_floor_spawned":[10,14,16,18,19,22,27,39,42,45,47,48],"ascension_level":4}