{"gold_per_floor":[114,39,55,18,29,29,48,48,72,72,72,88,88,102,102,206,206,223,223,163,212,226,260,260,278,278,288,80,98,10,0,0,0],"floor_reached":33,"playtime":1524,"items_purged":["Regret"],"score":320,"play_id":"7daae4dc-24c6-4831-93e9-6c8000cbe659","local_time":"20181027215253","is_ascension_mode":true,"campfire_choices":[{"data":"Defragment","floor":6,"key":"SMITH"},{"floor":8,"key":"REST"},{"data":"Defragment","floor":10,"key":"SMITH"},{"data":"Static Discharge","floor":15,"key":"SMITH"},{"floor":24,"key":"REST"},{"floor":32,"key":"REST"}],"neow_cost":"CURSE","seed_source_timestamp":261604070994300,"circlet_count":0,"master_deck":["Strike_B","Defend_B","Defend_B","Defend_B","Defend_B","Zap","Dualcast","Purity","Dark Shackles","Barrage","Defragment+1","Defragment+1","Static Discharge+1","Stack","Leap","Capacitor","Sweeping Beam","Amplify","Melter","Beam Cell","Reboot","Conserve Battery+1","Stack","Capacitor","Echo Form","Jack Of All Trades"],"relics":["Cracked Core","Orichalcum","WarpedTongs","Lizard Tail","Spirit Poop","Pen Nib","Bag of Preparation","Kunai","Toolbox"],"potions_floor_usage":[5,16,16,18,18,23,25,25,27,33],"damage_taken":[{"damage":9,"enemies":"2 Louse","floor":1,"turns":2},{"damage":0,"enemies":"Cultist","floor":3,"turns":4},{"damage":0,"enemies":"Jaw Worm","floor":5,"turns":4},{"damage":14,"enemies":"Blue Slaver","floor":7,"turns":6},{"damage":2,"enemies":"Exordium Thugs","floor":12,"turns":4},{"damage":20,"enemies":"2 Fungi Beasts","floor":14,"turns":4},{"damage":37,"enemies":"Slime Boss","floor":16,"turns":8},{"damage":32,"enemies":"Shell Parasite","floor":18,"turns":5},{"damage":13,"enemies":"2 Thieves","floor":22,"turns":3},{"damage":25,"enemies":"Gremlin Leader","floor":23,"turns":6},{"damage":8,"enemies":"Shelled Parasite and Fungi","floor":25,"turns":2},{"damage":32,"enemies":"Chosen and Byrds","floor":27,"turns":5},{"damage":11,"enemies":"Snake Plant","floor":29,"turns":4},{"damage":37,"enemies":"Collector","floor":33,"turns":7}],"seed_played":"3674864570276157520","potions_obtained":[{"floor":3,"key":"AttackPotion"},{"floor":7,"key":"FearPotion"},{"floor":14,"key":"Regen Potion"},{"floor":16,"key":"EntropicBrew"},{"floor":18,"key":"Swift Potion"},{"floor":22,"key":"LiquidBronze"},{"floor":23,"key":"Swift Potion"},{"floor":25,"key":"Ancient Potion"}],"is_trial":false,"path_per_floor":["M","$","M","$","M","R","M","R","T","R","?","M","?","M","R","B",null,"M","?","?","T","M","E","R","M","T","M","$","M","$","?","R"],"character_chosen":"DEFECT","items_purchased":["Defragment","Toolbox","Jack Of All Trades"],"campfire_rested":3,"item_purchase_floors":[4,28,30],"current_hp_per_floor":[66,66,66,66,66,66,52,74,74,74,74,72,72,52,52,30,64,32,32,32,32,19,37,59,51,51,19,19,8,8,8,30,0],"gold":0,"neow_bonus":"RANDOM_COLORLESS_2","is_prod":false,"is_daily":false,"chose_seed":false,"campfire_upgraded":3,"win_rate":0,"timestamp":1540669973,"path_taken":["M","$","M","$","M","R","M","R","T","R","?","M","?","M","R","BOSS","M","?","?","?","M","E","R","M","T","M","$","M","$","?","R","BOSS"],"build_version":"2018-10-25v2","purchased_purges":1,"victory":false,"max_hp_per_floor":[75,75,75,75,75,75,75,75,75,75,75,75,75,75,75,75,75,75,75,75,75,75,75,75,75,75,75,75,75,75,75,75,75],"card_choices":[{"not_picked":["Streamline","FTL"],"picked":"Barrage","floor":1},{"not_picked":["Leap","Beam Cell"],"picked":"Defragment","floor":3},{"not_picked":["Stack","Reprogram"],"picked":"Static Discharge","floor":5},{"not_picked":["Rip and Tear","Scrape"],"picked":"Stack","floor":7},{"not_picked":["Barrage","Consume"],"picked":"Capacitor","floor":12},{"not_picked":["Compile Driver","Rebound"],"picked":"Sweeping Beam","floor":14},{"not_picked":["Thunder Strike","Seek"],"picked":"Amplify","floor":16},{"not_picked":["Coolheaded+1","Rebound"],"picked":"Melter","floor":18},{"not_picked":["Barrage","Rip and Tear+1"],"picked":"Conserve Battery+1","floor":22},{"not_picked":["Rebound+1","Hello World"],"picked":"Stack","floor":23},{"not_picked":["Rebound+1","Force Field","Gash"],"picked":"SKIP","floor":25},{"not_picked":["Rebound","Auto Shields"],"picked":"Capacitor","floor":27},{"not_picked":["Go for the Eyes","Streamline"],"picked":"Echo Form","floor":29}],"player_experience":786083,"relics_obtained":[{"floor":9,"key":"Orichalcum"},{"floor":21,"key":"Pen Nib"},{"floor":23,"key":"Bag of Preparation"},{"floor":26,"key":"Kunai"}],"event_choices":[{"damage_healed":0,"gold_gain":0,"cards_transformed":["Strike_B"],"player_choice":"Transformed","damage_taken":0,"max_hp_gain":0,"max_hp_loss":0,"event_name":"Transmorgrifier","floor":11,"gold_loss":0,"cards_obtained":["Leap"]},{"damage_healed":0,"gold_gain":0,"player_choice":"Rummage","damage_taken":0,"relics_obtained":["WarpedTongs"],"max_hp_gain":0,"max_hp_loss":0,"event_name":"Accursed Blacksmith","floor":13,"gold_loss":0,"cards_obtained":["Pain"]},{"cards_removed":["Pain"],"damage_healed":0,"gold_gain":0,"player_choice":"Offered Curse","damage_taken":0,"relics_obtained":["Spirit Poop"],"max_hp_gain":0,"max_hp_loss":0,"event_name":"Bonfire Elementals","floor":19,"gold_loss":0},{"damage_healed":0,"gold_gain":0,"cards_transformed":["Strike_B","Strike_B"],"player_choice":"Transformed Cards","damage_taken":0,"max_hp_gain":0,"max_hp_loss":0,"event_name":"Designer","floor":20,"gold_loss":60,"cards_obtained":["Beam Cell","Reboot"]},{"damage_healed":0,"gold_gain":0,"player_choice":"Paid Fearfully","damage_taken":0,"max_hp_gain":0,"max_hp_loss":0,"event_name":"Masked Bandits","floor":31,"gold_loss":10}],"is_beta":false,"boss_relics":[{"not_picked":["Sozu","Inserter"],"picked":"Lizard Tail"}],"items_purged_floors":[2],"is_endless":false,"potions_floor_spawned":[3,7,14,16,18,22,23,25],"killed_by":"Collector","ascension_level":5}