{"gold_per_floor":[116,129,304,304,304,304,338,350,362,374,420,456,481,58,58,151,151,170,170,170,27,27,62,62,12,38,38,38,53,71,91,91,187,187,205,17,30,363,363,363,379,414,414,414,159,185,23,35,35,35],"floor_reached":50,"playtime":3671,"items_purged":["Strike_G","Shame"],"score":1080,"play_id":"b2b66eae-f6cc-4bca-aef1-4a621b735dfa","local_time":"20190502181108","is_ascension_mode":true,"campfire_choices":[{"floor":6,"key":"REST"},{"data":"Crippling Poison","floor":8,"key":"SMITH"},{"data":"Crippling Poison","floor":10,"key":"SMITH"},{"data":"Magnetism","floor":15,"key":"SMITH"},{"data":"Venomology","floor":27,"key":"SMITH"},{"floor":32,"key":"REST"},{"data":"Noxious Fumes","floor":40,"key":"SMITH"},{"data":"Bouncing Flask","floor":44,"key":"SMITH"},{"floor":49,"key":"REST"}],"neow_cost":"NONE","seed_source_timestamp":122772501752175,"circlet_count":0,"master_deck":["AscendersBane","Defend_G+1","Defend_G","Defend_G+1","Defend_G","Survivor","Neutralize","Dagger Throw","Crippling Poison+1","Crippling Poison+1","Blur","Blur","All Out Attack","Magnetism+1","PiercingWail","Infinite Blades","Dagger Spray","Venomology+1","Dodge and Roll","Bouncing Flask+1","Prepared","Prepared","Backflip","Noxious Fumes+1","Footwork","Well Laid Plans","Die Die Die","Footwork+1","Footwork","Prepared","Slice","Burst","Backstab","Slice","Dagger Spray","Dark Shackles","Noxious Fumes","Adrenaline","Slice"],"relics":["Ring of the Snake","NeowsBlessing","MawBank","Incense Burner","Blood Vial","Membership Card","Orichalcum","Empty Cage","Dead Branch","Oddly Smooth Stone","Omamori","Happy Flower","Kunai","Runic Pyramid","Lantern","Juzu Bracelet","Question Card","Shuriken","Sling","War Paint"],"potions_floor_usage":[11,18,23,23,23,30,31,33,35,37,41,41,42,48,48],"damage_taken":[{"damage":0,"enemies":"Jaw Worm","floor":1,"turns":1},{"damage":0,"enemies":"2 Louse","floor":2,"turns":1},{"damage":0,"enemies":"3 Sentries","floor":7,"turns":1},{"damage":13,"enemies":"Lagavulin","floor":11,"turns":7},{"damage":0,"enemies":"Small Slimes","floor":12,"turns":3},{"damage":4,"enemies":"Looter","floor":13,"turns":3},{"damage":23,"enemies":"Slime Boss","floor":16,"turns":8},{"damage":29,"enemies":"Spheric Guardian","floor":18,"turns":9},{"damage":25,"enemies":"Gremlin Leader","floor":23,"turns":10},{"damage":0,"enemies":"3 Byrds","floor":29,"turns":4},{"damage":0,"enemies":"Snake Plant","floor":30,"turns":6},{"damage":9,"enemies":"Shelled Parasite and Fungi","floor":31,"turns":5},{"damage":0,"enemies":"Champ","floor":33,"turns":12},{"damage":11,"enemies":"Orb Walker","floor":35,"turns":5},{"damage":0,"enemies":"3 Shapes","floor":37,"turns":4},{"damage":28,"enemies":"Sphere and 2 Shapes","floor":41,"turns":7},{"damage":3,"enemies":"Nemesis","floor":42,"turns":9},{"damage":1,"enemies":"Reptomancer","floor":46,"turns":10},{"damage":0,"enemies":"Jaw Worm Horde","floor":48,"turns":2},{"damage":71,"enemies":"Time Eater","floor":50,"turns":9}],"seed_played":"-406567229408370601","potions_obtained":[{"floor":1,"key":"GhostInAJar"},{"floor":2,"key":"SkillPotion"},{"floor":13,"key":"Regen Potion"},{"floor":23,"key":"EssenceOfSteel"},{"floor":30,"key":"SteroidPotion"},{"floor":33,"key":"Fire Potion"},{"floor":41,"key":"Block Potion"},{"floor":46,"key":"Fire Potion"}],"is_trial":false,"path_per_floor":["M","M","?","?","?","R","E","R","T","R","E","M","M","$","R","B",null,"M","?","?","$","?","E","?","$","T","R","T","M","M","M","R","B",null,"M","$","M","?","?","R","M","E","T","R","$","E","$","M","R","B"],"character_chosen":"THE_SILENT","items_purchased":["Membership Card","Magnetism","Orichalcum","PiercingWail","Infinite Blades","Dagger Spray","Dead Branch","Backflip","Lantern","Footwork","Prepared","Shuriken","Slice","Sling","Dagger Spray","Dark Shackles","Noxious Fumes","Adrenaline"],"campfire_rested":3,"item_purchase_floors":[14,14,14,14,14,14,21,25,36,36,36,45,45,45,45,47,47,47],"current_hp_per_floor":[63,63,63,63,46,67,67,67,67,67,54,56,54,54,54,33,61,34,34,34,34,34,26,49,49,49,49,49,51,53,46,67,69,70,59,59,61,61,61,61,49,48,48,48,48,49,49,51,70,0],"gold":35,"neow_bonus":"THREE_ENEMY_KILL","is_prod":false,"is_daily":false,"chose_seed":false,"campfire_upgraded":6,"win_rate":0,"timestamp":1556845868,"path_taken":["M","M","?","?","?","R","E","R","T","R","E","M","M","$","R","BOSS","M","?","?","$","?","E","?","$","T","R","?","M","?","M","R","BOSS","M","$","M","?","?","R","M","E","T","R","?","E","$","M","R","BOSS"],"build_version":"2019-01-23","purchased_purges":2,"victory":false,"max_hp_per_floor":[70,70,70,70,70,70,70,70,70,70,70,70,70,70,70,70,70,70,70,70,70,70,70,70,70,70,70,70,70,70,70,70,70,70,70,70,70,70,70,70,70,70,70,70,70,70,70,70,70,70],"card_choices":[{"not_picked":["Finisher","Poisoned Stab"],"picked":"Dagger Throw","floor":1},{"not_picked":["Heel Hook","Slice"],"picked":"Crippling Poison","floor":2},{"not_picked":["Predator","Acrobatics"],"picked":"Crippling Poison","floor":7},{"not_picked":["Terror","Bane"],"picked":"Blur","floor":11},{"not_picked":["Backflip","Dagger Throw"],"picked":"Blur","floor":12},{"not_picked":["Night Terror","Dodge and Roll"],"picked":"All Out Attack","floor":13},{"not_picked":["Envenom","Glass Knife"],"picked":"Venomology","floor":16},{"not_picked":["Outmaneuver","Poisoned Stab"],"picked":"Dodge and Roll","floor":18},{"not_picked":["Finisher+1","Dagger Spray"],"picked":"Prepared","floor":23},{"not_picked":["Slice","Acrobatics"],"picked":"Noxious Fumes","floor":29},{"not_picked":["Underhanded Strike","Infinite Blades"],"picked":"Footwork","floor":30},{"not_picked":["Eviscerate+1","Backflip"],"picked":"Well Laid Plans","floor":31},{"not_picked":["Burst","Tools of the Trade"],"picked":"Die Die Die","floor":33},{"not_picked":["Backflip","Predator"],"picked":"Footwork+1","floor":35},{"not_picked":["Riddle With Holes","Sucker Punch+1"],"picked":"Slice","floor":37},{"not_picked":["Eviscerate","Bane+1"],"picked":"Burst","floor":41},{"not_picked":["Bane","Envenom"],"picked":"Backstab","floor":42},{"not_picked":["Distraction","Masterful Stab","Dagger Throw","Poisoned Stab"],"picked":"SKIP","floor":46},{"not_picked":["Endless Agony","Backflip+1","Heel Hook+1"],"picked":"Slice","floor":48}],"player_experience":1564043,"relics_obtained":[{"floor":7,"key":"MawBank"},{"floor":9,"key":"Incense Burner"},{"floor":11,"key":"Blood Vial"},{"floor":23,"key":"Omamori"},{"floor":26,"key":"Happy Flower"},{"floor":28,"key":"Kunai"},{"floor":42,"key":"Juzu Bracelet"},{"floor":43,"key":"Question Card"},{"floor":46,"key":"War Paint"}],"event_choices":[{"damage_healed":0,"gold_gain":175,"player_choice":"AGREE","damage_taken":0,"max_hp_gain":0,"max_hp_loss":0,"event_name":"Liars Game","floor":3,"gold_loss":0,"cards_obtained":["Doubt"]},{"cards_removed":["Doubt"],"damage_healed":0,"gold_gain":0,"player_choice":"Forget","damage_taken":0,"max_hp_gain":0,"max_hp_loss":0,"event_name":"Living Wall","floor":4,"gold_loss":0},{"damage_healed":0,"gold_gain":0,"player_choice":"Take Damage","damage_taken":17,"relics_obtained":["Golden Idol"],"max_hp_gain":0,"max_hp_loss":0,"event_name":"Golden Idol","floor":5,"gold_loss":0},{"damage_healed":0,"gold_gain":0,"cards_transformed":["Strike_G","Strike_G"],"player_choice":"Became Test Subject","damage_taken":0,"max_hp_gain":0,"max_hp_loss":0,"event_name":"Drug Dealer","floor":19,"gold_loss":0,"cards_obtained":["Bouncing Flask","Prepared"]},{"damage_healed":0,"gold_gain":0,"player_choice":"Ignored","damage_taken":0,"max_hp_gain":0,"max_hp_loss":0,"event_name":"Ghosts","floor":20,"gold_loss":0},{"damage_healed":0,"gold_gain":0,"player_choice":"Stole Relic","damage_taken":0,"relics_obtained":["Oddly Smooth Stone"],"max_hp_gain":0,"max_hp_loss":0,"event_name":"Addict","floor":22,"gold_loss":0,"cards_obtained":["Shame"]},{"damage_healed":23,"gold_gain":0,"player_choice":"Heal","damage_taken":0,"max_hp_gain":0,"max_hp_loss":0,"event_name":"The Library","floor":24,"gold_loss":0},{"damage_healed":0,"gold_gain":333,"player_choice":"Gave Idol","damage_taken":0,"max_hp_gain":0,"max_hp_loss":0,"event_name":"The Moai Head","floor":38,"relics_lost":["Golden Idol"],"gold_loss":0},{"cards_removed":["Defend_G"],"damage_healed":0,"gold_gain":0,"player_choice":"Removed Skill","damage_taken":0,"max_hp_gain":0,"max_hp_loss":0,"event_name":"Falling","floor":39,"gold_loss":0}],"is_beta":false,"boss_relics":[{"not_picked":["Snecko Eye","White Beast Statue"],"picked":"Empty Cage"},{"not_picked":["Coffee Dripper","Lizard Tail"],"picked":"Runic Pyramid"}],"items_purged_floors":[25,36],"is_endless":false,"potions_floor_spawned":[1,2,13,16,23,29,30,33,35,41,46],"killed_by":"Time Eater","ascension_level":13}