{"gold_per_floor":[111,111,111,111,186,215,233,233,233,253,253,253,269,281,281,382,382,401,316,334,334,352,387,387],"floor_reached":24,"playtime":1367,"items_purged":[],"score":241,"play_id":"78b8cdf5-9ca7-43a0-9f5c-8403e093b514","local_time":"20190202144406","is_ascension_mode":false,"campfire_choices":[{"data":"Rampage","floor":8,"key":"SMITH"},{"floor":11,"key":"REST"},{"data":"Shrug It Off","floor":15,"key":"SMITH"}],"neow_cost":"NONE","seed_source_timestamp":761762204517500,"circlet_count":0,"master_deck":["Strike_R","Strike_R+1","Strike_R","Defend_R","Defend_R+1","Defend_R","Defend_R","Bash","Pommel Strike+1","Rampage+1","Shrug It Off+1","Heavy Blade","Brutality","Headbutt","Pommel Strike","Barricade","Battle Trance","Evolve","Body Slam","J.A.X.","Entrench","Shrug It Off+1","Flex+1"],"relics":["Burning Blood","NeowsBlessing","Bronze Scales","Question Card","Dodecahedron","Prayer Wheel","Empty Cage","Du-Vu Doll","Orichalcum"],"potions_floor_usage":[16,22,23],"damage_taken":[{"damage":0,"enemies":"Cultist","floor":1,"turns":1},{"damage":0,"enemies":"Lagavulin","floor":6,"turns":1},{"damage":0,"enemies":"Jaw Worm","floor":7,"turns":1},{"damage":0,"enemies":"Small Slimes","floor":10,"turns":3},{"damage":5,"enemies":"3 Louse","floor":13,"turns":3},{"damage":3,"enemies":"Exordium Wildlife","floor":14,"turns":4},{"damage":31,"enemies":"Hexaghost","floor":16,"turns":8},{"damage":10,"enemies":"Chosen","floor":18,"turns":4},{"damage":16,"enemies":"Shell Parasite","floor":20,"turns":6},{"damage":38,"enemies":"Centurion and Healer","floor":22,"turns":5},{"damage":47,"enemies":"Gremlin Leader","floor":23,"turns":10},{"damage":8,"enemies":"Snake Plant","floor":24,"turns":2}],"seed_played":"-1040853831939557526","potions_obtained":[{"floor":1,"key":"Block Potion"},{"floor":7,"key":"SteroidPotion"},{"floor":16,"key":"Regen Potion"},{"floor":23,"key":"Poison Potion"}],"is_trial":false,"path_per_floor":["M","?","?","?","?","E","M","R","T","M","R","T","M","M","R","B",null,"M","?","M","?","M","E","M"],"character_chosen":"IRONCLAD","items_purchased":[],"campfire_rested":1,"item_purchase_floors":[],"current_hp_per_floor":[80,64,39,39,28,34,40,40,40,46,70,70,71,74,74,49,80,76,76,66,66,34,8,0],"gold":387,"neow_bonus":"THREE_ENEMY_KILL","is_prod":false,"is_daily":false,"chose_seed":false,"campfire_upgraded":2,"win_rate":0,"timestamp":1549147446,"path_taken":["M","?","?","?","?","E","M","R","T","M","R","?","M","M","R","BOSS","M","?","M","?","M","E","M"],"build_version":"2019-01-23","purchased_purges":0,"victory":false,"max_hp_per_floor":[80,80,80,80,80,80,80,80,80,80,80,80,80,80,80,80,80,80,80,80,80,80,80,80],"card_choices":[{"not_picked":["Blood for Blood","Flex"],"picked":"Pommel Strike","floor":1},{"not_picked":["Heavy Blade","True Grit"],"picked":"Rampage","floor":6},{"not_picked":["Clothesline","Twin Strike","Havoc"],"picked":"Shrug It Off","floor":7},{"not_picked":["Dual Wield","Twin Strike","Clothesline"],"picked":"Heavy Blade","floor":10},{"not_picked":["Sword Boomerang","Rupture","Pommel Strike"],"picked":"Brutality","floor":13},{"not_picked":["Twin Strike","Anger","Heavy Blade"],"picked":"Headbutt","floor":13},{"not_picked":["Havoc","Rage","Uppercut"],"picked":"Pommel Strike","floor":14},{"not_picked":["Combust","Pommel Strike","Pummel","Heavy Blade"],"picked":"SKIP","floor":14},{"not_picked":["Bludgeon","Juggernaut","Double Tap"],"picked":"Barricade","floor":16},{"not_picked":["Power Through","Shrug It Off","Blood for Blood"],"picked":"Battle Trance","floor":18},{"not_picked":["Thunderclap+1","Hemokinesis","Blood for Blood+1"],"picked":"Evolve","floor":18},{"not_picked":["Warcry","Heavy Blade","Cleave+1"],"picked":"Body Slam","floor":20},{"not_picked":["Inflame","Hemokinesis","Heavy Blade","Uppercut+1"],"picked":"SKIP","floor":20},{"not_picked":["Evolve","Immolate","Body Slam"],"picked":"Entrench","floor":22},{"not_picked":["Headbutt","Clash","Anger"],"picked":"Shrug It Off+1","floor":22},{"not_picked":["Warcry","Second Wind","Dual Wield+1"],"picked":"Flex+1","floor":23}],"player_experience":196719,"relics_obtained":[{"floor":6,"key":"Question Card"},{"floor":9,"key":"Dodecahedron"},{"floor":12,"key":"Prayer Wheel"},{"floor":23,"key":"Orichalcum"}],"event_choices":[{"damage_healed":0,"gold_gain":0,"player_choice":"Entered Light","damage_taken":16,"max_hp_gain":0,"max_hp_loss":0,"event_name":"Shining Light","floor":2,"gold_loss":0,"cards_upgraded":["Strike_R","Defend_R"]},{"damage_healed":0,"gold_gain":0,"player_choice":"Success","damage_taken":25,"relics_obtained":["Bronze Scales"],"max_hp_gain":0,"max_hp_loss":0,"event_name":"Scrap Ooze","floor":3,"gold_loss":0},{"damage_healed":0,"gold_gain":0,"player_choice":"Grow","damage_taken":0,"max_hp_gain":0,"max_hp_loss":0,"event_name":"Living Wall","floor":4,"gold_loss":0,"cards_upgraded":["Pommel Strike"]},{"damage_healed":0,"gold_gain":75,"player_choice":"Gather Gold","damage_taken":11,"max_hp_gain":0,"max_hp_loss":0,"event_name":"World of Goop","floor":5,"gold_loss":0},{"damage_healed":0,"gold_gain":0,"player_choice":"Obtained Relic","damage_taken":0,"relics_obtained":["Du-Vu Doll"],"max_hp_gain":0,"max_hp_loss":0,"event_name":"Addict","floor":19,"gold_loss":85},{"damage_healed":0,"gold_gain":0,"player_choice":"Obtain J.A.X.","damage_taken":0,"max_hp_gain":0,"max_hp_loss":0,"event_name":"Drug Dealer","floor":21,"gold_loss":0,"cards_obtained":["J.A.X."]}],"is_beta":false,"boss_relics":[{"not_picked":["Runic Cube","Coffee Dripper"],"picked":"Empty Cage"}],"items_purged_floors":[],"is_endless":false,"potions_floor_spawned":[1,7,16,23],"killed_by":"Snake Plant","ascension_level":0}