{"gold_per_floor":[110,9,9,21,35,63,63,75,145,145,176,176,28,44,44,146,146,161,180,280,36,36,36,46,46,46,145,165,165,65,77,77,180,180,200,248,248,265,265],"floor_reached":39,"playtime":3206,"items_purged":["Strike_G","Strike_G"],"score":439,"play_id":"1d337ea4-9407-4f3b-a685-92d088cb0fa8","local_time":"20181022001945","is_ascension_mode":false,"campfire_choices":[{"data":"1","floor":7,"key":"LIFT"},{"floor":12,"key":"REST"},{"data":"2","floor":15,"key":"LIFT"},{"data":"3","floor":23,"key":"LIFT"},{"floor":25,"key":"REST"},{"floor":29,"key":"REST"},{"floor":32,"key":"REST"}],"neow_cost":"NONE","seed_source_timestamp":85655204787000,"circlet_count":0,"master_deck":["Defend_G","Defend_G","Defend_G","Defend_G","Defend_G","Strike_G","Strike_G","Strike_G","Survivor","Neutralize","Venomology","Flying Knee+1","Acrobatics","Setup","Predator","Storm of Steel","Phantasmal Killer","Blade Dance","Bullet Time","Riddle With Holes","Cloak And Dagger","Blade Dance","Doppelganger","Decay","Doubt","Clumsy","Masterful Stab+1","Distraction","Eviscerate+1"],"relics":["Ring of the Snake","Girya","Dodecahedron","Centennial Puzzle","Happy Flower","Busted Crown","Prayer Wheel","Gremlin Horn","Sling","Blue Candle","Calling Bell","Strawberry","Ninja Scroll","StoneCalendar","Incense Burner"],"potions_floor_usage":[4,5,6,6,6,11,14,16,16,18,19,19,20,20,20,24,28,28,33,33,36,36,39,39,39],"damage_taken":[{"damage":0,"enemies":"2 Louse","floor":1,"turns":3},{"damage":0,"enemies":"Cultist","floor":4,"turns":5},{"damage":3,"enemies":"Jaw Worm","floor":5,"turns":3},{"damage":19,"enemies":"Lagavulin","floor":6,"turns":6},{"damage":2,"enemies":"Blue Slaver","floor":8,"turns":4},{"damage":14,"enemies":"Gremlin Nob","floor":11,"turns":4},{"damage":12,"enemies":"Red Slaver","floor":14,"turns":4},{"damage":0,"enemies":"Slime Boss","floor":16,"turns":5},{"damage":2,"enemies":"Chosen","floor":18,"turns":4},{"damage":10,"enemies":"Shell Parasite","floor":19,"turns":2},{"damage":15,"enemies":"Colosseum Slavers","floor":20,"turns":3},{"damage":16,"enemies":"Colosseum Nobs","floor":20,"turns":4},{"damage":26,"enemies":"Snake Plant","floor":24,"turns":3},{"damage":9,"enemies":"Centurion and Healer","floor":28,"turns":5},{"damage":0,"enemies":"Sentry and Sphere","floor":31,"turns":3},{"damage":36,"enemies":"Automaton","floor":33,"turns":9},{"damage":14,"enemies":"3 Darklings","floor":35,"turns":3},{"damage":39,"enemies":"2 Orb Walkers","floor":36,"turns":4},{"damage":6,"enemies":"3 Shapes","floor":38,"turns":3},{"damage":20,"enemies":"Maw","floor":39,"turns":6}],"seed_played":"-4689677059664060257","potions_obtained":[{"floor":1,"key":"Weak Potion"},{"floor":8,"key":"GamblersBrew"},{"floor":11,"key":"Swift Potion"},{"floor":16,"key":"SteroidPotion"},{"floor":18,"key":"Regen Potion"},{"floor":20,"key":"SpeedPotion"},{"floor":38,"key":"AttackPotion"}],"is_trial":false,"path_per_floor":["M","$","?","M","M","E","R","M","T","?","E","R","$","M","R","B",null,"M","M","?","$","?","R","M","R","T","?","M","R","$","M","R","B",null,"M","?","?","M"],"character_chosen":"THE_SILENT","items_purchased":["Acrobatics","Phantasmal Killer","Sling","Blade Dance"],"campfire_rested":4,"item_purchase_floors":[2,13,21,21],"current_hp_per_floor":[70,70,70,70,67,48,48,46,46,46,32,53,53,41,41,41,70,68,58,36,36,36,36,10,31,31,31,22,43,43,43,64,28,77,63,24,24,18,0],"gold":265,"neow_bonus":"ONE_RANDOM_RARE_CARD","is_prod":false,"is_daily":false,"chose_seed":false,"campfire_upgraded":0,"win_rate":0,"timestamp":1540160385,"path_taken":["M","$","?","M","M","E","R","?","T","?","E","R","?","M","R","BOSS","M","M","?","$","?","R","M","R","T","?","M","R","?","M","R","BOSS","M","?","?","?","M"],"build_version":"2018-10-18","purchased_purges":2,"victory":false,"max_hp_per_floor":[70,70,70,70,70,70,70,70,70,70,70,70,70,70,70,70,70,70,70,70,70,70,70,70,70,70,70,70,70,70,70,70,70,77,77,77,77,77,77],"card_choices":[{"not_picked":["PiercingWail","Heel Hook"],"picked":"Flying Knee","floor":1},{"not_picked":["Outmaneuver","Deflect"],"picked":"Setup","floor":4},{"not_picked":["Noxious Fumes","Poisoned Stab"],"picked":"Predator","floor":5},{"not_picked":["Acrobatics","Slice","Backstab"],"picked":"SKIP","floor":6},{"not_picked":["Slice","Escape Plan","Leg Sweep"],"picked":"SKIP","floor":8},{"not_picked":["Dodge and Roll","Prepared"],"picked":"Storm of Steel","floor":11},{"not_picked":["Flechettes","Deflect"],"picked":"Blade Dance","floor":14},{"not_picked":["Die Die Die","Glass Knife"],"picked":"Bullet Time","floor":16},{"not_picked":["Slice"],"picked":"SKIP","floor":18},{"not_picked":[],"picked":"Riddle With Holes","floor":19},{"not_picked":[],"picked":"Cloak And Dagger","floor":20},{"not_picked":["Bane+1"],"picked":"SKIP","floor":24},{"not_picked":["Flechettes"],"picked":"SKIP","floor":24},{"not_picked":["PiercingWail+1"],"picked":"SKIP","floor":28},{"not_picked":["Reflex"],"picked":"SKIP","floor":28},{"not_picked":["Backflip"],"picked":"SKIP","floor":31},{"not_picked":["Sucker Punch+1"],"picked":"SKIP","floor":31},{"not_picked":[],"picked":"Doppelganger","floor":33},{"not_picked":[],"picked":"Masterful Stab+1","floor":35},{"not_picked":["Bouncing Flask"],"picked":"SKIP","floor":35},{"not_picked":[],"picked":"Distraction","floor":36},{"not_picked":[],"picked":"Eviscerate+1","floor":38},{"not_picked":["Bane+1"],"picked":"SKIP","floor":38}],"player_experience":747318,"relics_obtained":[{"floor":6,"key":"Girya"},{"floor":9,"key":"Dodecahedron"},{"floor":11,"key":"Happy Flower"},{"floor":20,"key":"Prayer Wheel"},{"floor":20,"key":"Gremlin Horn"},{"floor":26,"key":"Blue Candle"},{"floor":34,"key":"Strawberry"},{"floor":34,"key":"Ninja Scroll"},{"floor":34,"key":"StoneCalendar"},{"floor":36,"key":"Incense Burner"}],"event_choices":[{"damage_healed":0,"gold_gain":0,"player_choice":"Upgraded","damage_taken":0,"max_hp_gain":0,"max_hp_loss":0,"event_name":"Upgrade Shrine","floor":3,"gold_loss":0,"cards_upgraded":["Flying Knee"]},{"damage_healed":0,"gold_gain":0,"player_choice":"Searched \u00271\u0027 times","damage_taken":0,"relics_obtained":["Centennial Puzzle"],"max_hp_gain":0,"max_hp_loss":0,"event_name":"Dead Adventurer","floor":10,"gold_loss":0},{"damage_healed":0,"gold_gain":0,"player_choice":"Fight","damage_taken":0,"max_hp_gain":0,"max_hp_loss":0,"event_name":"Colosseum","floor":20,"gold_loss":0},{"damage_healed":0,"gold_gain":0,"player_choice":"Fought Nobs","damage_taken":0,"max_hp_gain":0,"max_hp_loss":0,"event_name":"Colosseum","floor":20,"gold_loss":0},{"damage_healed":0,"gold_gain":0,"player_choice":"Ignored","damage_taken":0,"max_hp_gain":0,"max_hp_loss":0,"event_name":"Beggar","floor":22,"gold_loss":0},{"damage_healed":0,"gold_gain":99,"player_choice":"Stole From Cult","damage_taken":0,"max_hp_gain":0,"max_hp_loss":0,"event_name":"Nest","floor":27,"gold_loss":0},{"damage_healed":0,"gold_gain":0,"player_choice":"Fight","damage_taken":0,"max_hp_gain":0,"max_hp_loss":0,"event_name":"Mysterious Sphere","floor":36,"gold_loss":0},{"damage_healed":0,"gold_gain":0,"player_choice":"Ignored","damage_taken":0,"max_hp_gain":0,"max_hp_loss":0,"event_name":"SecretPortal","floor":37,"gold_loss":0}],"is_beta":false,"boss_relics":[{"not_picked":["Philosopher\u0027s Stone","Coffee Dripper"],"picked":"Busted Crown"},{"not_picked":["Astrolabe","White Beast Statue"],"picked":"Calling Bell"}],"items_purged_floors":[2,30],"is_endless":false,"potions_floor_spawned":[1,8,11,16,18,20,20,38],"killed_by":"Maw","ascension_level":0}