{"gold_per_floor":[112,11,22,38,113,113,140,140,140,140,15,30,49,72,72,146,146,160,172,172,97,97,97,97,97,144,144,144,144,176,194,194,194],"floor_reached":33,"playtime":731,"items_purged":["Strike_B"],"score":522,"play_id":"18f06272-9664-4414-9463-86dbaa2f603f","local_time":"20190513221508","is_ascension_mode":true,"campfire_choices":[{"data":"Zap","floor":6.0,"key":"SMITH"},{"data":"Darkness","floor":15.0,"key":"SMITH"},{"data":"Dualcast","floor":23,"key":"SMITH"},{"data":"Coolheaded","floor":25,"key":"SMITH"},{"data":"Skim","floor":27,"key":"SMITH"},{"floor":29,"key":"DIG"},{"data":"Fission","floor":32,"key":"SMITH"}],"neow_cost":"NONE","seed_source_timestamp":284256237530266,"circlet_count":0,"master_deck":["AscendersBane","Strike_B","Defend_B","Defend_B","Defend_B","Defend_B","Zap+1","Dualcast+1","Turbo+1","BootSequence","Glacier","Chaos+1","Core Surge","Conserve Battery","Skim+1","Darkness+1","Coolheaded+1","Electrodynamics","Undo","Ball Lightning","Fission+1","Turbo+1"],"special_seed":0,"relics":["Cracked Core","NeowsBlessing","Kunai","Bronze Scales","Odd Mushroom","Coffee Dripper","Shovel","Vajra","Bag of Preparation"],"potions_floor_usage":[30,33],"damage_taken":[{"damage":0.0,"enemies":"Jaw Worm","floor":1.0,"turns":1.0},{"damage":0.0,"enemies":"2 Louse","floor":3.0,"turns":1.0},{"damage":0.0,"enemies":"Small Slimes","floor":4.0,"turns":1.0},{"damage":10.0,"enemies":"3 Sentries","floor":7.0,"turns":7.0},{"damage":0.0,"enemies":"Blue Slaver","floor":12.0,"turns":3.0},{"damage":0.0,"enemies":"Exordium Thugs","floor":13.0,"turns":5.0},{"damage":0.0,"enemies":"The Mushroom Lair","floor":14.0,"turns":2.0},{"damage":30.0,"enemies":"Slime Boss","floor":16.0,"turns":9.0},{"damage":6.0,"enemies":"Shell Parasite","floor":18.0,"turns":6.0},{"damage":11.0,"enemies":"Chosen","floor":19.0,"turns":5.0},{"damage":14,"enemies":"Slavers","floor":30,"turns":3},{"damage":7,"enemies":"Shelled Parasite and Fungi","floor":31,"turns":4},{"damage":40,"enemies":"Collector","floor":33,"turns":9}],"seed_played":"-1914596385931221496","potions_obtained":[{"floor":1.0,"key":"AttackPotion"},{"floor":4.0,"key":"AttackPotion"},{"floor":7.0,"key":"Explosive Potion"},{"floor":18.0,"key":"AttackPotion"}],"is_trial":false,"path_per_floor":["M","$","M","M","?","R","E","?","T","?","$","M","M","?","R","B",null,"M","M","?","?","?","R","?","R","T","R","T","R","E","M","R","B"],"character_chosen":"DEFECT","items_purchased":["Turbo","Core Surge","Conserve Battery"],"campfire_rested":0,"item_purchase_floors":[2,11,11],"current_hp_per_floor":[64,64,64,64,53,53,43,22,22,45,45,45,45,45,45,15,57,51,40,40,40,40,40,40,40,40,40,40,40,26,19,19,0],"gold":194,"neow_bonus":"THREE_ENEMY_KILL","is_prod":false,"is_daily":false,"chose_seed":false,"campfire_upgraded":6,"win_rate":0,"timestamp":1557756908,"path_taken":["M","$","M","M","?","R","E","?","T","?","?","M","?","?","R","BOSS","M","M","?","?","?","R","?","R","T","R","?","R","E","M","R","BOSS"],"build_version":"2019-01-23","purchased_purges":1,"victory":false,"max_hp_per_floor":[71,71,71,71,71,71,71,71,71,71,71,71,71,71,71,71,71,71,71,71,71,71,71,71,71,71,71,71,71,71,71,71,71],"card_choices":[{"not_picked":["Storm","Redo","Gash"],"picked":"SKIP","floor":1.0},{"not_picked":["Steam","Redo"],"picked":"BootSequence","floor":3.0},{"not_picked":["Steam Power","Leap"],"picked":"Glacier","floor":4.0},{"not_picked":["Turbo","Go for the Eyes"],"picked":"Chaos","floor":7.0},{"not_picked":["Conserve Battery","Sweeping Beam"],"picked":"Skim","floor":12.0},{"not_picked":["All For One","Compile Driver"],"picked":"Darkness","floor":13.0},{"not_picked":["Steam","Compile Driver"],"picked":"Coolheaded","floor":14.0},{"not_picked":["Creative AI","Fission"],"picked":"Electrodynamics","floor":16.0},{"not_picked":["Go for the Eyes","Beam Cell"],"picked":"Undo","floor":18.0},{"not_picked":["Rebound+1","Aggregate"],"picked":"Ball Lightning","floor":19.0},{"not_picked":["Gash","Tempest"],"picked":"Fission","floor":30},{"not_picked":["Conserve Battery","Steam"],"picked":"Turbo+1","floor":31}],"player_experience":1655992,"relics_obtained":[{"floor":7.0,"key":"Kunai"},{"floor":9.0,"key":"Bronze Scales"},{"floor":14.0,"key":"Odd Mushroom"},{"floor":28,"key":"Shovel"},{"floor":29,"key":"Vajra"},{"floor":30,"key":"Bag of Preparation"}],"event_choices":[{"damage_healed":0.0,"max_hp_gain":0.0,"max_hp_loss":0.0,"gold_gain":75.0,"event_name":"World of Goop","player_choice":"Gather Gold","floor":5.0,"gold_loss":0.0,"damage_taken":11.0},{"damage_healed":0.0,"max_hp_gain":0.0,"max_hp_loss":0.0,"gold_gain":0.0,"event_name":"Shining Light","player_choice":"Entered Light","floor":8.0,"gold_loss":0.0,"damage_taken":21.0,"cards_upgraded":["Turbo","Chaos"]},{"damage_healed":23.0,"max_hp_gain":0.0,"max_hp_loss":0.0,"gold_gain":0.0,"event_name":"Big Fish","player_choice":"Banana","floor":10.0,"gold_loss":0.0,"damage_taken":0.0},{"damage_healed":0.0,"max_hp_gain":0.0,"max_hp_loss":0.0,"gold_gain":0.0,"event_name":"Mushrooms","player_choice":"Fought Mushrooms","floor":14.0,"gold_loss":0.0,"damage_taken":0.0},{"damage_healed":0,"gold_gain":0,"player_choice":"Ignored","damage_taken":0,"max_hp_gain":0,"max_hp_loss":0,"event_name":"Cursed Tome","floor":20,"gold_loss":0},{"cards_removed":["Strike_B"],"damage_healed":0,"gold_gain":0,"player_choice":"Gave Gold","damage_taken":0,"max_hp_gain":0,"max_hp_loss":0,"event_name":"Beggar","floor":21,"gold_loss":75},{"damage_healed":0,"gold_gain":0,"player_choice":"Ignored","damage_taken":0,"max_hp_gain":0,"max_hp_loss":0,"event_name":"The Mausoleum","floor":22,"gold_loss":0},{"cards_removed":["Strike_B"],"damage_healed":0,"gold_gain":0,"player_choice":"Elegance","damage_taken":0,"max_hp_gain":0,"max_hp_loss":0,"event_name":"Back to Basics","floor":24,"gold_loss":0}],"is_beta":false,"boss_relics":[{"not_picked":["Calling Bell","Eternal Feather"],"picked":"Coffee Dripper"}],"items_purged_floors":[2],"is_endless":false,"potions_floor_spawned":[1,4,7,18],"killed_by":"Collector","ascension_level":20}