{"gold_per_floor":[115,115,80,91,16,26,54,54,80,80,90,124,141,153,153,249,249,260,25,25,124,157,157,72,72,98,133,150,73,73],"floor_reached":30,"playtime":1447,"items_purged":["Strike_R","Strike_R","Strike_R"],"score":256,"play_id":"10f96eb1-2557-427b-a5b0-5f30a317e885","local_time":"20181106220238","is_ascension_mode":false,"campfire_choices":[{"data":"Armaments","floor":8,"key":"SMITH"},{"floor":15,"key":"REST"},{"floor":23,"key":"REST"},{"data":"Body Slam","floor":25,"key":"SMITH"}],"neow_cost":"PERCENT_DAMAGE","seed_source_timestamp":693292110575800,"circlet_count":0,"master_deck":["Strike_R","Strike_R+1","Defend_R","Defend_R","Defend_R","Defend_R","Bash","Spot Weakness","Body Slam+1","Armaments+1","Thunderclap","Headbutt","Battle Trance","Demon Form","Rage+1","Inflame","Heavy Blade+1","Clash+1","Flex"],"relics":["Burning Blood","Magic Flower","Dream Catcher","Orichalcum","Boot","Smiling Mask","Eternal Feather","Ancient Tea Set","Red Mask","Oddly Smooth Stone","Whetstone","Molten Egg 2"],"potions_floor_usage":[7,7,18,22,28],"damage_taken":[{"damage":7,"enemies":"2 Louse","floor":1,"turns":2},{"damage":6,"enemies":"Jaw Worm","floor":4,"turns":6},{"damage":3,"enemies":"Cultist","floor":6,"turns":5},{"damage":21,"enemies":"Gremlin Nob","floor":7,"turns":4},{"damage":6,"enemies":"Lots of Slimes","floor":11,"turns":5},{"damage":41,"enemies":"Lagavulin","floor":12,"turns":11},{"damage":5,"enemies":"Large Slime","floor":13,"turns":6},{"damage":1,"enemies":"Blue Slaver","floor":14,"turns":3},{"damage":27,"enemies":"Slime Boss","floor":16,"turns":10},{"damage":37,"enemies":"Spheric Guardian","floor":18,"turns":6},{"damage":28,"enemies":"Masked Bandits","floor":22,"turns":4},{"damage":42,"enemies":"Gremlin Leader","floor":27,"turns":7},{"damage":3,"enemies":"2 Thieves","floor":28,"turns":4},{"damage":39,"enemies":"3 Cultists","floor":30,"turns":4}],"seed_played":"-1937595667612295553","potions_obtained":[{"floor":1,"key":"PowerPotion"},{"floor":4,"key":"Weak Potion"},{"floor":13,"key":"SpeedPotion"},{"floor":14,"key":"SkillPotion"},{"floor":18,"key":"Strength Potion"}],"is_trial":false,"path_per_floor":["M","?","?","M","$","M","E","R","T","$","M","E","M","M","R","B",null,"M","$","?","?","?","R","?","R","T","E","M","$","M"],"character_chosen":"IRONCLAD","items_purchased":["Inflame","Ancient Tea Set","Flex"],"campfire_rested":2,"item_purchase_floors":[19,19,29],"current_hp_per_floor":[58,55,75,78,78,80,68,68,68,68,71,39,43,51,75,57,80,52,52,37,37,18,52,52,61,61,28,34,34,0],"gold":73,"neow_bonus":"ONE_RARE_RELIC","is_prod":false,"is_daily":false,"chose_seed":false,"campfire_upgraded":2,"win_rate":0,"timestamp":1541538158,"path_taken":["M","?","?","M","?","?","E","R","T","$","?","E","M","M","R","BOSS","M","$","?","?","?","R","?","R","T","E","M","?","M"],"build_version":"2018-11-01","purchased_purges":3,"victory":false,"max_hp_per_floor":[80,80,80,80,80,80,80,80,80,80,80,80,80,80,80,80,80,80,80,85,85,85,85,85,85,85,85,85,85,85],"card_choices":[{"not_picked":["Warcry","Thunderclap"],"picked":"Spot Weakness","floor":1},{"not_picked":["Pommel Strike","Fire Breathing"],"picked":"Body Slam","floor":4},{"not_picked":["Reckless Charge","Fire Breathing"],"picked":"Armaments","floor":6},{"not_picked":["Corruption","Pommel Strike"],"picked":"Thunderclap","floor":7},{"not_picked":["Rupture","Anger","Armaments"],"picked":"SKIP","floor":11},{"not_picked":["Sentinel","Wild Strike","Havoc"],"picked":"SKIP","floor":12},{"not_picked":["Wild Strike","Twin Strike","Clothesline"],"picked":"SKIP","floor":13},{"not_picked":["Searing Blow","Bludgeon"],"picked":"Headbutt","floor":14},{"not_picked":["Power Through","Perfected Strike"],"picked":"Battle Trance","floor":15},{"not_picked":["Berserk","Immolate"],"picked":"Demon Form","floor":16},{"not_picked":["Headbutt","Sword Boomerang"],"picked":"Rage+1","floor":18},{"not_picked":["Seeing Red","Anger"],"picked":"Heavy Blade","floor":23},{"not_picked":["Sword Boomerang","Evolve","Shrug It Off"],"picked":"SKIP","floor":27},{"not_picked":["Iron Wave+1","Corruption"],"picked":"Clash+1","floor":28}],"player_experience":864560,"relics_obtained":[{"floor":7,"key":"Orichalcum"},{"floor":9,"key":"Boot"},{"floor":12,"key":"Smiling Mask"},{"floor":22,"key":"Red Mask"},{"floor":26,"key":"Whetstone"},{"floor":27,"key":"Molten Egg 2"}],"event_choices":[{"damage_healed":0,"gold_gain":0,"player_choice":"Success","damage_taken":3,"relics_obtained":["Dream Catcher"],"max_hp_gain":0,"max_hp_loss":0,"event_name":"Scrap Ooze","floor":2,"gold_loss":0},{"damage_healed":20,"gold_gain":0,"player_choice":"Healed","damage_taken":0,"max_hp_gain":0,"max_hp_loss":0,"event_name":"The Cleric","floor":3,"gold_loss":35},{"damage_healed":0,"gold_gain":0,"player_choice":"Shed Blood","damage_taken":20,"max_hp_gain":5,"max_hp_loss":0,"event_name":"Forgotten Altar","floor":20,"gold_loss":0},{"damage_healed":0,"gold_gain":99,"player_choice":"Stole From Cult","damage_taken":0,"max_hp_gain":0,"max_hp_loss":0,"event_name":"Nest","floor":21,"gold_loss":0},{"damage_healed":0,"gold_gain":0,"player_choice":"Fought Bandits","damage_taken":0,"max_hp_gain":0,"max_hp_loss":0,"event_name":"Masked Bandits","floor":22,"gold_loss":0},{"damage_healed":0,"gold_gain":0,"player_choice":"Obtained Relic","damage_taken":0,"relics_obtained":["Oddly Smooth Stone"],"max_hp_gain":0,"max_hp_loss":0,"event_name":"Addict","floor":24,"gold_loss":85}],"is_beta":false,"boss_relics":[{"not_picked":["White Beast Statue","Empty Cage"],"picked":"Eternal Feather"}],"items_purged_floors":[5,19,29],"is_endless":false,"potions_floor_spawned":[1,4,13,14,18],"killed_by":"3 Cultists","ascension_level":0}