{"gold_per_floor":[114,129,144,319,319,319,319,319,319,334,349,379,115,130,130,230,230,245,195,22,22,37,37,52,67,67,82,97,112,112],"floor_reached":30,"playtime":1517,"items_purged":["Doubt"],"score":236,"play_id":"afcb9fbc-c6d5-4f6e-920c-a459bddc45d2","local_time":"20190224165629","daily_mods":["Shiny","Uncertain Future","Night Terrors"],"is_ascension_mode":false,"campfire_choices":[{"floor":6,"key":"REST"},{"data":"Rainbow","floor":8,"key":"SMITH"},{"floor":15,"key":"REST"},{"data":"Buffer","floor":23,"key":"SMITH"}],"neow_cost":"","seed_source_timestamp":0,"circlet_count":0,"master_deck":["Multi-Cast","Hyperbeam","Thunder Strike","Machine Learning","Electrodynamics","Buffer+1","Rainbow+1","Seek","Meteor Strike","Echo Form","All For One","Reboot","Amplify","Creative AI","Fission","Core Surge","Leap","Turbo","Redo","Conserve Battery","Capacitor","Coolheaded","Lockon","Melter","Gash","Conserve Battery","Gash","Decay","Gash+1","Undo","Steam+1","Beam Cell+1","Coolheaded+1","Lockon+1"],"special_seed":17952,"relics":["Cracked Core","Sundial","Symbiotic Virus","Art of War","Pen Nib","Velvet Choker","Orichalcum","Molten Egg 2"],"potions_floor_usage":[27],"damage_taken":[{"damage":0,"enemies":"2 Louse","floor":1,"turns":1},{"damage":9,"enemies":"Jaw Worm","floor":2,"turns":4},{"damage":6,"enemies":"Cultist","floor":3,"turns":3},{"damage":6,"enemies":"2 Fungi Beasts","floor":10,"turns":2},{"damage":6,"enemies":"Lots of Slimes","floor":11,"turns":2},{"damage":32,"enemies":"Gremlin Nob","floor":12,"turns":4},{"damage":0,"enemies":"Blue Slaver","floor":14,"turns":2},{"damage":42,"enemies":"Hexaghost","floor":16,"turns":7},{"damage":8,"enemies":"Chosen","floor":18,"turns":3},{"damage":17,"enemies":"3 Byrds","floor":22,"turns":4},{"damage":15,"enemies":"3 Cultists","floor":24,"turns":6},{"damage":1,"enemies":"Cultist and Chosen","floor":25,"turns":5},{"damage":6,"enemies":"Snecko","floor":27,"turns":6},{"damage":14,"enemies":"Centurion and Healer","floor":28,"turns":6},{"damage":15,"enemies":"Chosen and Byrds","floor":29,"turns":7},{"damage":17,"enemies":"Gremlin Leader","floor":30,"turns":1}],"seed_played":"-6516255005524469742","potions_obtained":[{"floor":3,"key":"Swift Potion"},{"floor":11,"key":"FearPotion"},{"floor":12,"key":"SteroidPotion"},{"floor":25,"key":"Regen Potion"},{"floor":27,"key":"Dexterity Potion"}],"is_trial":false,"path_per_floor":["M","M","M","?","?","R","?","R","T","M","M","E","$","M","R","B",null,"M","$","$","?","M","R","M","M","T","M","M","M","E"],"character_chosen":"DEFECT","items_purchased":["Lockon","Pen Nib","Conserve Battery","Gash","Orichalcum"],"campfire_rested":2,"item_purchase_floors":[13,13,19,20,20],"current_hp_per_floor":[75,66,60,60,42,70,80,80,80,74,68,36,36,36,75,33,75,67,67,67,67,50,50,35,34,34,43,29,14,0],"gold":112,"neow_bonus":"","is_prod":false,"is_daily":true,"chose_seed":false,"campfire_upgraded":2,"win_rate":0,"timestamp":1551056189,"path_taken":["M","M","M","?","?","R","?","R","T","M","M","E","$","M","R","BOSS","M","?","$","?","M","R","?","M","T","M","M","M","E"],"build_version":"2019-01-23","purchased_purges":1,"victory":false,"max_hp_per_floor":[75,75,75,75,75,70,80,80,80,80,80,80,80,80,75,75,75,75,75,75,75,75,75,75,75,75,75,75,75,75],"card_choices":[{"not_picked":["Stack","Tempest"],"picked":"Leap","floor":1},{"not_picked":["Streamline","Force Field"],"picked":"Turbo","floor":2},{"not_picked":["Go for the Eyes","Rebound"],"picked":"Redo","floor":3},{"not_picked":["White Noise","Rebound"],"picked":"Conserve Battery","floor":10},{"not_picked":["Sweeping Beam","Compile Driver"],"picked":"Capacitor","floor":11},{"not_picked":["Barrage","Core Surge"],"picked":"Coolheaded","floor":12},{"not_picked":["Force Field","Capacitor"],"picked":"Melter","floor":14},{"not_picked":["Beam Cell","Leap"],"picked":"Gash","floor":18},{"not_picked":["Cold Snap","Leap"],"picked":"Gash+1","floor":22},{"not_picked":["Conserve Battery","Leap"],"picked":"Undo","floor":24},{"not_picked":["Sweeping Beam+1","Hologram"],"picked":"Steam+1","floor":25},{"not_picked":["Steam Power","Coolheaded"],"picked":"Beam Cell+1","floor":27},{"not_picked":["Turbo+1","Heatsinks+1"],"picked":"Coolheaded+1","floor":28},{"not_picked":["Force Field","Thunder Strike+1"],"picked":"Lockon+1","floor":29}],"player_experience":261255,"relics_obtained":[{"floor":9,"key":"Symbiotic Virus"},{"floor":12,"key":"Art of War"},{"floor":26,"key":"Molten Egg 2"}],"event_choices":[{"damage_healed":0,"gold_gain":175,"player_choice":"AGREE","damage_taken":0,"max_hp_gain":0,"max_hp_loss":0,"event_name":"Liars Game","floor":4,"gold_loss":0,"cards_obtained":["Doubt"]},{"damage_healed":0,"gold_gain":0,"player_choice":"Success","damage_taken":18,"relics_obtained":["Sundial"],"max_hp_gain":0,"max_hp_loss":0,"event_name":"Scrap Ooze","floor":5,"gold_loss":0},{"cards_removed":["Biased Cognition"],"damage_healed":0,"gold_gain":0,"player_choice":"Offered Rare","damage_taken":0,"max_hp_gain":10,"max_hp_loss":0,"event_name":"Bonfire Elementals","floor":7,"gold_loss":0},{"damage_healed":0,"gold_gain":0,"player_choice":"Cursed","damage_taken":0,"max_hp_gain":0,"max_hp_loss":0,"event_name":"Wheel of Change","floor":21,"gold_loss":0,"cards_obtained":["Decay"]}],"is_beta":false,"boss_relics":[{"not_picked":["Runic Pyramid","Orrery"],"picked":"Velvet Choker"}],"items_purged_floors":[13],"is_endless":false,"potions_floor_spawned":[3,11,12,25,27,28],"killed_by":"Gremlin Leader","ascension_level":0}