{"gold_per_floor":[114,114,39,39,54,54,54,54,54,69,69,69,144,159,159,259,259,274,274,274,289,39,39,54,69,119,119,119,119,44,59,59,159,159,174,189,189,189,289,289,289,30,30,30,30],"floor_reached":45,"playtime":2188,"items_purged":["Concentrate+1"],"score":447,"play_id":"09bcd946-519b-43b3-bff3-55663e093856","local_time":"20181227182803","daily_mods":["Specialized","Flight","Lethality"],"is_ascension_mode":false,"campfire_choices":[{"data":"Survivor","floor":6,"key":"SMITH"},{"data":"Defend_G","floor":7,"key":"SMITH"},{"data":"Defend_G","floor":8,"key":"SMITH"},{"data":"Defend_G","floor":11,"key":"SMITH"},{"data":"Defend_G","floor":15,"key":"SMITH"},{"data":"Defend_G","floor":23,"key":"SMITH"},{"data":"Neutralize","floor":32,"key":"SMITH"},{"data":"Grand Finale","floor":40,"key":"SMITH"},{"data":"Grand Finale","floor":41,"key":"SMITH"},{"data":"Grand Finale","floor":44,"key":"SMITH"}],"neow_cost":"","seed_source_timestamp":0,"circlet_count":0,"master_deck":["Defend_G+1","Defend_G+1","Defend_G+1","Defend_G+1","Defend_G+1","Survivor+1","Neutralize+1","Grand Finale+1","Grand Finale+1","Grand Finale+1","Grand Finale","Grand Finale","Escape Plan","Riddle With Holes+1","Dagger Spray+1","Tactician","Finesse","Riddle With Holes+1"],"special_seed":17893,"relics":["Ring of the Snake","Potion Belt","Molten Egg 2","Astrolabe","Ornamental Fan","Singing Bowl","Bag of Marbles","Lizard Tail","Blood Vial","Meat on the Bone"],"potions_floor_usage":[25,25,31,33,33,33,35,45],"damage_taken":[{"damage":13,"enemies":"Small Slimes","floor":1,"turns":3},{"damage":6,"enemies":"Jaw Worm","floor":5,"turns":3},{"damage":0,"enemies":"Cultist","floor":10,"turns":3},{"damage":0,"enemies":"Exordium Thugs","floor":14,"turns":3},{"damage":37,"enemies":"Slime Boss","floor":16,"turns":7},{"damage":2,"enemies":"2 Thieves","floor":18,"turns":3},{"damage":0,"enemies":"Chosen","floor":21,"turns":3},{"damage":17,"enemies":"Snake Plant","floor":24,"turns":4},{"damage":14,"enemies":"Snecko","floor":25,"turns":6},{"damage":23,"enemies":"Shelled Parasite and Fungi","floor":31,"turns":3},{"damage":15,"enemies":"Automaton","floor":33,"turns":6},{"damage":8,"enemies":"3 Shapes","floor":35,"turns":3},{"damage":9,"enemies":"Orb Walker","floor":36,"turns":3},{"damage":72,"enemies":"Mind Bloom Boss Battle","floor":39,"turns":12},{"damage":45,"enemies":"Maw","floor":45,"turns":6}],"seed_played":"-53600940269430925","potions_obtained":[{"floor":1,"key":"Explosive Potion"},{"floor":10,"key":"Regen Potion"},{"floor":16,"key":"GamblersBrew"},{"floor":25,"key":"LiquidBronze"},{"floor":31,"key":"AttackPotion"},{"floor":39,"key":"AttackPotion"}],"is_trial":false,"path_per_floor":["M","?","$","?","M","R","R","R","T","M","R","T","?","M","R","B",null,"M","?","T","M","$","R","M","M","T","?","$","?","$","M","R","B",null,"M","M","$","?","?","R","R","$","T","R","M"],"character_chosen":"THE_SILENT","items_purchased":["GamblersBrew","Singing Bowl","GamblersBrew","Riddle With Holes+1","Blood Vial"],"campfire_rested":0,"item_purchase_floors":[3,22,30,42,42],"current_hp_per_floor":[57,57,57,57,51,51,51,51,51,51,51,51,40,40,40,3,70,68,70,70,70,70,70,55,57,57,57,57,57,57,36,36,23,78,72,65,65,65,43,43,43,43,43,43,0],"gold":30,"neow_bonus":"","is_prod":false,"is_daily":true,"chose_seed":false,"campfire_upgraded":10,"win_rate":0,"timestamp":1545964083,"path_taken":["M","?","$","?","?","R","R","R","T","?","R","?","?","M","R","BOSS","M","?","?","M","$","R","M","M","T","?","$","?","?","?","R","BOSS","M","?","$","?","?","R","R","$","T","R","M"],"build_version":"2018-12-20","purchased_purges":1,"victory":false,"max_hp_per_floor":[70,70,70,70,70,70,70,70,70,70,70,70,70,70,70,70,70,70,70,70,70,70,70,72,74,74,74,74,74,74,76,76,78,78,80,82,82,82,84,84,84,84,84,84,84],"card_choices":[{"not_picked":["PiercingWail","Slice","Prepared"],"picked":"SKIP","floor":1},{"not_picked":["Concentrate","PiercingWail","Underhanded Strike"],"picked":"SKIP","floor":5},{"not_picked":["Reflex","Slice","Distraction"],"picked":"SKIP","floor":10},{"not_picked":["Deflect","Predator+1","Bane+1"],"picked":"SKIP","floor":14},{"not_picked":["Eviscerate+1","Blade Dance+1","Slice+1"],"picked":"SKIP","floor":18},{"not_picked":["Leg Sweep","Prepared","Blade Dance"],"picked":"SKIP","floor":21},{"not_picked":["Well Laid Plans","Deflect","Flechettes+1"],"picked":"Singing Bowl","floor":24},{"not_picked":["Tactician","Dagger Spray+1","Prepared+1"],"picked":"Singing Bowl","floor":25},{"not_picked":["Dagger Throw+1","Glass Knife+1","Calculated Gamble"],"picked":"Singing Bowl","floor":31},{"not_picked":["Tools of the Trade","Venomology","Doppelganger"],"picked":"Singing Bowl","floor":33},{"not_picked":["Dagger Spray+1","Riddle With Holes+1","Poisoned Stab+1"],"picked":"Singing Bowl","floor":35},{"not_picked":["Dagger Throw+1","Cloak And Dagger","Bane+1"],"picked":"Singing Bowl","floor":36},{"not_picked":["Impatience","Jack Of All Trades"],"picked":"Finesse","floor":38},{"not_picked":["Catalyst","Quick Slash+1","Acrobatics+1"],"picked":"Singing Bowl","floor":39}],"player_experience":134243,"relics_obtained":[{"floor":9,"key":"Potion Belt"},{"floor":12,"key":"Molten Egg 2"},{"floor":20,"key":"Ornamental Fan"},{"floor":26,"key":"Bag of Marbles"},{"floor":43,"key":"Meat on the Bone"}],"event_choices":[{"damage_healed":0,"gold_gain":0,"cards_transformed":["Strike_G"],"player_choice":"Change","damage_taken":0,"max_hp_gain":0,"max_hp_loss":0,"event_name":"Living Wall","floor":2,"gold_loss":0,"cards_obtained":["Escape Plan"]},{"damage_healed":0,"gold_gain":0,"player_choice":"Fled","damage_taken":0,"max_hp_gain":0,"max_hp_loss":0,"event_name":"Scrap Ooze","floor":4,"gold_loss":0},{"damage_healed":0,"gold_gain":75,"player_choice":"Gather Gold","damage_taken":11,"max_hp_gain":0,"max_hp_loss":0,"event_name":"World of Goop","floor":13,"gold_loss":0},{"damage_healed":23,"gold_gain":0,"player_choice":"Heal","damage_taken":0,"max_hp_gain":0,"max_hp_loss":0,"event_name":"The Library","floor":19,"gold_loss":0},{"damage_healed":0,"gold_gain":0,"player_choice":"Ignored","damage_taken":0,"max_hp_gain":0,"max_hp_loss":0,"event_name":"The Mausoleum","floor":27,"gold_loss":0},{"damage_healed":0,"gold_gain":0,"cards_transformed":["Strike_G","Caltrops"],"player_choice":"Became Test Subject","damage_taken":0,"max_hp_gain":0,"max_hp_loss":0,"event_name":"Drug Dealer","floor":29,"gold_loss":0,"cards_obtained":["Dagger Spray","Tactician"]},{"damage_healed":0,"gold_gain":0,"player_choice":"Memory 1","damage_taken":0,"max_hp_gain":0,"max_hp_loss":0,"event_name":"SensoryStone","floor":38,"gold_loss":0},{"damage_healed":0,"gold_gain":0,"player_choice":"Fight","damage_taken":0,"max_hp_gain":0,"max_hp_loss":0,"event_name":"MindBloom","floor":39,"gold_loss":0}],"is_beta":false,"boss_relics":[{"not_picked":["Black Star","Philosopher\u0027s Stone"],"picked":"Astrolabe"},{"not_picked":["Sozu","Coffee Dripper"],"picked":"Lizard Tail"}],"items_purged_floors":[42],"is_endless":false,"potions_floor_spawned":[1,10,16,25,31,39],"killed_by":"Maw","ascension_level":0}