{"gold_per_floor":[119,65,240,240,252,252,31,45,68,103,28,44,44,58,58,159,159,173,88,101,101,121,121,18,28,80,93,93,93,41,57,57,152,152,166,166,178,78,95,130,143,143,170,182,0,0,19,19,19,19],"floor_reached":51,"playtime":3359,"items_purged":["Doubt","Strike_B"],"score":679,"play_id":"cb1acf72-a2b3-4411-a072-764251e2a322","local_time":"20181126123128","is_ascension_mode":false,"campfire_choices":[{"data":"Ball Lightning","floor":6,"key":"SMITH"},{"floor":13,"key":"REST"},{"data":"Defragment","floor":15,"key":"SMITH"},{"data":"Chaos","floor":23,"key":"SMITH"},{"data":"Sunder","floor":29,"key":"SMITH"},{"data":"Consume","floor":32,"key":"SMITH"},{"floor":42,"key":"REST"},{"floor":46,"key":"REST"},{"floor":49,"key":"REST"}],"neow_cost":"NONE","seed_source_timestamp":299312842415251,"circlet_count":0,"master_deck":["Strike_B+1","Strike_B+1","Defend_B+1","Defend_B+1","Defend_B+1","Defend_B+1","Zap+1","Dualcast+1","Chill+1","Ball Lightning+1","Sunder+1","Defragment+1","Cold Snap+1","Chill+1","Consume+1","Electrodynamics+1","Chaos+1","Cold Snap+1","Self Repair+1","Hologram+1","Cold Snap+1","FTL+1","Conserve Battery+1","Hologram+1","Ball Lightning+1","Hologram+1"],"relics":["Cracked Core","Bag of Preparation","Oddly Smooth Stone","Sozu","Calipers","Enchiridion","Vajra","Fusion Hammer","Potion Belt","Omamori","Red Mask","Mark of the Bloom"],"potions_floor_usage":[27,33],"damage_taken":[{"damage":1,"enemies":"Cultist","floor":1,"turns":4},{"damage":1,"enemies":"Small Slimes","floor":5,"turns":3},{"damage":8,"enemies":"Jaw Worm","floor":8,"turns":2},{"damage":12,"enemies":"Lagavulin","floor":10,"turns":5},{"damage":0,"enemies":"Gremlin Gang","floor":12,"turns":4},{"damage":5,"enemies":"Red Slaver","floor":14,"turns":3},{"damage":4,"enemies":"Slime Boss","floor":16,"turns":14},{"damage":0,"enemies":"Chosen","floor":18,"turns":4},{"damage":0,"enemies":"Shell Parasite","floor":20,"turns":6},{"damage":4,"enemies":"Centurion and Healer","floor":22,"turns":4},{"damage":14,"enemies":"3 Cultists","floor":25,"turns":4},{"damage":0,"enemies":"Cultist and Chosen","floor":27,"turns":5},{"damage":0,"enemies":"Centurion and Healer","floor":31,"turns":3},{"damage":36,"enemies":"Champ","floor":33,"turns":9},{"damage":0,"enemies":"3 Shapes","floor":35,"turns":2},{"damage":3,"enemies":"3 Darklings","floor":37,"turns":4},{"damage":19,"enemies":"Spire Growth","floor":39,"turns":5},{"damage":48,"enemies":"Nemesis","floor":40,"turns":7},{"damage":9,"enemies":"Maw","floor":41,"turns":6},{"damage":0,"enemies":"3 Darklings","floor":44,"turns":4},{"damage":12,"enemies":"Writhing Mass","floor":47,"turns":6},{"damage":34,"enemies":"Donu and Deca","floor":50,"turns":9}],"seed_played":"-1363528132376659984","potions_obtained":[{"floor":1,"key":"SteroidPotion"},{"floor":10,"key":"Poison Potion"},{"floor":14,"key":"Block Potion"}],"is_trial":false,"path_per_floor":["M","$","?","?","M","R","$","M","T","E","$","M","R","M","R","B",null,"M","?","M","?","M","R","$","M","T","M","?","R","$","M","R","B",null,"M","?","M","$","M","E","M","R","T","M","?","R","M","?","R","B",null],"character_chosen":"DEFECT","items_purchased":["Ball Lightning","Sunder","Defragment","Consume","Cold Snap","Self Repair","Cold Snap"],"campfire_rested":4,"item_purchase_floors":[2,7,7,11,24,24,30],"current_hp_per_floor":[81,81,81,81,80,80,80,72,72,60,60,60,82,77,77,73,82,82,82,82,66,62,62,62,62,62,69,69,69,69,69,69,33,82,82,82,82,82,70,29,20,44,44,51,51,75,70,70,70,36],"gold":19,"neow_bonus":"TEN_PERCENT_HP_BONUS","is_prod":false,"is_daily":false,"chose_seed":false,"campfire_upgraded":5,"win_rate":0,"timestamp":1543203088,"path_taken":["M","?","?","?","M","R","?","?","T","E","?","M","R","M","R","BOSS","M","?","M","?","M","R","?","M","T","?","?","R","$","M","R","BOSS","M","?","M","?","M","E","M","R","T","?","?","R","M","?","R","BOSS"],"build_version":"2018-11-15","purchased_purges":2,"victory":true,"max_hp_per_floor":[82,82,82,82,82,82,82,82,82,82,82,82,82,82,82,82,82,82,82,82,82,82,82,82,82,82,82,82,82,82,82,82,82,82,82,82,82,82,82,82,82,82,82,82,82,82,82,82,82,82],"card_choices":[{"not_picked":["Beam Cell","Conserve Battery"],"picked":"Chill","floor":1},{"not_picked":["Sweeping Beam","Conserve Battery","Amplify"],"picked":"SKIP","floor":5},{"not_picked":["Sweeping Beam","Chill"],"picked":"Cold Snap","floor":8},{"not_picked":["Leap","Compile Driver"],"picked":"Chill","floor":10},{"not_picked":["Tempest","Melter","Undo"],"picked":"SKIP","floor":12},{"not_picked":["Doom and Gloom","Beam Cell","Sweeping Beam"],"picked":"SKIP","floor":14},{"not_picked":["Thunder Strike","Fission"],"picked":"Electrodynamics","floor":16},{"not_picked":["Go for the Eyes+1","Redo","Leap"],"picked":"SKIP","floor":18},{"not_picked":["Go for the Eyes","Leap+1","Multi-Cast"],"picked":"SKIP","floor":20},{"not_picked":["Chill","Beam Cell"],"picked":"Chaos","floor":22},{"not_picked":["Steam","Lockon+1","Streamline"],"picked":"SKIP","floor":25},{"not_picked":["Barrage+1","Loop"],"picked":"Hologram","floor":27},{"not_picked":["Double Energy","Coolheaded","Chill"],"picked":"SKIP","floor":31},{"not_picked":["Turbo+1","Double Energy+1"],"picked":"FTL","floor":35},{"not_picked":["Go for the Eyes","Barrage"],"picked":"Conserve Battery+1","floor":37},{"not_picked":["All For One","Hello World"],"picked":"Hologram","floor":39},{"not_picked":["Steam Power+1","Compile Driver"],"picked":"Ball Lightning+1","floor":40},{"not_picked":["Fusion+1","Reprogram+1","Static Discharge+1"],"picked":"SKIP","floor":41},{"not_picked":["Aggregate+1","Leap","Conserve Battery"],"picked":"SKIP","floor":44},{"not_picked":["Steam+1","Gash+1"],"picked":"Hologram+1","floor":47}],"player_experience":100328,"relics_obtained":[{"floor":9,"key":"Bag of Preparation"},{"floor":10,"key":"Oddly Smooth Stone"},{"floor":21,"key":"Enchiridion"},{"floor":26,"key":"Vajra"},{"floor":40,"key":"Potion Belt"},{"floor":43,"key":"Omamori"}],"event_choices":[{"damage_healed":0,"gold_gain":175,"player_choice":"AGREE","damage_taken":0,"max_hp_gain":0,"max_hp_loss":0,"event_name":"Liars Game","floor":3,"gold_loss":0,"cards_obtained":["Doubt"]},{"damage_healed":0,"gold_gain":0,"player_choice":"Grow","damage_taken":0,"max_hp_gain":0,"max_hp_loss":0,"event_name":"Living Wall","floor":4,"gold_loss":0,"cards_upgraded":["Chill"]},{"damage_healed":0,"gold_gain":0,"player_choice":"Obtained Relic","damage_taken":0,"relics_obtained":["Calipers"],"max_hp_gain":0,"max_hp_loss":0,"event_name":"Addict","floor":19,"gold_loss":85},{"damage_healed":0,"gold_gain":0,"player_choice":"Obtained Book","damage_taken":16,"max_hp_gain":0,"max_hp_loss":0,"event_name":"Cursed Tome","floor":21,"gold_loss":0},{"cards_removed":["Strike_B"],"damage_healed":0,"gold_gain":0,"player_choice":"Purged","damage_taken":0,"max_hp_gain":0,"max_hp_loss":0,"event_name":"Purifier","floor":28,"gold_loss":0},{"damage_healed":0,"gold_gain":0,"player_choice":"Ignored","damage_taken":0,"max_hp_gain":0,"max_hp_loss":0,"event_name":"SecretPortal","floor":36,"gold_loss":0},{"damage_healed":0,"gold_gain":0,"player_choice":"Paid","damage_taken":0,"relics_obtained":["Red Mask"],"max_hp_gain":0,"max_hp_loss":0,"event_name":"Tomb of Lord Red Mask","floor":45,"gold_loss":182},{"damage_healed":0,"gold_gain":0,"player_choice":"Upgrade","damage_taken":0,"relics_obtained":["Mark of the Bloom"],"max_hp_gain":0,"max_hp_loss":0,"event_name":"MindBloom","floor":48,"gold_loss":0,"cards_upgraded":["Strike_B","Strike_B","Defend_B","Defend_B","Defend_B","Defend_B","Zap","Dualcast","Cold Snap","Chill","Electrodynamics","Cold Snap","Self Repair","Hologram","Cold Snap","FTL","Hologram"]}],"is_beta":false,"boss_relics":[{"not_picked":["Runic Pyramid","White Beast Statue"],"picked":"Sozu"},{"not_picked":["Velvet Choker","Busted Crown"],"picked":"Fusion Hammer"}],"items_purged_floors":[7,38],"is_endless":false,"potions_floor_spawned":[1,10,14,16,18,25,37,39,47],"ascension_level":0}