{"gold_per_floor":[110,110,110,33,56,56,79,102,102,125,95],"floor_reached":11,"playtime":411,"items_purged":[],"score":104,"play_id":"c5c3675c-848d-4466-a84a-f7164857833a","local_time":"20190503134646","is_ascension_mode":true,"campfire_choices":[{"floor":6,"key":"REST"}],"neow_cost":"PERCENT_DAMAGE","seed_source_timestamp":1357235539848800,"circlet_count":0,"master_deck":["AscendersBane","Strike_B","Strike_B","Strike_B","Strike_B","Defend_B","Defend_B","Defend_B","Defend_B","Zap","Dualcast","Metamorphosis","Chrysalis","Redo","Capacitor+1","Chill","Cold Snap","Biased Cognition+1"],"relics":["Cracked Core","Golden Idol","Frozen Egg 2","Bottled Lightning"],"potions_floor_usage":[],"damage_taken":[{"damage":1,"enemies":"Cultist","floor":1,"turns":4},{"damage":14,"enemies":"Jaw Worm","floor":5,"turns":4},{"damage":4,"enemies":"2 Louse","floor":7,"turns":3},{"damage":13,"enemies":"Large Slime","floor":8,"turns":5},{"damage":9,"enemies":"Exordium Wildlife","floor":10,"turns":6},{"damage":13,"enemies":"Looter","floor":11,"turns":2}],"seed_played":"2156516994682841475","potions_obtained":[{"floor":1,"key":"FocusPotion"},{"floor":5,"key":"Energy Potion"}],"is_trial":false,"path_per_floor":["M","?","T","$","M","R","M","M","T","M","M"],"character_chosen":"DEFECT","items_purchased":["Capacitor+1"],"campfire_rested":1,"item_purchase_floors":[4],"current_hp_per_floor":[49,31,31,31,17,39,35,22,22,13,0],"gold":95,"neow_bonus":"RANDOM_COLORLESS_2","is_prod":false,"is_daily":false,"chose_seed":false,"campfire_upgraded":0,"win_rate":0,"timestamp":1556884006,"path_taken":["M","?","?","$","M","R","M","M","T","?","M"],"build_version":"2019-01-23","purchased_purges":0,"victory":false,"max_hp_per_floor":[75,75,75,75,75,75,75,75,75,75,75],"card_choices":[{"not_picked":["Gash","Compile Driver"],"picked":"Redo","floor":1},{"not_picked":["Conserve Battery","Barrage"],"picked":"Chill","floor":5},{"not_picked":["Streamline","Leap","Go for the Eyes"],"picked":"SKIP","floor":7},{"not_picked":["Compile Driver","Skim"],"picked":"Cold Snap","floor":8},{"not_picked":["Force Field","Fusion"],"picked":"Biased Cognition+1","floor":10}],"player_experience":1794640,"relics_obtained":[{"floor":3,"key":"Frozen Egg 2"},{"floor":9,"key":"Bottled Lightning"}],"event_choices":[{"damage_healed":0,"gold_gain":0,"player_choice":"Take Damage","damage_taken":18,"relics_obtained":["Golden Idol"],"max_hp_gain":0,"max_hp_loss":0,"event_name":"Golden Idol","floor":2,"gold_loss":0}],"is_beta":false,"boss_relics":[],"items_purged_floors":[],"is_endless":false,"potions_floor_spawned":[1,5],"killed_by":"Looter","ascension_level":12}