{"gold_per_floor":[109,109,184,196,44,73,73,73,73,106,106,116,141,141,141,141],"floor_reached":16,"playtime":698,"items_purged":[],"score":148,"play_id":"c9bc12e2-1eb0-400c-9cb9-92e840d46f6f","local_time":"20190110201522","is_ascension_mode":true,"campfire_choices":[{"floor":8,"key":"REST"},{"floor":11,"key":"REST"},{"floor":15,"key":"REST"}],"neow_cost":"NONE","seed_source_timestamp":63330356075800,"circlet_count":0,"master_deck":["Strike_B","Strike_B","Strike_B","Defend_B","Defend_B","Defend_B","Defend_B","Zap","Dualcast","White Noise","Redo","Redo","Reboot","Glacier","Chill"],"relics":["Cracked Core","Centennial Puzzle","Bag of Marbles","Tiny Chest","Anchor","Vajra","Smiling Mask","Odd Mushroom"],"potions_floor_usage":[10,10],"damage_taken":[{"damage":0,"enemies":"Small Slimes","floor":1,"turns":2},{"damage":0,"enemies":"2 Louse","floor":4,"turns":2},{"damage":30,"enemies":"Lagavulin","floor":6,"turns":6},{"damage":30,"enemies":"3 Sentries","floor":10,"turns":6},{"damage":0,"enemies":"Jaw Worm","floor":12,"turns":2},{"damage":24,"enemies":"The Mushroom Lair","floor":13,"turns":5},{"damage":35,"enemies":"Hexaghost","floor":16,"turns":11}],"seed_played":"6288590854114837133","potions_obtained":[{"floor":1,"key":"Strength Potion"},{"floor":4,"key":"Fire Potion"}],"is_trial":false,"path_per_floor":["M","?","?","M","$","E","?","R","T","E","R","M","?","?","R","B"],"character_chosen":"DEFECT","items_purchased":["Tiny Chest","Redo"],"campfire_rested":3,"item_purchase_floors":[5,5],"current_hp_per_floor":[68,61,50,50,50,20,20,42,42,12,34,34,10,10,32,0],"gold":141,"neow_bonus":"RANDOM_COMMON_RELIC","is_prod":false,"is_daily":false,"chose_seed":false,"campfire_upgraded":0,"win_rate":0,"timestamp":1547147722,"path_taken":["M","?","?","M","?","E","?","R","T","E","R","?","?","?","R","BOSS"],"build_version":"2019-01-03v4","purchased_purges":0,"victory":false,"max_hp_per_floor":[75,75,75,75,75,75,75,75,75,75,75,75,75,75,75,75],"card_choices":[{"not_picked":["Consume","Hologram"],"picked":"White Noise","floor":1},{"not_picked":["Gash","Lockon"],"picked":"Redo","floor":4},{"not_picked":["Beam Cell","FTL","Aggregate"],"picked":"SKIP","floor":6},{"not_picked":["Streamline","Force Field"],"picked":"Reboot","floor":10},{"not_picked":["Fusion","Reinforced Body"],"picked":"Glacier","floor":12},{"not_picked":["Ball Lightning","Compile Driver"],"picked":"Chill","floor":13}],"player_experience":1083655,"relics_obtained":[{"floor":6,"key":"Anchor"},{"floor":9,"key":"Vajra"},{"floor":10,"key":"Smiling Mask"},{"floor":13,"key":"Odd Mushroom"}],"event_choices":[{"damage_healed":0,"gold_gain":0,"player_choice":"Success","damage_taken":7,"relics_obtained":["Bag of Marbles"],"max_hp_gain":0,"max_hp_loss":0,"event_name":"Scrap Ooze","floor":2,"gold_loss":0},{"damage_healed":0,"gold_gain":75,"player_choice":"Gather Gold","damage_taken":11,"max_hp_gain":0,"max_hp_loss":0,"event_name":"World of Goop","floor":3,"gold_loss":0},{"cards_removed":["Strike_B"],"damage_healed":0,"gold_gain":0,"player_choice":"Offered Basic","damage_taken":0,"max_hp_gain":0,"max_hp_loss":0,"event_name":"Bonfire Elementals","floor":7,"gold_loss":0},{"damage_healed":0,"gold_gain":0,"player_choice":"Fought Mushrooms","damage_taken":0,"max_hp_gain":0,"max_hp_loss":0,"event_name":"Mushrooms","floor":13,"gold_loss":0},{"damage_healed":0,"gold_gain":0,"player_choice":"Ignored","damage_taken":0,"max_hp_gain":0,"max_hp_loss":0,"event_name":"Golden Wing","floor":14,"gold_loss":0}],"is_beta":false,"boss_relics":[],"items_purged_floors":[],"is_endless":false,"potions_floor_spawned":[1,4],"killed_by":"Hexaghost","ascension_level":8}