{"gold_per_floor":[18,93,171,121,134,134,160,160,160,186,85,85,85,124,136,148],"floor_reached":16,"playtime":522,"items_purged":["Strike_R"],"score":188,"play_id":"aa5202f5-f1f2-4c50-b802-9ff0dfa5489e","local_time":"20190409222644","is_ascension_mode":true,"campfire_choices":[{"floor":6,"key":"REST"},{"floor":8,"key":"REST"},{"floor":12,"key":"REST"},{"data":"Barricade","floor":15,"key":"SMITH"}],"neow_cost":"NO_GOLD","seed_source_timestamp":164636494000,"circlet_count":0,"master_deck":["AscendersBane","Strike_R","Strike_R","Strike_R","Defend_R","Defend_R+1","Defend_R","Defend_R+1","Bash","Clash","Rage","Clash","Warcry+1","Havoc+1","Barricade+1"],"relics":["Burning Blood","Calipers","War Paint","Toxic Egg 2","Pear","MawBank","Question Card"],"potions_floor_usage":[7,14],"damage_taken":[{"damage":7,"enemies":"Small Slimes","floor":1,"turns":3},{"damage":0,"enemies":"2 Louse","floor":5,"turns":2},{"damage":47,"enemies":"Lagavulin","floor":7,"turns":9},{"damage":22,"enemies":"Gremlin Nob","floor":10,"turns":4},{"damage":7,"enemies":"Lagavulin","floor":14,"turns":5},{"damage":75,"enemies":"Slime Boss","floor":16,"turns":13}],"seed_played":"4645720039298116261","potions_obtained":[{"floor":5,"key":"SkillPotion"},{"floor":10,"key":"PowerPotion"},{"floor":14,"key":"BloodPotion"}],"is_trial":false,"path_per_floor":["M","?","?","?","M","R","E","R","T","E","$","R","?","E","R","B"],"character_chosen":"IRONCLAD","items_purchased":["Havoc+1"],"campfire_rested":3,"item_purchase_floors":[11],"current_hp_per_floor":[71,60,60,60,66,80,39,63,63,57,57,84,72,71,71,0],"gold":148,"neow_bonus":"ONE_RARE_RELIC","is_prod":false,"is_daily":false,"chose_seed":false,"campfire_upgraded":1,"win_rate":0,"timestamp":1554841604,"path_taken":["M","?","?","?","M","R","E","R","T","E","$","R","?","E","R","BOSS"],"build_version":"2019-01-23","purchased_purges":1,"victory":false,"max_hp_per_floor":[80,80,80,80,80,80,80,80,80,90,90,90,90,90,90,90],"card_choices":[{"not_picked":["Twin Strike","Havoc"],"picked":"Clash","floor":1},{"not_picked":["Rupture","Heavy Blade"],"picked":"Rage","floor":5},{"not_picked":["Ghostly Armor","Twin Strike"],"picked":"Clash","floor":7},{"not_picked":["Whirlwind","Pommel Strike"],"picked":"Warcry+1","floor":10},{"not_picked":["Hemokinesis","Pummel"],"picked":"Barricade","floor":14}],"player_experience":1628529,"relics_obtained":[{"floor":7,"key":"War Paint"},{"floor":9,"key":"Toxic Egg 2"},{"floor":10,"key":"Pear"},{"floor":14,"key":"Question Card"}],"event_choices":[{"damage_healed":0,"gold_gain":75,"player_choice":"Gather Gold","damage_taken":11,"max_hp_gain":0,"max_hp_loss":0,"event_name":"World of Goop","floor":2,"gold_loss":0},{"damage_healed":0,"gold_gain":78,"player_choice":"Gained Gold","damage_taken":0,"max_hp_gain":0,"max_hp_loss":0,"event_name":"Golden Wing","floor":3,"gold_loss":0},{"cards_removed":["Strike_R"],"damage_healed":0,"gold_gain":0,"player_choice":"Card Removal","damage_taken":0,"max_hp_gain":0,"max_hp_loss":0,"event_name":"The Cleric","floor":4,"gold_loss":50},{"damage_healed":0,"gold_gain":0,"player_choice":"Success","damage_taken":12,"relics_obtained":["MawBank"],"max_hp_gain":0,"max_hp_loss":0,"event_name":"Scrap Ooze","floor":13,"gold_loss":0}],"is_beta":false,"boss_relics":[],"items_purged_floors":[11],"is_endless":false,"potions_floor_spawned":[5,10,14],"killed_by":"Slime Boss","ascension_level":13}