{"gold_per_floor":[113,113,23,40,58,58,86,142,169,181,228,46,75,4,4,4],"floor_reached":16,"playtime":744,"items_purged":[],"score":145,"play_id":"8f644dad-1567-4a1d-981f-a9115d9453a0","local_time":"20190413180015","is_ascension_mode":true,"campfire_choices":[{"data":"Mind Blast","floor":6,"key":"SMITH"},{"floor":10,"key":"REST"},{"floor":15,"key":"REST"}],"neow_cost":"NONE","seed_source_timestamp":176078788334022,"circlet_count":0,"master_deck":["Defend_G","Defend_G","Defend_G","Defend_G","Strike_G","Strike_G","Strike_G","Strike_G","Strike_G","Survivor","Neutralize","Finisher","Mind Blast+1","Footwork","Well Laid Plans","Cloak And Dagger","Accuracy","Blade Dance","Predator","Mind Blast+1","Footwork","Choke","Flying Knee"],"relics":["Ring of the Snake","NeowsBlessing","Dream Catcher","Pear","MawBank","Letter Opener","DollysMirror","Juzu Bracelet"],"potions_floor_usage":[11,13,13,16],"damage_taken":[{"damage":0,"enemies":"Small Slimes","floor":1,"turns":1},{"damage":0,"enemies":"Cultist","floor":4,"turns":1},{"damage":0,"enemies":"2 Louse","floor":5,"turns":1},{"damage":35,"enemies":"Lagavulin","floor":7,"turns":8},{"damage":26,"enemies":"Gremlin Nob","floor":8,"turns":5},{"damage":16,"enemies":"Gremlin Nob","floor":11,"turns":4},{"damage":20,"enemies":"3 Sentries","floor":13,"turns":7},{"damage":47,"enemies":"Hexaghost","floor":16,"turns":9}],"seed_played":"-413923151856759188","potions_obtained":[{"floor":5,"key":"GhostInAJar"},{"floor":7,"key":"Explosive Potion"},{"floor":8,"key":"Strength Potion"},{"floor":11,"key":"Regen Potion"}],"is_trial":false,"path_per_floor":["M","?","$","M","M","R","E","?","T","R","E","$","E","$","R","B"],"character_chosen":"THE_SILENT","items_purchased":["Mind Blast","DollysMirror","Choke"],"campfire_rested":2,"item_purchase_floors":[3,12,14],"current_hp_per_floor":[70,70,70,70,70,70,35,19,19,43,27,27,22,22,46,0],"gold":4,"neow_bonus":"THREE_ENEMY_KILL","is_prod":false,"is_daily":false,"chose_seed":false,"campfire_upgraded":1,"win_rate":0,"timestamp":1555203615,"path_taken":["M","?","$","?","?","R","E","?","T","R","E","$","E","?","R","BOSS"],"build_version":"2019-01-23","purchased_purges":0,"victory":false,"max_hp_per_floor":[70,70,70,70,70,70,70,80,80,80,80,80,80,80,80,80],"card_choices":[{"not_picked":["Sucker Punch","Bane"],"picked":"Finisher","floor":1},{"not_picked":["Catalyst","Infinite Blades"],"picked":"Footwork","floor":4},{"not_picked":["Outmaneuver","Eviscerate"],"picked":"Well Laid Plans","floor":5},{"not_picked":["Dodge and Roll","Dagger Spray"],"picked":"Cloak And Dagger","floor":7},{"not_picked":["Prepared","Flying Knee"],"picked":"Accuracy","floor":8},{"not_picked":["Outmaneuver","Backflip"],"picked":"Blade Dance","floor":10},{"not_picked":["Masterful Stab","Quick Slash"],"picked":"Predator","floor":11},{"not_picked":["Predator","PiercingWail"],"picked":"Footwork","floor":13},{"not_picked":["Masterful Stab","Bane"],"picked":"Flying Knee","floor":15}],"player_experience":1337482,"relics_obtained":[{"floor":7,"key":"Dream Catcher"},{"floor":9,"key":"MawBank"},{"floor":11,"key":"Letter Opener"},{"floor":13,"key":"Juzu Bracelet"}],"event_choices":[{"cards_removed":["Defend_G"],"damage_healed":0,"gold_gain":0,"player_choice":"Purged","damage_taken":0,"max_hp_gain":0,"max_hp_loss":0,"event_name":"Purifier","floor":2,"gold_loss":0},{"damage_healed":0,"gold_gain":30,"player_choice":"Searched \u00273\u0027 times","damage_taken":0,"relics_obtained":["Pear"],"max_hp_gain":0,"max_hp_loss":0,"event_name":"Dead Adventurer","floor":8,"gold_loss":0}],"is_beta":false,"boss_relics":[],"items_purged_floors":[],"is_endless":false,"potions_floor_spawned":[5,7,8,11],"killed_by":"Hexaghost","ascension_level":5}