{"gold_per_floor":[109,123,86,86,361,388,388,417,417,417,437,458,423,433,433,535,535,547,198,210,120,130,157,4,4,4,16,34,34,34,46,46,142,142,154,154,154,166,186,186,205,205,205,205,239,36,36,0,0,0],"floor_reached":51,"playtime":2381,"items_purged":["Regret"],"score":1144,"play_id":"08594e48-2300-4084-95e8-219077d0e222","local_time":"20190128190943","is_ascension_mode":true,"campfire_choices":[{"floor":7,"key":"DIG"},{"floor":10,"key":"REST"},{"floor":15,"key":"DIG"},{"floor":25,"key":"REST"},{"floor":29,"key":"DIG"},{"floor":32,"key":"DIG"},{"floor":40,"key":"DIG"},{"floor":42,"key":"DIG"},{"floor":47,"key":"DIG"},{"floor":49,"key":"DIG"}],"neow_cost":"NONE","seed_source_timestamp":435413578606300,"circlet_count":0,"master_deck":["Defend_G","Defend_G+1","Defend_G","Defend_G","Defend_G","Strike_G","Strike_G","Strike_G","Strike_G","Strike_G","Survivor","Neutralize+1","Dagger Throw","Skewer+1","Noxious Fumes","Unload","Catalyst+1","Quick Slash+1","Dash+1","Dash+1","Corpse Explosion+1","Noxious Fumes","Crippling Poison+1","Terror+1","Catalyst+1","Blur+1","Prepared+1","Setup+1","Night Terror+1","Setup+1","Backstab+1","Sadistic Nature"],"relics":["Ring of the Snake","NeowsBlessing","Shovel","Toxic Egg 2","Bird Faced Urn","Happy Flower","Molten Egg 2","Odd Mushroom","Orichalcum","Lizard Tail","Sling","Snake Skull","Blood Vial","Unceasing Top","Whetstone","Gambling Chip","Eternal Feather","Singing Bowl","Strawberry","Oddly Smooth Stone","Meat on the Bone","Bottled Flame","TwistedFunnel","Mercury Hourglass","Red Mask","Mango"],"potions_floor_usage":[8,16,16,20,31,39,50],"damage_taken":[{"damage":0,"enemies":"Jaw Worm","floor":1,"turns":1},{"damage":0,"enemies":"2 Louse","floor":2,"turns":1},{"damage":0,"enemies":"Lagavulin","floor":6,"turns":1},{"damage":24,"enemies":"Gremlin Nob","floor":8,"turns":4},{"damage":3,"enemies":"Cultist","floor":11,"turns":4},{"damage":28,"enemies":"The Mushroom Lair","floor":12,"turns":4},{"damage":0,"enemies":"3 Louse","floor":14,"turns":3},{"damage":38,"enemies":"Slime Boss","floor":16,"turns":9},{"damage":20,"enemies":"Spheric Guardian","floor":18,"turns":4},{"damage":14,"enemies":"Shell Parasite","floor":20,"turns":4},{"damage":21,"enemies":"Sentry and Sphere","floor":22,"turns":5},{"damage":17,"enemies":"Gremlin Leader","floor":23,"turns":6},{"damage":8,"enemies":"Centurion and Healer","floor":27,"turns":4},{"damage":0,"enemies":"Cultist and Chosen","floor":28,"turns":3},{"damage":6,"enemies":"Snake Plant","floor":31,"turns":4},{"damage":48,"enemies":"Automaton","floor":33,"turns":9},{"damage":1,"enemies":"3 Darklings","floor":35,"turns":2},{"damage":1,"enemies":"Orb Walker","floor":38,"turns":3},{"damage":31,"enemies":"3 Darklings","floor":39,"turns":5},{"damage":18,"enemies":"4 Shapes","floor":41,"turns":3},{"damage":43,"enemies":"Giant Head","floor":45,"turns":7},{"damage":60,"enemies":"Time Eater","floor":50,"turns":9}],"seed_played":"4750960669200314923","potions_obtained":[{"floor":6,"key":"Swift Potion"},{"floor":8,"key":"Regen Potion"},{"floor":14,"key":"Regen Potion"},{"floor":16,"key":"EssenceOfSteel"},{"floor":23,"key":"Ancient Potion"},{"floor":28,"key":"Swift Potion"},{"floor":33,"key":"Weak Potion"},{"floor":35,"key":"Ancient Potion"},{"floor":38,"key":"SneckoOil"}],"is_trial":false,"path_per_floor":["M","M","$","?","?","E","R","E","T","R","M","?","?","M","R","B",null,"M","$","M","?","M","E","$","R","T","M","M","R","?","M","R","B",null,"M","?","?","M","M","R","M","R","T","?","E","$","R","?","R","B",null],"character_chosen":"THE_SILENT","items_purchased":["Noxious Fumes","Noxious Fumes","Sling","Blood Vial","TwistedFunnel"],"campfire_rested":2,"item_purchase_floors":[3,19,19,24,46],"current_hp_per_floor":[63,63,63,63,63,63,63,41,41,62,61,33,50,52,52,61,68,50,50,36,36,15,37,37,58,58,54,58,58,58,56,56,14,56,57,57,57,60,37,62,52,70,70,70,49,49,67,67,97,51],"gold":0,"neow_bonus":"THREE_ENEMY_KILL","is_prod":false,"is_daily":false,"chose_seed":false,"campfire_upgraded":0,"win_rate":0,"timestamp":1548698983,"path_taken":["M","M","$","?","?","E","R","E","T","R","?","?","?","M","R","BOSS","M","$","M","?","?","E","?","R","T","M","M","R","?","M","R","BOSS","M","?","?","?","M","R","M","R","T","?","E","$","R","?","R","BOSS"],"build_version":"2019-01-23","purchased_purges":1,"victory":true,"max_hp_per_floor":[70,70,70,70,70,70,70,70,70,70,70,70,70,70,70,70,70,70,70,70,70,70,70,70,70,70,70,70,70,70,70,70,70,70,70,70,70,70,72,79,81,81,81,81,83,83,83,83,97,97],"card_choices":[{"not_picked":["Outmaneuver","Expertise"],"picked":"Dagger Throw","floor":1},{"not_picked":["Accuracy","Sucker Punch"],"picked":"Skewer","floor":2},{"not_picked":["Flying Knee","Cloak And Dagger"],"picked":"Unload","floor":6},{"not_picked":["Endless Agony","Poisoned Stab"],"picked":"Catalyst+1","floor":8},{"not_picked":["Escape Plan+1","Flying Knee+1"],"picked":"Quick Slash+1","floor":11},{"not_picked":["Well Laid Plans","Poisoned Stab+1"],"picked":"Dash+1","floor":12},{"not_picked":["Eviscerate+1","Blade Dance+1"],"picked":"Dash+1","floor":14},{"not_picked":["Storm of Steel+1","Phantasmal Killer+1"],"picked":"Corpse Explosion+1","floor":16},{"not_picked":["Flying Knee+1","Outmaneuver+1","Dagger Spray+1"],"picked":"SKIP","floor":18},{"not_picked":["Leg Sweep+1","PiercingWail+1"],"picked":"Crippling Poison+1","floor":20},{"not_picked":["Cloak And Dagger+1","Dagger Spray+1"],"picked":"Terror+1","floor":22},{"not_picked":["Underhanded Strike+1","Deflect+1"],"picked":"Catalyst+1","floor":23},{"not_picked":["Flechettes+1","Expertise+1"],"picked":"Blur+1","floor":27},{"not_picked":["Calculated Gamble+1","Finisher+1"],"picked":"Prepared+1","floor":28},{"not_picked":["Underhanded Strike+1","Poisoned Stab+1"],"picked":"Setup+1","floor":31},{"not_picked":["Die Die Die+1","Malaise+1"],"picked":"Night Terror+1","floor":33},{"not_picked":["Dodge and Roll+1","Deadly Poison+1"],"picked":"Setup+1","floor":35},{"not_picked":["Poisoned Stab+1","Deflect+1"],"picked":"Backstab+1","floor":38},{"not_picked":["Expertise+1","Flying Knee+1","Deadly Poison+1"],"picked":"Singing Bowl","floor":39},{"not_picked":["Prepared+1","Deflect+1","Night Terror+1"],"picked":"Singing Bowl","floor":41},{"not_picked":["Secret Technique+1","Deep Breath+1"],"picked":"Sadistic Nature","floor":44},{"not_picked":["Poisoned Stab+1","Reflex+1","A Thousand Cuts"],"picked":"Singing Bowl","floor":45}],"player_experience":1380624,"relics_obtained":[{"floor":6,"key":"Toxic Egg 2"},{"floor":7,"key":"Bird Faced Urn"},{"floor":8,"key":"Happy Flower"},{"floor":9,"key":"Molten Egg 2"},{"floor":12,"key":"Odd Mushroom"},{"floor":15,"key":"Orichalcum"},{"floor":23,"key":"Snake Skull"},{"floor":26,"key":"Unceasing Top"},{"floor":29,"key":"Whetstone"},{"floor":32,"key":"Gambling Chip"},{"floor":40,"key":"Strawberry"},{"floor":42,"key":"Oddly Smooth Stone"},{"floor":43,"key":"Meat on the Bone"},{"floor":45,"key":"Bottled Flame"},{"floor":47,"key":"Mercury Hourglass"},{"floor":49,"key":"Mango"}],"event_choices":[{"damage_healed":0,"gold_gain":0,"player_choice":"Box","damage_taken":0,"relics_obtained":["Shovel"],"max_hp_gain":0,"max_hp_loss":0,"event_name":"Big Fish","floor":4,"gold_loss":0,"cards_obtained":["Regret"]},{"damage_healed":0,"gold_gain":275,"player_choice":"Desecrate","damage_taken":0,"max_hp_gain":0,"max_hp_loss":0,"event_name":"Golden Shrine","floor":5,"gold_loss":0,"cards_obtained":["Regret"]},{"damage_healed":0,"gold_gain":0,"player_choice":"Fought Mushrooms","damage_taken":0,"max_hp_gain":0,"max_hp_loss":0,"event_name":"Mushrooms","floor":12,"gold_loss":0},{"damage_healed":17,"gold_gain":0,"player_choice":"Healed","damage_taken":0,"max_hp_gain":0,"max_hp_loss":0,"event_name":"The Cleric","floor":13,"gold_loss":35},{"cards_removed":["Regret"],"damage_healed":0,"gold_gain":0,"player_choice":"Upgrade and Remove","damage_taken":0,"max_hp_gain":0,"max_hp_loss":0,"event_name":"Designer","floor":21,"gold_loss":90,"cards_upgraded":["Defend_G"]},{"damage_healed":0,"gold_gain":0,"player_choice":"Ignored","damage_taken":0,"max_hp_gain":0,"max_hp_loss":0,"event_name":"Ghosts","floor":30,"gold_loss":0},{"damage_healed":0,"gold_gain":0,"player_choice":"Ignored","damage_taken":0,"max_hp_gain":0,"max_hp_loss":0,"event_name":"Mysterious Sphere","floor":36,"gold_loss":0},{"damage_healed":0,"gold_gain":0,"player_choice":"Gave Potion","damage_taken":0,"relics_obtained":["Singing Bowl"],"max_hp_gain":0,"max_hp_loss":0,"event_name":"WeMeetAgain","floor":37,"gold_loss":0},{"damage_healed":0,"gold_gain":0,"player_choice":"Memory 1","damage_taken":0,"max_hp_gain":0,"max_hp_loss":0,"event_name":"SensoryStone","floor":44,"gold_loss":0},{"damage_healed":0,"gold_gain":0,"player_choice":"Paid","damage_taken":0,"relics_obtained":["Red Mask"],"max_hp_gain":0,"max_hp_loss":0,"event_name":"Tomb of Lord Red Mask","floor":48,"gold_loss":36}],"is_beta":false,"boss_relics":[{"not_picked":["Astrolabe","Busted Crown"],"picked":"Lizard Tail"},{"not_picked":["Philosopher\u0027s Stone","Coffee Dripper"],"picked":"Eternal Feather"}],"items_purged_floors":[19],"is_endless":false,"potions_floor_spawned":[6,8,14,16,23,28,33,35,38],"ascension_level":9}