{"gold_per_floor":[99,99,99,99,99,99,99,99,99,99,99,49,49,49,49,49,49,49,49,49,49,49,49,49,49,49,49,49,49],"floor_reached":29,"playtime":3206,"items_purged":[],"score":272,"play_id":"7b06ccb9-ce00-45d8-8e18-be0d23fd2221","local_time":"20190509234401","is_ascension_mode":true,"campfire_choices":[{"data":"Zap","floor":6.0,"key":"SMITH"},{"data":"Hello World","floor":10.0,"key":"SMITH"},{"floor":15.0,"key":"REST"},{"data":"Coolheaded","floor":23,"key":"SMITH"},{"data":"Reinforced Body","floor":25,"key":"SMITH"}],"neow_cost":"NONE","seed_source_timestamp":0,"circlet_count":0,"master_deck":["Strike_B","Strike_B","Defend_B","Defend_B","Defend_B","Defend_B","Zap+1","Dualcast","Ball Lightning","Tempest","Sweeping Beam","Hello World+1","Ball Lightning","Reinforced Body+1","Thunder Strike","Streamline+1","Coolheaded+1","Stack","Skim+1","Cold Snap+1","Sunder+1"],"special_seed":0,"relics":["Ectoplasm","Darkstone Periapt","Kunai","Coffee Dripper","Nunchaku","Pantograph","Orichalcum","Frozen Egg 2"],"potions_floor_usage":[18,18,24,24,24],"damage_taken":[{"damage":0.0,"enemies":"Small Slimes","floor":1.0,"turns":4.0},{"damage":3.0,"enemies":"2 Louse","floor":2.0,"turns":2.0},{"damage":7.0,"enemies":"Jaw Worm","floor":4.0,"turns":2.0},{"damage":1.0,"enemies":"2 Fungi Beasts","floor":5.0,"turns":2.0},{"damage":3.0,"enemies":"Blue Slaver","floor":8.0,"turns":3.0},{"damage":20.0,"enemies":"Lagavulin","floor":11.0,"turns":5.0},{"damage":12.0,"enemies":"3 Louse","floor":14.0,"turns":3.0},{"damage":10.0,"enemies":"Slime Boss","floor":16.0,"turns":7.0},{"damage":0,"enemies":"Spheric Guardian","floor":18,"turns":6},{"damage":16,"enemies":"3 Byrds","floor":19,"turns":3},{"damage":13,"enemies":"Snake Plant","floor":20,"turns":6},{"damage":0,"enemies":"Snecko","floor":21,"turns":4},{"damage":22,"enemies":"Colosseum Slavers","floor":24,"turns":3},{"damage":18,"enemies":"Colosseum Nobs","floor":24,"turns":4},{"damage":0,"enemies":"Cultist and Chosen","floor":28,"turns":7},{"damage":46,"enemies":"Slavers","floor":29,"turns":3}],"seed_played":"-2965981150856043601","potions_obtained":[{"floor":2.0,"key":"Fire Potion"},{"floor":5.0,"key":"SpeedPotion"},{"floor":8.0,"key":"Dexterity Potion"},{"floor":11.0,"key":"Block Potion"},{"floor":19,"key":"Regen Potion"},{"floor":21,"key":"AttackPotion"},{"floor":24,"key":"FairyPotion"}],"is_trial":false,"path_per_floor":["M","M","?","M","M","R","?","M","T","R","E","?","T","M","R","B",null,"M","M","M","M","?","R","?","R","T","T","M","E"],"character_chosen":"DEFECT","items_purchased":[],"campfire_rested":1,"item_purchase_floors":[],"current_hp_per_floor":[75,72,77,70,69,69,62,59,59,59,39,39,39,27,51,41,80,80,64,51,51,51,51,23,23,23,23,23,0],"gold":49,"neow_bonus":"BOSS_RELIC","is_prod":false,"is_daily":false,"chose_seed":false,"campfire_upgraded":4,"win_rate":0,"timestamp":1557438241,"path_taken":["M","M","?","M","M","R","?","M","T","R","E","?","?","M","R","BOSS","M","M","M","M","?","R","?","R","T","?","M","E"],"build_version":"2019-01-23","purchased_purges":0,"victory":false,"max_hp_per_floor":[75,75,80,80,80,80,80,80,80,80,80,80,80,80,80,80,80,80,80,80,80,80,80,80,80,80,80,80,80],"card_choices":[{"not_picked":["Steam","Conserve Battery"],"picked":"Ball Lightning","floor":1.0},{"not_picked":["Steam","Hologram"],"picked":"Tempest","floor":2.0},{"not_picked":["Chaos","Melter"],"picked":"Sweeping Beam","floor":4.0},{"not_picked":["Recycle","Force Field","Barrage"],"picked":"SKIP","floor":5.0},{"not_picked":["Gash","Ball Lightning"],"picked":"Hello World","floor":8.0},{"not_picked":["Turbo","Consume"],"picked":"Ball Lightning","floor":11.0},{"not_picked":["Go for the Eyes","Force Field"],"picked":"Reinforced Body","floor":14.0},{"not_picked":["Fission","Seek"],"picked":"Thunder Strike","floor":16.0},{"not_picked":["Redo+1","Cold Snap"],"picked":"Streamline+1","floor":18},{"not_picked":["Compile Driver","Redo"],"picked":"Coolheaded","floor":19},{"not_picked":["Steam","Aggregate"],"picked":"Stack","floor":20},{"not_picked":["Steam","Beam Cell+1"],"picked":"Skim+1","floor":21},{"not_picked":["Sunder","Double Energy+1"],"picked":"Cold Snap+1","floor":24},{"not_picked":["Coolheaded","Melter"],"picked":"Sunder+1","floor":28}],"player_experience":71113,"relics_obtained":[{"floor":11.0,"key":"Darkstone Periapt"},{"floor":13.0,"key":"Kunai"},{"floor":24,"key":"Nunchaku"},{"floor":24,"key":"Pantograph"},{"floor":26,"key":"Orichalcum"},{"floor":27,"key":"Frozen Egg 2"}],"event_choices":[{"damage_healed":0.0,"max_hp_gain":5.0,"max_hp_loss":0.0,"gold_gain":0.0,"event_name":"Big Fish","player_choice":"Donut","floor":3.0,"gold_loss":0.0,"damage_taken":0.0},{"cards_removed":["Strike_B"],"damage_healed":0.0,"max_hp_gain":0.0,"max_hp_loss":0.0,"gold_gain":0.0,"event_name":"Golden Wing","player_choice":"Card Removal","floor":7.0,"gold_loss":0.0,"damage_taken":7.0},{"cards_removed":["Strike_B"],"damage_healed":0.0,"max_hp_gain":0.0,"max_hp_loss":0.0,"gold_gain":0.0,"event_name":"The Cleric","player_choice":"Card Removal","floor":12.0,"gold_loss":50.0,"damage_taken":0.0},{"damage_healed":0,"gold_gain":0,"player_choice":"Ignored","damage_taken":0,"max_hp_gain":0,"max_hp_loss":0,"event_name":"Beggar","floor":22,"gold_loss":0},{"damage_healed":0,"gold_gain":0,"player_choice":"Fight","damage_taken":0,"max_hp_gain":0,"max_hp_loss":0,"event_name":"Colosseum","floor":24,"gold_loss":0},{"damage_healed":0,"gold_gain":0,"player_choice":"Fought Nobs","damage_taken":0,"max_hp_gain":0,"max_hp_loss":0,"event_name":"Colosseum","floor":24,"gold_loss":0}],"is_beta":false,"boss_relics":[{"not_picked":["Orrery","Busted Crown"],"picked":"Coffee Dripper"}],"items_purged_floors":[],"is_endless":false,"potions_floor_spawned":[2,5,8,11,19,21,24,24],"killed_by":"Slavers","ascension_level":4}