{"gold_per_floor":[110,110,126,24,24,54,54,54,104,121,133,2,29,45,45,122,122,132,47,47,447,462,495,512,512,538,538,81,92,92,105,105,179,179,193,208,43,43,93,93,193,193,193,193,193,207,256,269,269,269],"floor_reached":51,"playtime":3608,"items_purged":["Regret"],"score":1414,"play_id":"e9d7a7fc-5175-4a03-bafc-70804eeed48f","local_time":"20190503080558","is_ascension_mode":true,"campfire_choices":[{"data":"Envenom","floor":7,"key":"SMITH"},{"floor":15,"key":"REST"},{"floor":25,"key":"REST"},{"floor":30,"key":"REST"},{"floor":32,"key":"REST"},{"data":"Strike_G","floor":40,"key":"PURGE"},{"data":"Strike_G","floor":45,"key":"PURGE"},{"floor":49,"key":"REST"}],"neow_cost":"NONE","seed_source_timestamp":1002576636947,"circlet_count":0,"master_deck":["AscendersBane","Defend_G","Defend_G","Defend_G","Defend_G","Defend_G","Strike_G","Strike_G","Survivor","Neutralize","Well Laid Plans","Crippling Poison","PiercingWail","Envenom+1","Infinite Blades","After Image","Dagger Spray","Infinite Blades","Blade Dance","Adrenaline","Prepared","Ghostly+1","Ghostly+1","Ghostly+1","Ghostly+1","Ghostly+1","Acrobatics+1","Noxious Fumes+1","Catalyst+1","Distraction+1","Infinite Blades+1","Calculated Gamble+1","Prepared+1","Blade Dance+1","Backflip+1","Accuracy+1","Adrenaline+1","Noxious Fumes+1","Deflect+1","Well Laid Plans+1","PiercingWail+1","Crippling Poison+1","Dark Shackles+1","Backflip+1","Acrobatics+1","Madness+1","Madness+1","Cloak And Dagger+1","Calculated Gamble+1","Escape Plan+1"],"relics":["Ring of the Snake","NeowsBlessing","Letter Opener","Anchor","Omamori","Boot","WristBlade","Toxic Egg 2","Old Coin","Frozen Egg 2","Lantern","Centennial Puzzle","Dream Catcher","ClockworkSouvenir","Cursed Key","Peace Pipe","Ice Cream","Potion Belt","Happy Flower"],"potions_floor_usage":[13,16,16,21,22,23,29,48,50],"damage_taken":[{"damage":0,"enemies":"Cultist","floor":1,"turns":1},{"damage":0,"enemies":"Jaw Worm","floor":3,"turns":1},{"damage":0,"enemies":"3 Sentries","floor":6,"turns":2},{"damage":4,"enemies":"Small Slimes","floor":10,"turns":4},{"damage":1,"enemies":"Red Slaver","floor":11,"turns":4},{"damage":22,"enemies":"Lagavulin","floor":13,"turns":8},{"damage":6,"enemies":"2 Fungi Beasts","floor":14,"turns":3},{"damage":0,"enemies":"Slime Boss","floor":16,"turns":8},{"damage":9,"enemies":"Chosen","floor":18,"turns":6},{"damage":2,"enemies":"Colosseum Slavers","floor":21,"turns":5},{"damage":0,"enemies":"Colosseum Nobs","floor":21,"turns":7},{"damage":17,"enemies":"Spheric Guardian","floor":22,"turns":8},{"damage":3,"enemies":"Gremlin Leader","floor":23,"turns":7},{"damage":0,"enemies":"Centurion and Healer","floor":24,"turns":4},{"damage":5,"enemies":"Snake Plant","floor":29,"turns":4},{"damage":0,"enemies":"3 Cultists","floor":31,"turns":5},{"damage":5,"enemies":"Automaton","floor":33,"turns":7},{"damage":0,"enemies":"3 Shapes","floor":35,"turns":4},{"damage":0,"enemies":"Orb Walker","floor":36,"turns":4},{"damage":0,"enemies":"2 Orb Walkers","floor":39,"turns":4},{"damage":0,"enemies":"Mind Bloom Boss Battle","floor":41,"turns":5},{"damage":0,"enemies":"Transient","floor":46,"turns":5},{"damage":3,"enemies":"Sphere and 2 Shapes","floor":48,"turns":4},{"damage":0,"enemies":"Time Eater","floor":50,"turns":9}],"seed_played":"-5601545115747649943","potions_obtained":[{"floor":1,"key":"GhostInAJar"},{"floor":6,"key":"SteroidPotion"},{"floor":13,"key":"Strength Potion"},{"floor":16,"key":"SkillPotion"},{"floor":18,"key":"Explosive Potion"},{"floor":21,"key":"Dexterity Potion"},{"floor":29,"key":"SpeedPotion"},{"floor":48,"key":"Weak Potion"}],"is_trial":false,"path_per_floor":["M","?","M","$","?","E","R","?","T","M","M","$","E","M","R","B",null,"M","?","?","?","M","E","M","R","T","T","$","M","R","M","R","B",null,"M","M","$","?","?","R","?","?","T","?","R","M","T","M","R","B",null],"character_chosen":"THE_SILENT","items_purchased":["PiercingWail","After Image","Dagger Spray","Infinite Blades+1","Calculated Gamble+1","ClockworkSouvenir","SteroidPotion","SpeedPotion","Well Laid Plans+1","PiercingWail+1","Crippling Poison+1"],"campfire_rested":5,"item_purchase_floors":[4,12,12,28,28,28,28,28,37,37,37],"current_hp_per_floor":[59,59,59,59,59,59,59,59,59,55,54,54,32,26,45,45,61,52,52,33,31,14,11,11,20,20,20,20,15,24,24,33,28,32,32,32,32,32,32,32,32,32,32,28,28,28,28,25,33,33],"gold":269,"neow_bonus":"THREE_ENEMY_KILL","is_prod":false,"is_daily":false,"chose_seed":false,"campfire_upgraded":1,"win_rate":0,"timestamp":1556895958,"path_taken":["M","?","M","$","?","E","R","?","T","M","M","$","E","?","R","BOSS","M","?","?","?","M","E","M","R","T","?","$","M","R","M","R","BOSS","M","M","$","?","?","R","?","?","T","?","R","M","?","M","R","BOSS"],"build_version":"2019-01-23","purchased_purges":1,"victory":true,"max_hp_per_floor":[66,66,66,66,66,66,66,66,66,66,66,66,66,66,66,66,66,66,66,33,33,33,33,33,33,33,33,33,33,33,33,33,33,33,33,33,33,33,33,33,33,33,33,33,33,33,33,33,33,33],"card_choices":[{"not_picked":["Accuracy","Deflect"],"picked":"Well Laid Plans","floor":1},{"not_picked":["Distraction","Poisoned Stab"],"picked":"Crippling Poison","floor":3},{"not_picked":["Acrobatics","PiercingWail"],"picked":"Envenom","floor":6},{"not_picked":["Heel Hook","Prepared"],"picked":"Infinite Blades","floor":10},{"not_picked":["Expertise","Acrobatics"],"picked":"Quick Slash","floor":11},{"not_picked":["Underhanded Strike","Dagger Spray"],"picked":"Infinite Blades","floor":13},{"not_picked":["PiercingWail","Backflip"],"picked":"Blade Dance","floor":14},{"not_picked":["Bullet Time","Corpse Explosion"],"picked":"Adrenaline","floor":16},{"not_picked":["Concentrate","Deflect"],"picked":"Prepared","floor":18},{"not_picked":["Heel Hook","Footwork"],"picked":"Acrobatics+1","floor":21},{"not_picked":["Blur+1","Deflect+1"],"picked":"Noxious Fumes+1","floor":22},{"not_picked":["Dodge and Roll+1","Skewer"],"picked":"Catalyst+1","floor":23},{"not_picked":["Deflect+1","Reflex+1"],"picked":"Distraction+1","floor":24},{"not_picked":["Skewer+1","Quick Slash"],"picked":"Prepared+1","floor":29},{"not_picked":["Flechettes","Accuracy+1"],"picked":"Blade Dance+1","floor":30},{"not_picked":["Reflex+1","PiercingWail+1"],"picked":"Backflip+1","floor":31},{"not_picked":["Outmaneuver+1","Flying Knee"],"picked":"Accuracy+1","floor":32},{"not_picked":["Storm of Steel+1","Unload"],"picked":"Adrenaline+1","floor":33},{"not_picked":["Expertise+1","Dodge and Roll+1"],"picked":"Noxious Fumes+1","floor":35},{"not_picked":["Flying Knee","Bane"],"picked":"Deflect+1","floor":36},{"not_picked":["Impatience+1","Mayhem+1"],"picked":"Dark Shackles+1","floor":38},{"not_picked":["Caltrops+1","Predator"],"picked":"Backflip+1","floor":39},{"not_picked":["Deflect+1","Backflip+1"],"picked":"Acrobatics+1","floor":41},{"not_picked":["PiercingWail+1","Underhanded Strike"],"picked":"Cloak And Dagger+1","floor":46},{"not_picked":["Outmaneuver+1","Prepared+1"],"picked":"Calculated Gamble+1","floor":48},{"not_picked":["Dodge and Roll+1","Noxious Fumes+1"],"picked":"Escape Plan+1","floor":49}],"player_experience":1571386,"relics_obtained":[{"floor":6,"key":"Anchor"},{"floor":9,"key":"Omamori"},{"floor":13,"key":"Boot"},{"floor":21,"key":"Old Coin"},{"floor":21,"key":"Frozen Egg 2"},{"floor":23,"key":"Lantern"},{"floor":26,"key":"Centennial Puzzle"},{"floor":27,"key":"Dream Catcher"},{"floor":39,"key":"Peace Pipe"},{"floor":41,"key":"Ice Cream"},{"floor":43,"key":"Potion Belt"},{"floor":47,"key":"Happy Flower"}],"event_choices":[{"damage_healed":0,"gold_gain":0,"player_choice":"Box","damage_taken":0,"relics_obtained":["Letter Opener"],"max_hp_gain":0,"max_hp_loss":0,"event_name":"Big Fish","floor":2,"gold_loss":0,"cards_obtained":["Regret"]},{"damage_healed":0,"gold_gain":0,"player_choice":"Leave","damage_taken":0,"max_hp_gain":0,"max_hp_loss":0,"event_name":"The Cleric","floor":5,"gold_loss":0},{"cards_removed":["Strike_G"],"damage_healed":0,"gold_gain":0,"player_choice":"Offered Basic","damage_taken":0,"max_hp_gain":0,"max_hp_loss":0,"event_name":"Bonfire Elementals","floor":8,"gold_loss":0},{"damage_healed":0,"gold_gain":0,"player_choice":"Obtained Relic","damage_taken":0,"relics_obtained":["Toxic Egg 2"],"max_hp_gain":0,"max_hp_loss":0,"event_name":"Addict","floor":19,"gold_loss":85},{"damage_healed":0,"gold_gain":0,"player_choice":"Became a Ghost","damage_taken":0,"max_hp_gain":0,"max_hp_loss":33,"event_name":"Ghosts","floor":20,"gold_loss":0,"cards_obtained":["Ghostly","Ghostly","Ghostly","Ghostly","Ghostly"]},{"damage_healed":0,"gold_gain":0,"player_choice":"Fight","damage_taken":0,"max_hp_gain":0,"max_hp_loss":0,"event_name":"Colosseum","floor":21,"gold_loss":0},{"damage_healed":0,"gold_gain":0,"player_choice":"Fought Nobs","damage_taken":0,"max_hp_gain":0,"max_hp_loss":0,"event_name":"Colosseum","floor":21,"gold_loss":0},{"damage_healed":0,"gold_gain":0,"player_choice":"Memory 1","damage_taken":0,"max_hp_gain":0,"max_hp_loss":0,"event_name":"SensoryStone","floor":38,"gold_loss":0},{"damage_healed":0,"gold_gain":0,"player_choice":"Fight","damage_taken":0,"max_hp_gain":0,"max_hp_loss":0,"event_name":"Mysterious Sphere","floor":39,"gold_loss":0},{"damage_healed":0,"gold_gain":0,"player_choice":"Fight","damage_taken":0,"max_hp_gain":0,"max_hp_loss":0,"event_name":"MindBloom","floor":41,"gold_loss":0},{"cards_removed":["Quick Slash"],"damage_healed":0,"gold_gain":0,"player_choice":"Removed Attack","damage_taken":0,"max_hp_gain":0,"max_hp_loss":0,"event_name":"Falling","floor":42,"gold_loss":0},{"damage_healed":0,"gold_gain":0,"player_choice":"Embrace Madness","damage_taken":4,"max_hp_gain":0,"max_hp_loss":0,"event_name":"Winding Halls","floor":44,"gold_loss":0,"cards_obtained":["Madness","Madness"]}],"is_beta":false,"boss_relics":[{"not_picked":["Busted Crown","Sozu"],"picked":"WristBlade"},{"not_picked":["Orrery","Runic Dome"],"picked":"Cursed Key"}],"items_purged_floors":[4],"is_endless":false,"potions_floor_spawned":[1,6,13,16,18,21,29,31,33,36,41,48],"ascension_level":14}