{"gold_per_floor":[111,111,286,306,321,321,354,354,354,379,379],"floor_reached":11,"playtime":352,"items_purged":[],"score":106,"play_id":"56fcb672-d871-4811-80ac-0b1efc7cefaf","local_time":"20190226234402","is_ascension_mode":true,"campfire_choices":[{"floor":6,"key":"REST"}],"neow_cost":"PERCENT_DAMAGE","seed_source_timestamp":0,"circlet_count":0,"master_deck":["Strike_B","Strike_B","Strike_B","Strike_B","Defend_B","Defend_B","Defend_B","Defend_B","Zap","Dualcast","Multi-Cast","Cold Snap","Injury","Doubt","Melter","White Noise","Tempest","Coolheaded"],"special_seed":0,"relics":["Cracked Core","Golden Idol","Strawberry","Boot","Darkstone Periapt"],"potions_floor_usage":[7],"damage_taken":[{"damage":7.0,"enemies":"Jaw Worm","floor":1.0,"turns":4.0},{"damage":0,"enemies":"2 Louse","floor":4,"turns":3},{"damage":15,"enemies":"Small Slimes","floor":5,"turns":4},{"damage":46,"enemies":"3 Sentries","floor":7,"turns":8},{"damage":5,"enemies":"2 Fungi Beasts","floor":10,"turns":4},{"damage":9,"enemies":"Red Slaver","floor":11,"turns":1}],"seed_played":"-2745452885136164860","potions_obtained":[{"floor":1.0,"key":"Poison Potion"},{"floor":5,"key":"SpeedPotion"}],"is_trial":false,"path_per_floor":["M","?","?","M","M","R","E","?","T","M","M"],"character_chosen":"DEFECT","items_purchased":[],"campfire_rested":1,"item_purchase_floors":[],"current_hp_per_floor":[43,43,43,43,28,50,11,11,11,6,0],"gold":379,"neow_bonus":"THREE_RARE_CARDS","is_prod":false,"is_daily":false,"chose_seed":false,"campfire_upgraded":0,"win_rate":0,"timestamp":1551221042,"path_taken":["M","?","?","M","M","R","E","?","T","M","M"],"build_version":"2019-01-23","purchased_purges":0,"victory":false,"max_hp_per_floor":[75,75,75,75,75,75,82,82,82,82,82],"card_choices":[{"not_picked":["Hyperbeam","Meteor Strike"],"picked":"Multi-Cast","floor":0.0},{"not_picked":["Skim","Beam Cell"],"picked":"Cold Snap","floor":1.0},{"not_picked":["Ball Lightning","Darkness"],"picked":"Melter","floor":4},{"not_picked":["Reinforced Body","Steam"],"picked":"White Noise","floor":5},{"not_picked":["Gash","Ball Lightning"],"picked":"Tempest","floor":7},{"not_picked":["Barrage","Genetic Algorithm"],"picked":"Coolheaded","floor":10}],"player_experience":1442955,"relics_obtained":[{"floor":7,"key":"Strawberry"},{"floor":9,"key":"Darkstone Periapt"}],"event_choices":[{"damage_healed":0,"gold_gain":0,"player_choice":"Take Wound","damage_taken":0,"relics_obtained":["Golden Idol"],"max_hp_gain":0,"max_hp_loss":0,"event_name":"Golden Idol","floor":2,"gold_loss":0,"cards_obtained":["Injury"]},{"damage_healed":0,"gold_gain":175,"player_choice":"AGREE","damage_taken":0,"max_hp_gain":0,"max_hp_loss":0,"event_name":"Liars Game","floor":3,"gold_loss":0,"cards_obtained":["Doubt"]},{"damage_healed":0,"gold_gain":0,"player_choice":"Searched \u00271\u0027 times","damage_taken":0,"relics_obtained":["Boot"],"max_hp_gain":0,"max_hp_loss":0,"event_name":"Dead Adventurer","floor":8,"gold_loss":0}],"is_beta":false,"boss_relics":[],"items_purged_floors":[],"is_endless":false,"potions_floor_spawned":[1,5],"killed_by":"Red Slaver","ascension_level":9}