{"gold_per_floor":[115,115,115,115,115,140,140,140,191,116,116,128,154,76,76,148,148,160,88,187,3,3,3,3,35,35,35,52,52,69,88,88,88],"floor_reached":33,"playtime":41857,"items_purged":["Strike_R"],"score":521,"play_id":"428df47c-098e-4ba1-8961-c99746538068","local_time":"20190413103218","is_ascension_mode":true,"campfire_choices":[{"data":"Headbutt","floor":7,"key":"SMITH"},{"data":"Bash","floor":11,"key":"SMITH"},{"floor":15,"key":"REST"},{"floor":23,"key":"REST"},{"floor":32,"key":"REST"}],"neow_cost":"NONE","seed_source_timestamp":166909879290700,"circlet_count":0,"master_deck":["AscendersBane","Strike_R+1","Defend_R+1","Defend_R","Bash+1","Headbutt+1","Pommel Strike","Fiend Fire","Seeing Red","Impervious","Fire Breathing+1","Intimidate","Apotheosis","Bloodletting","Armaments","Ghostly","Ghostly","Ghostly","Ghostly","Ghostly","Dual Wield","Feel No Pain","Infernal Blade"],"relics":["Burning Blood","NeowsBlessing","Ice Cream","Bag of Marbles","Bag of Preparation","Dead Branch","Empty Cage","Orichalcum","Dodecahedron","Sundial"],"potions_floor_usage":[16,18,28,31],"damage_taken":[{"damage":0,"enemies":"Jaw Worm","floor":1,"turns":1},{"damage":0,"enemies":"Lagavulin","floor":6,"turns":1},{"damage":0,"enemies":"Small Slimes","floor":12,"turns":1},{"damage":16,"enemies":"Gremlin Nob","floor":13,"turns":3},{"damage":9,"enemies":"Slime Boss","floor":16,"turns":9},{"damage":48,"enemies":"3 Byrds","floor":18,"turns":9},{"damage":26,"enemies":"Slavers","floor":25,"turns":7},{"damage":5,"enemies":"Shell Parasite","floor":28,"turns":10},{"damage":0,"enemies":"Sentry and Sphere","floor":30,"turns":8},{"damage":7,"enemies":"3 Cultists","floor":31,"turns":7},{"damage":34,"enemies":"Champ","floor":33,"turns":10}],"seed_played":"-9072726752910066171","potions_obtained":[{"floor":1,"key":"Ancient Potion"},{"floor":6,"key":"Block Potion"},{"floor":16,"key":"SkillPotion"},{"floor":25,"key":"SkillPotion"},{"floor":30,"key":"Strength Potion"},{"floor":31,"key":"Ancient Potion"}],"is_trial":false,"path_per_floor":["M","$","?","?","?","E","R","?","T","$","R","M","E","$","R","B",null,"M","$","?","$","?","R","?","E","T","?","M","?","M","M","R","B"],"character_chosen":"IRONCLAD","items_purchased":["Seeing Red","Intimidate","Apotheosis"],"campfire_rested":3,"item_purchase_floors":[14,19,21],"current_hp_per_floor":[74,74,67,67,52,58,58,55,55,55,55,61,51,51,73,70,74,32,32,32,32,32,54,37,17,17,17,18,18,24,23,34,0],"gold":88,"neow_bonus":"THREE_ENEMY_KILL","is_prod":false,"is_daily":false,"chose_seed":false,"campfire_upgraded":2,"win_rate":0,"timestamp":1555144338,"path_taken":["M","$","?","?","?","E","R","?","T","$","R","M","E","?","R","BOSS","M","$","?","$","?","R","?","E","T","?","?","?","M","M","R","BOSS"],"build_version":"2019-01-23","purchased_purges":1,"victory":false,"max_hp_per_floor":[75,75,75,75,75,75,75,75,75,75,75,75,75,75,75,75,75,75,75,75,75,75,75,37,37,37,37,37,37,37,37,37,37],"card_choices":[{"not_picked":["Cleave","Twin Strike"],"picked":"Power Through","floor":1},{"not_picked":["Bloodletting","Fire Breathing"],"picked":"Headbutt","floor":6},{"not_picked":["Havoc","Flex"],"picked":"Pommel Strike","floor":12},{"not_picked":["Twin Strike","Spot Weakness"],"picked":"Fiend Fire","floor":13},{"not_picked":["Barricade","Berserk"],"picked":"Impervious","floor":16},{"not_picked":["Clothesline+1","Thunderclap"],"picked":"Fire Breathing+1","floor":18},{"not_picked":["Pommel Strike","Thunderclap"],"picked":"Dual Wield","floor":25},{"not_picked":["Dropkick","Warcry","Sword Boomerang+1"],"picked":"SKIP","floor":28},{"not_picked":["Battle Trance","Flex"],"picked":"Feel No Pain","floor":30},{"not_picked":["Wild Strike","Clash"],"picked":"Infernal Blade","floor":31}],"player_experience":1640789,"relics_obtained":[{"floor":6,"key":"Ice Cream"},{"floor":9,"key":"Bag of Preparation"},{"floor":13,"key":"Dead Branch"},{"floor":25,"key":"Orichalcum"},{"floor":26,"key":"Dodecahedron"}],"event_choices":[{"cards_removed":["Strike_R"],"damage_healed":0,"gold_gain":0,"player_choice":"Card Removal","damage_taken":7,"max_hp_gain":0,"max_hp_loss":0,"event_name":"Golden Wing","floor":3,"gold_loss":0},{"cards_removed":["Strike_R"],"damage_healed":0,"gold_gain":0,"player_choice":"Forget","damage_taken":0,"max_hp_gain":0,"max_hp_loss":0,"event_name":"Living Wall","floor":4,"gold_loss":0},{"damage_healed":0,"gold_gain":0,"player_choice":"Entered Light","damage_taken":15,"max_hp_gain":0,"max_hp_loss":0,"event_name":"Shining Light","floor":5,"gold_loss":0,"cards_upgraded":["Strike_R","Defend_R"]},{"damage_healed":0,"gold_gain":0,"player_choice":"Success","damage_taken":3,"relics_obtained":["Bag of Marbles"],"max_hp_gain":0,"max_hp_loss":0,"event_name":"Scrap Ooze","floor":8,"gold_loss":0},{"damage_healed":0,"gold_gain":99,"player_choice":"Stole From Cult","damage_taken":0,"max_hp_gain":0,"max_hp_loss":0,"event_name":"Nest","floor":20,"gold_loss":0},{"damage_healed":0,"gold_gain":0,"cards_transformed":["Defend_R","Power Through"],"player_choice":"Became Test Subject","damage_taken":0,"max_hp_gain":0,"max_hp_loss":0,"event_name":"Drug Dealer","floor":22,"gold_loss":0,"cards_obtained":["Bloodletting","Armaments"]},{"damage_healed":0,"gold_gain":0,"player_choice":"Became a Ghost","damage_taken":0,"max_hp_gain":0,"max_hp_loss":38,"event_name":"Ghosts","floor":24,"gold_loss":0,"cards_obtained":["Ghostly","Ghostly","Ghostly","Ghostly","Ghostly"]},{"damage_healed":0,"gold_gain":0,"player_choice":"Opened","damage_taken":0,"relics_obtained":["Sundial"],"max_hp_gain":0,"max_hp_loss":0,"event_name":"The Mausoleum","floor":27,"gold_loss":0},{"damage_healed":0,"gold_gain":0,"player_choice":"Ignored","damage_taken":0,"max_hp_gain":0,"max_hp_loss":0,"event_name":"Vampires","floor":29,"gold_loss":0}],"is_beta":false,"boss_relics":[{"not_picked":["Orrery","Cursed Key"],"picked":"Empty Cage"}],"items_purged_floors":[10],"is_endless":false,"potions_floor_spawned":[1,6,16,25,30,31],"killed_by":"Champ","ascension_level":14}