{"gold_per_floor":[19,19,33,53,0,31,31,58,84,95,270,235,235,235,235,334,334,351,367,62,77,89,89,107,126,153,153],"floor_reached":27,"playtime":1942,"items_purged":[],"score":300,"play_id":"1b1c4581-b292-4389-aac2-5313b3f6226e","local_time":"20190413110318","is_ascension_mode":true,"campfire_choices":[{"floor":7,"key":"REST"},{"data":"Tools of the Trade","floor":15,"key":"SMITH"},{"floor":23,"key":"REST"}],"neow_cost":"NO_GOLD","seed_source_timestamp":0,"circlet_count":0,"master_deck":["Defend_G","Defend_G","Defend_G","Defend_G","Defend_G","Strike_G","Strike_G","Strike_G","Survivor","Neutralize","Adrenaline","Cloak And Dagger","Bouncing Flask","Tools of the Trade+1","Distraction","Parasite","Malaise","Poisoned Stab","Catalyst","Well Laid Plans+1","Backflip","Reflex","Infinite Blades+1"],"special_seed":0,"relics":["Ring of the Snake","Bronze Scales","Snake Skull","Bag of Preparation","Art of War","HoveringKite","Thread and Needle","Smiling Mask"],"potions_floor_usage":[6,8,24,27,27],"damage_taken":[{"damage":9.0,"enemies":"Small Slimes","floor":1.0,"turns":7.0},{"damage":2.0,"enemies":"Cultist","floor":3.0,"turns":4.0},{"damage":0.0,"enemies":"Jaw Worm","floor":4.0,"turns":5.0},{"damage":56,"enemies":"Lagavulin","floor":6,"turns":10},{"damage":7,"enemies":"3 Sentries","floor":8,"turns":8},{"damage":0,"enemies":"3 Louse","floor":10,"turns":2},{"damage":11,"enemies":"Hexaghost","floor":16,"turns":9},{"damage":3,"enemies":"Spheric Guardian","floor":18,"turns":4},{"damage":6,"enemies":"Chosen","floor":19,"turns":5},{"damage":20,"enemies":"3 Cultists","floor":21,"turns":5},{"damage":17,"enemies":"Centurion and Healer","floor":22,"turns":4},{"damage":11,"enemies":"Sentry and Sphere","floor":24,"turns":6},{"damage":0,"enemies":"Snake Plant","floor":25,"turns":4},{"damage":11,"enemies":"Colosseum Slavers","floor":27,"turns":4},{"damage":28,"enemies":"Colosseum Nobs","floor":27,"turns":3}],"seed_played":"-4835427212182611048","potions_obtained":[{"floor":4,"key":"SkillPotion"},{"floor":6,"key":"Fire Potion"},{"floor":16,"key":"SneckoOil"},{"floor":22,"key":"SkillPotion"},{"floor":25,"key":"LiquidBronze"}],"is_trial":false,"path_per_floor":["M","?","M","M","$","E","R","E","T","M","?","?","?","?","R","B",null,"M","M","$","M","M","R","M","M","T","?"],"character_chosen":"THE_SILENT","items_purchased":["Cloak And Dagger","Thread and Needle"],"campfire_rested":2,"item_purchase_floors":[5,20],"current_hp_per_floor":[61,61,59,59,59,3,24,17,17,17,17,34,51,51,51,40,70,67,61,61,41,24,45,34,34,34,0],"gold":153,"neow_bonus":"REMOVE_TWO","is_prod":false,"is_daily":false,"chose_seed":false,"campfire_upgraded":1,"win_rate":0,"timestamp":1555178598,"path_taken":["M","?","M","M","$","E","R","E","T","M","?","?","?","?","R","BOSS","M","M","$","M","M","R","M","M","T","?"],"build_version":"2019-01-23","purchased_purges":0,"victory":false,"max_hp_per_floor":[70,70,70,70,70,70,70,70,70,70,70,70,70,70,70,70,70,70,70,70,70,70,70,70,70,70,70],"card_choices":[{"not_picked":["Dodge and Roll","Dagger Throw"],"picked":"Cloak And Dagger","floor":1.0},{"not_picked":["Cloak And Dagger","Underhanded Strike"],"picked":"Adrenaline","floor":3.0},{"not_picked":["Poisoned Stab","Deadly Poison","Blade Dance"],"picked":"SKIP","floor":4},{"not_picked":["Heel Hook","Outmaneuver"],"picked":"Bouncing Flask","floor":6},{"not_picked":["Crippling Poison","Deadly Poison"],"picked":"Tools of the Trade","floor":8},{"not_picked":["Quick Slash","Outmaneuver"],"picked":"Distraction","floor":10},{"not_picked":["Envenom","Phantasmal Killer"],"picked":"Malaise","floor":16},{"not_picked":["Quick Slash+1","Predator"],"picked":"Poisoned Stab","floor":18},{"not_picked":["Skewer+1","Dodge and Roll"],"picked":"Catalyst","floor":19},{"not_picked":["Dagger Spray","Leg Sweep"],"picked":"Well Laid Plans+1","floor":21},{"not_picked":["Flechettes","Backstab"],"picked":"Backflip","floor":22},{"not_picked":["Dodge and Roll","Quick Slash"],"picked":"Reflex","floor":24},{"not_picked":["Bouncing Flask+1","Well Laid Plans+1"],"picked":"Infinite Blades+1","floor":25}],"player_experience":1331628,"relics_obtained":[{"floor":6,"key":"Snake Skull"},{"floor":8,"key":"Bag of Preparation"},{"floor":9,"key":"Art of War"},{"floor":26,"key":"Smiling Mask"}],"event_choices":[{"cards_removed":["Cloak And Dagger"],"damage_healed":0.0,"max_hp_gain":0.0,"max_hp_loss":0.0,"gold_gain":0.0,"event_name":"WeMeetAgain","player_choice":"Gave Card","floor":2.0,"gold_loss":0.0,"damage_taken":0.0,"relics_obtained":["Bronze Scales"]},{"damage_healed":0,"gold_gain":175,"player_choice":"AGREE","damage_taken":0,"max_hp_gain":0,"max_hp_loss":0,"event_name":"Liars Game","floor":11,"gold_loss":0,"cards_obtained":["Doubt"]},{"damage_healed":17,"gold_gain":0,"player_choice":"Healed","damage_taken":0,"max_hp_gain":0,"max_hp_loss":0,"event_name":"The Cleric","floor":12,"gold_loss":35},{"damage_healed":17,"gold_gain":0,"player_choice":"Healed and dodged fight","damage_taken":0,"max_hp_gain":0,"max_hp_loss":0,"event_name":"Mushrooms","floor":13,"gold_loss":0,"cards_obtained":["Parasite"]},{"cards_removed":["Doubt"],"damage_healed":0,"gold_gain":0,"player_choice":"Forget","damage_taken":0,"max_hp_gain":0,"max_hp_loss":0,"event_name":"Living Wall","floor":14,"gold_loss":0},{"damage_healed":0,"gold_gain":0,"player_choice":"Fight","damage_taken":0,"max_hp_gain":0,"max_hp_loss":0,"event_name":"Colosseum","floor":27,"gold_loss":0},{"damage_healed":0,"gold_gain":0,"player_choice":"Fought Nobs","damage_taken":0,"max_hp_gain":0,"max_hp_loss":0,"event_name":"Colosseum","floor":27,"gold_loss":0}],"is_beta":false,"boss_relics":[{"not_picked":["Coffee Dripper","Tiny House"],"picked":"HoveringKite"}],"items_purged_floors":[],"is_endless":false,"potions_floor_spawned":[4,6,16,22,25,27],"killed_by":"Colosseum Nobs","ascension_level":4}