{"gold_per_floor":[118,87,37,1,16,48,48,82,155,174,174,190,190,204,204,308,308,320,320,346,346,53,53,53,78,78,78,78,107,107,107,107,202,202,221,221,221,234,63,63,63],"floor_reached":41,"playtime":2289,"items_purged":[],"score":559,"play_id":"2e8c05bc-622b-471e-9508-6c8157eeada5","local_time":"20181030005915","is_ascension_mode":true,"campfire_choices":[{"floor":7,"key":"REST"},{"floor":11,"key":"REST"},{"floor":15,"key":"REST"},{"data":"Rainbow","floor":23,"key":"SMITH"},{"floor":27,"key":"REST"},{"floor":30,"key":"REST"},{"floor":32,"key":"REST"},{"floor":40,"key":"REST"}],"neow_cost":"NONE","seed_source_timestamp":11846485309300,"circlet_count":0,"master_deck":["Defend_B","Defend_B","Defend_B","Zap","Dualcast","Trip","Doom and Gloom","Heatsinks","Ball Lightning","Turbo","Buffer","Static Discharge","Compile Driver","Glacier","Rainbow+1","Hologram","Multi-Cast","Hologram+1","Loop+1","Meteor Strike","Chaos+1","Hologram+1","Stack"],"relics":["Cracked Core","Orichalcum","Strawberry","Blue Candle","Runic Pyramid","Centennial Puzzle","FossilizedHelix","Pen Nib","Sundial","Potion Belt","Ornamental Fan","Eternal Feather","Spirit Poop","PreservedInsect"],"potions_floor_usage":[6,16,16,16,29,33,38,38,41,41],"damage_taken":[{"damage":3,"enemies":"Jaw Worm","floor":1,"turns":4},{"damage":0,"enemies":"Small Slimes","floor":5,"turns":2},{"damage":25,"enemies":"3 Sentries","floor":6,"turns":4},{"damage":24,"enemies":"Lagavulin","floor":8,"turns":5},{"damage":0,"enemies":"Cultist","floor":10,"turns":3},{"damage":8,"enemies":"Blue Slaver","floor":12,"turns":3},{"damage":2,"enemies":"Exordium Wildlife","floor":14,"turns":4},{"damage":23,"enemies":"Hexaghost","floor":16,"turns":7},{"damage":10,"enemies":"2 Thieves","floor":18,"turns":4},{"damage":42,"enemies":"Gremlin Leader","floor":25,"turns":6},{"damage":67,"enemies":"Slavers","floor":29,"turns":6},{"damage":44,"enemies":"Automaton","floor":33,"turns":10},{"damage":57,"enemies":"3 Darklings","floor":35,"turns":4},{"damage":0,"enemies":"Orb Walker","floor":38,"turns":3},{"damage":52,"enemies":"Reptomancer","floor":41,"turns":5}],"seed_played":"-4453354988824869109","potions_obtained":[{"floor":1,"key":"AttackPotion"},{"floor":8,"key":"SpeedPotion"},{"floor":12,"key":"SneckoOil"},{"floor":14,"key":"FearPotion"},{"floor":16,"key":"Regen Potion"},{"floor":29,"key":"Regen Potion"},{"floor":36,"key":"PowerPotion"},{"floor":36,"key":"GamblersBrew"},{"floor":36,"key":"SneckoOil"},{"floor":38,"key":"AttackPotion"}],"is_trial":false,"path_per_floor":["M","?","?","$","M","E","R","E","T","M","R","M","?","M","R","B",null,"M","?","T","?","$","R","?","E","T","R","?","E","R","?","R","B",null,"M","?","?","M","$","R"],"character_chosen":"DEFECT","items_purchased":["Heatsinks","FossilizedHelix","PreservedInsect","Stack"],"campfire_rested":7,"item_purchase_floors":[4,22,39,39],"current_hp_per_floor":[65,65,65,65,65,40,62,45,45,45,69,61,54,52,76,53,75,65,65,65,65,65,65,65,23,23,47,74,19,43,43,67,38,71,14,14,14,14,14,50,0],"gold":63,"neow_bonus":"RANDOM_COLORLESS","is_prod":false,"is_daily":false,"chose_seed":false,"campfire_upgraded":1,"win_rate":0,"timestamp":1540857555,"path_taken":["M","?","?","?","M","E","R","E","T","M","R","?","?","M","R","BOSS","M","?","?","?","$","R","?","E","T","R","?","E","R","?","R","BOSS","M","?","?","M","$","R","E"],"build_version":"2018-10-25v2","purchased_purges":0,"victory":false,"max_hp_per_floor":[75,75,75,75,75,75,75,82,82,82,82,82,82,82,82,82,82,82,82,82,82,82,82,82,82,82,82,82,82,82,82,82,82,82,82,82,82,82,82,82,82],"card_choices":[{"not_picked":["Rip and Tear","Darkness"],"picked":"Doom and Gloom","floor":1},{"not_picked":["Stack","Go for the Eyes"],"picked":"Ball Lightning","floor":5},{"not_picked":["Fusion","Steam"],"picked":"Turbo","floor":6},{"not_picked":["Streamline","Go for the Eyes"],"picked":"Buffer","floor":8},{"not_picked":["Cold Snap","Force Field"],"picked":"Static Discharge","floor":10},{"not_picked":["Go for the Eyes","Hologram"],"picked":"Compile Driver","floor":12},{"not_picked":["Go for the Eyes","Blizzard"],"picked":"Glacier","floor":14},{"not_picked":["Meteor Strike","Amplify"],"picked":"Rainbow","floor":16},{"not_picked":["Go for the Eyes","Gash","Rebound"],"picked":"SKIP","floor":18},{"not_picked":["Consume","Leap+1"],"picked":"Hologram+1","floor":25},{"not_picked":["Aggregate","Stack"],"picked":"Loop+1","floor":29},{"not_picked":["Amplify","Core Surge"],"picked":"Meteor Strike","floor":33},{"not_picked":["Barrage+1","Hologram+1"],"picked":"Chaos+1","floor":35},{"not_picked":["Go for the Eyes+1","Auto Shields+1"],"picked":"Hologram+1","floor":38}],"player_experience":806022,"relics_obtained":[{"floor":6,"key":"Orichalcum"},{"floor":8,"key":"Strawberry"},{"floor":9,"key":"Blue Candle"},{"floor":20,"key":"Centennial Puzzle"},{"floor":25,"key":"Sundial"},{"floor":26,"key":"Potion Belt"},{"floor":29,"key":"Ornamental Fan"}],"event_choices":[{"damage_healed":0,"gold_gain":0,"player_choice":"Left Gold","damage_taken":0,"max_hp_gain":0,"max_hp_loss":0,"event_name":"World of Goop","floor":2,"gold_loss":31},{"cards_removed":["Strike_B"],"damage_healed":0,"gold_gain":0,"player_choice":"Card Removal","damage_taken":0,"max_hp_gain":0,"max_hp_loss":0,"event_name":"The Cleric","floor":3,"gold_loss":50},{"cards_removed":["Strike_B"],"damage_healed":0,"gold_gain":0,"player_choice":"Card Removal","damage_taken":7,"max_hp_gain":0,"max_hp_loss":0,"event_name":"Golden Wing","floor":13,"gold_loss":0},{"cards_removed":["Strike_B"],"damage_healed":0,"gold_gain":0,"player_choice":"Elegance","damage_taken":0,"max_hp_gain":0,"max_hp_loss":0,"event_name":"Back to Basics","floor":19,"gold_loss":0},{"damage_healed":0,"gold_gain":0,"cards_transformed":["Strike_B","Defend_B"],"player_choice":"Became Test Subject","damage_taken":0,"max_hp_gain":0,"max_hp_loss":0,"event_name":"Drug Dealer","floor":21,"gold_loss":0,"cards_obtained":["Hologram","Multi-Cast"]},{"damage_healed":0,"gold_gain":0,"player_choice":"Opened","damage_taken":0,"relics_obtained":["Pen Nib"],"max_hp_gain":0,"max_hp_loss":0,"event_name":"The Mausoleum","floor":24,"gold_loss":0,"cards_obtained":["Writhe"]},{"damage_healed":27,"gold_gain":0,"player_choice":"Heal","damage_taken":0,"max_hp_gain":0,"max_hp_loss":0,"event_name":"The Library","floor":28,"gold_loss":0},{"damage_healed":0,"gold_gain":0,"player_choice":"Ignored","damage_taken":0,"max_hp_gain":0,"max_hp_loss":0,"event_name":"Cursed Tome","floor":31,"gold_loss":0},{"damage_healed":0,"gold_gain":0,"player_choice":"Got Potions","damage_taken":0,"max_hp_gain":0,"max_hp_loss":0,"event_name":"The Lab","floor":36,"gold_loss":0},{"cards_removed":["Writhe"],"damage_healed":0,"gold_gain":0,"player_choice":"Offered Curse","damage_taken":0,"relics_obtained":["Spirit Poop"],"max_hp_gain":0,"max_hp_loss":0,"event_name":"Bonfire Elementals","floor":37,"gold_loss":0}],"is_beta":false,"boss_relics":[{"not_picked":["Fusion Hammer","Tiny House"],"picked":"Runic Pyramid"},{"not_picked":["Philosopher\u0027s Stone","Snecko Eye"],"picked":"Eternal Feather"}],"items_purged_floors":[],"is_endless":false,"potions_floor_spawned":[1,8,12,14,16,29,38],"killed_by":"Reptomancer","ascension_level":6}