{"path_per_floor":["M","T","M","?","?","R","M","R","T","$","R","?","$","?","R","B",null,"M","?","M","$","M","R","?","M","T","R","M","$","?","?","R"],"character_chosen":"IRONCLAD","items_purchased":["Pommel Strike","Pommel Strike","Orichalcum"],"gold_per_floor":[117,117,136,136,311,311,325,325,349,226,226,226,126,181,181,279,279,290,290,304,6,24,24,24,34,107,107,117,117,17,17,17,17],"floor_reached":33,"campfire_rested":3,"playtime":2011,"current_hp_per_floor":[88,88,88,63,63,63,65,65,65,65,65,65,65,42,68,15,88,64,64,51,51,40,66,66,38,38,64,52,52,52,52,52,0],"items_purged":["Strike_R","Strike_R","Strike_R"],"gold":17,"score":266,"play_id":"6ba68ca0-87c9-4334-903f-bc4c733b8f5c","local_time":"20180325170712","is_prod":false,"is_daily":false,"is_ascension_mode":true,"campfire_upgraded":4,"timestamp":1522022832,"path_taken":["M","?","M","?","?","R","M","R","T","$","R","?","$","?","R","BOSS","M","?","M","$","M","R","?","M","T","R","M","$","?","?","R","BOSS"],"build_version":"2018-03-22v2","purchased_purges":3,"victory":false,"master_deck":["Strike_R","Strike_R","Defend_R+1","Defend_R","Defend_R","Defend_R+1","Bash+1","Uppercut+1","True Grit","Pommel Strike+1","Berserk+1","Intimidate","Bandage Up","Whirlwind+1","Pommel Strike","Battle Trance","Shrug It Off","Shrug It Off"],"max_hp_per_floor":[88,88,88,88,88,88,88,88,88,88,88,88,88,88,88,88,88,88,88,88,88,88,88,88,88,88,88,88,88,88,88,88,88],"relics":["Burning Blood","Blood Vial","Juzu Bracelet","War Paint","Frozen Egg 2","Lizard Tail","Orichalcum","Toxic Egg 2","Centennial Puzzle"],"card_choices":[{"not_picked":["Pommel Strike","Sword Boomerang"],"picked":"Uppercut","floor":1},{"not_picked":["Headbutt","Thunderclap"],"picked":"True Grit","floor":3},{"not_picked":["Brutality","Limit Break"],"picked":"Berserk","floor":16},{"not_picked":["Clash","Sentinel"],"picked":"Intimidate","floor":18},{"not_picked":["Wild Strike","Perfected Strike"],"picked":"Whirlwind","floor":20},{"not_picked":["Iron Wave","Burning Pact"],"picked":"Battle Trance","floor":22},{"not_picked":["True Grit","Perfected Strike"],"picked":"Shrug It Off","floor":25}],"player_experience":193589,"potions_floor_usage":[16,16,33],"damage_taken":[{"damage":1,"enemies":"Cultist","floor":1,"turns":3},{"damage":4,"enemies":"Jaw Worm","floor":3,"turns":3},{"damage":6,"enemies":"2 Louse","floor":7,"turns":5},{"damage":31,"enemies":"3 Sentries","floor":14,"turns":10},{"damage":61,"enemies":"Hexaghost","floor":16,"turns":14},{"damage":30,"enemies":"Shell Parasite","floor":18,"turns":7},{"damage":25,"enemies":"Chosen","floor":20,"turns":7},{"damage":23,"enemies":"Centurion and Healer","floor":22,"turns":8},{"damage":96,"enemies":"Chosen and Byrds","floor":25,"turns":12},{"damage":24,"enemies":"Snake Plant","floor":28,"turns":7},{"damage":67,"enemies":"Collector","floor":33,"turns":9}],"event_choices":[{"event_name":"Scrap Ooze","player_choice":"success","floor":4,"damage_taken":25},{"event_name":"Liars Game","player_choice":"agreed","floor":5,"damage_taken":0},{"event_name":"Living Wall","player_choice":"Forget","floor":12,"damage_taken":0},{"event_name":"Dead Adventurer","player_choice":"Searched \u00271\u0027 times","floor":14,"damage_taken":0},{"event_name":"Match and Keep!","player_choice":"1 cards matched","floor":19,"damage_taken":0},{"event_name":"The Library","player_choice":"Read","floor":24,"damage_taken":0},{"event_name":"Drug Dealer","player_choice":"Got JAXXED","floor":30,"damage_taken":0},{"event_name":"Addict","player_choice":"Gave JAX","floor":31,"damage_taken":0}],"boss_relics":[{"not_picked":["Tiny House","Astrolabe"],"picked":"Lizard Tail"}],"potions_floor_spawned":[1,7,18,20],"seed_played":"6907550882298378379","killed_by":"Collector","ascension_level":3,"is_trial":false}