{"gold_per_floor":[214,229,229,5,25,25,53,18,73,90,15,30,30,30],"floor_reached":14,"playtime":919,"items_purged":["Strike_G"],"score":180,"play_id":"5d06ba79-5544-42cf-b6c3-e3a7abb20e63","local_time":"20190512225839","is_ascension_mode":true,"campfire_choices":[{"data":"Deadly Poison","floor":6.0,"key":"SMITH"},{"floor":13.0,"key":"REST"}],"neow_cost":"NONE","seed_source_timestamp":1357660302156557,"circlet_count":0,"master_deck":["AscendersBane","Defend_G","Defend_G","Defend_G","Defend_G","Defend_G","Strike_G","Strike_G","Strike_G","Strike_G","Survivor","Neutralize","PiercingWail","Deadly Poison+1","Bane","Blur","PiercingWail","Backflip"],"special_seed":0,"relics":["Ring of the Snake","Happy Flower","Art of War","Lantern"],"potions_floor_usage":[14],"damage_taken":[{"damage":0.0,"enemies":"Cultist","floor":1.0,"turns":4.0},{"damage":0.0,"enemies":"Small Slimes","floor":2.0,"turns":4.0},{"damage":1.0,"enemies":"2 Louse","floor":5.0,"turns":5.0},{"damage":27.0,"enemies":"Gremlin Nob","floor":7.0,"turns":4.0},{"damage":17.0,"enemies":"Exordium Thugs","floor":10.0,"turns":8.0},{"damage":19.0,"enemies":"Gremlin Gang","floor":12.0,"turns":7.0},{"damage":23,"enemies":"3 Sentries","floor":14,"turns":10}],"seed_played":"796702973394162670","potions_obtained":[{"floor":10.0,"key":"Poison Potion"},{"floor":12.0,"key":"PowerPotion"}],"is_trial":false,"path_per_floor":["M","M","?","$","M","R","E","?","T","M","$","M","R","E"],"character_chosen":"THE_SILENT","items_purchased":["Happy Flower","Deadly Poison"],"campfire_rested":1,"item_purchase_floors":[4,4],"current_hp_per_floor":[59,59,50,50,49,49,22,38,38,21,21,2,21,0],"gold":30,"neow_bonus":"HUNDRED_GOLD","is_prod":false,"is_daily":false,"chose_seed":false,"campfire_upgraded":1,"win_rate":0,"timestamp":1557716319,"path_taken":["M","M","?","$","?","R","E","?","T","M","$","M","R","E"],"build_version":"2019-01-23","purchased_purges":1,"victory":false,"max_hp_per_floor":[66,66,66,66,66,66,66,66,66,66,66,66,66,66],"card_choices":[{"not_picked":["Poisoned Stab","Bane"],"picked":"PiercingWail","floor":1.0},{"not_picked":["Prepared","Flying Knee","Eviscerate"],"picked":"SKIP","floor":2.0},{"not_picked":["Storm of Steel","Acrobatics"],"picked":"Bane","floor":5.0},{"not_picked":["Dagger Throw","Prepared"],"picked":"Blur","floor":7.0},{"not_picked":["Underhanded Strike","Distraction"],"picked":"PiercingWail","floor":10.0},{"not_picked":["Flying Knee","Quick Slash"],"picked":"Backflip","floor":12.0}],"player_experience":950529,"relics_obtained":[{"floor":7.0,"key":"Art of War"},{"floor":9.0,"key":"Lantern"}],"event_choices":[{"damage_healed":0.0,"max_hp_gain":0.0,"max_hp_loss":0.0,"gold_gain":0.0,"event_name":"Wheel of Change","player_choice":"Damaged","floor":3.0,"gold_loss":0.0,"damage_taken":9.0},{"damage_healed":16.0,"max_hp_gain":0.0,"max_hp_loss":0.0,"gold_gain":0.0,"event_name":"The Cleric","player_choice":"Healed","floor":8.0,"gold_loss":35.0,"damage_taken":0.0}],"is_beta":false,"boss_relics":[],"items_purged_floors":[11],"is_endless":false,"potions_floor_spawned":[10,12],"killed_by":"3 Sentries","ascension_level":20}