{"gold_per_floor":[112,112,212,224,17,17,35,35,35,55,89,89,119,134,134,238,238,254,179,194,194,194,194,209,234,260,270,270,270,299,324,324,420,420,433,433,59,73,73],"floor_reached":39,"playtime":2541,"items_purged":["Strike_G"],"score":555,"play_id":"dff7bdae-2fd5-45ab-9b46-e6acc60b1cff","local_time":"20190429231452","is_ascension_mode":true,"campfire_choices":[{"data":"Slice","floor":6,"key":"SMITH"},{"data":"Deadly Poison","floor":8,"key":"SMITH"},{"data":"Noxious Fumes","floor":12,"key":"SMITH"},{"floor":15,"key":"REST"},{"data":"Envenom","floor":23,"key":"SMITH"},{"floor":28,"key":"REST"},{"floor":32,"key":"REST"}],"neow_cost":"PERCENT_DAMAGE","seed_source_timestamp":1605905665899500,"circlet_count":0,"master_deck":["Defend_G","Defend_G","Defend_G","Defend_G","Defend_G","Strike_G","Strike_G","Survivor","Neutralize","Backflip","Slice+1","Deadly Poison+1","Deadly Poison","Noxious Fumes+1","Envenom+1","Bane","Night Terror","All Out Attack+1","Backflip+1","PiercingWail","Cloak And Dagger+1","Noxious Fumes","Outmaneuver+1","Unload+1","Escape Plan","PiercingWail","Dark Shackles"],"relics":["Ring of the Snake","Turnip","TwistedFunnel","Kunai","Strawberry","Oddly Smooth Stone","Runic Pyramid","Pen Nib","Molten Egg 2","Potion Belt","Gremlin Horn","Vajra","Black Star","Happy Flower","Snake Skull"],"potions_floor_usage":[33],"damage_taken":[{"damage":0,"enemies":"Jaw Worm","floor":1,"turns":4},{"damage":0,"enemies":"Small Slimes","floor":4,"turns":5},{"damage":0,"enemies":"Cultist","floor":7,"turns":3},{"damage":0,"enemies":"Exordium Wildlife","floor":10,"turns":3},{"damage":13,"enemies":"Lagavulin","floor":11,"turns":7},{"damage":11,"enemies":"3 Sentries","floor":13,"turns":6},{"damage":0,"enemies":"3 Louse","floor":14,"turns":2},{"damage":8,"enemies":"Hexaghost","floor":16,"turns":9},{"damage":0,"enemies":"Spheric Guardian","floor":18,"turns":3},{"damage":0,"enemies":"Chosen","floor":20,"turns":4},{"damage":3,"enemies":"Snake Plant","floor":24,"turns":4},{"damage":30,"enemies":"Gremlin Leader","floor":25,"turns":6},{"damage":5,"enemies":"Snecko","floor":27,"turns":5},{"damage":29,"enemies":"Book of Stabbing","floor":30,"turns":6},{"damage":34,"enemies":"Collector","floor":33,"turns":9},{"damage":25,"enemies":"3 Darklings","floor":35,"turns":5},{"damage":0,"enemies":"3 Shapes","floor":38,"turns":1},{"damage":46,"enemies":"Sphere and 2 Shapes","floor":39,"turns":3}],"seed_played":"2030346682936267702","potions_obtained":[{"floor":1,"key":"Block Potion"},{"floor":10,"key":"Strength Potion"},{"floor":11,"key":"Block Potion"},{"floor":27,"key":"SkillPotion"},{"floor":30,"key":"SkillPotion"}],"is_trial":false,"path_per_floor":["M","?","?","M","$","R","M","R","T","M","E","R","E","M","R","B",null,"M","?","M","?","?","R","M","E","T","M","R","?","E","T","R","B",null,"M","?","$","M","M"],"character_chosen":"THE_SILENT","items_purchased":["TwistedFunnel","Snake Skull","PiercingWail","Dark Shackles"],"campfire_rested":3,"item_purchase_floors":[5,37,37,37],"current_hp_per_floor":[45,38,38,38,38,38,38,38,38,38,32,32,21,21,44,36,67,67,67,67,67,67,67,64,34,34,29,52,52,23,23,46,12,61,36,36,36,36,0],"gold":73,"neow_bonus":"ONE_RARE_RELIC","is_prod":false,"is_daily":false,"chose_seed":false,"campfire_upgraded":4,"win_rate":0,"timestamp":1556604892,"path_taken":["M","?","?","M","$","R","M","R","T","M","E","R","E","M","R","BOSS","M","?","M","?","?","R","?","E","T","M","R","?","E","?","R","BOSS","M","?","$","M","?"],"build_version":"2019-01-23","purchased_purges":1,"victory":false,"max_hp_per_floor":[70,70,70,70,70,70,70,70,70,70,77,77,77,77,77,77,77,77,77,77,77,77,77,77,77,77,77,77,77,77,77,77,77,77,77,77,77,77,77],"card_choices":[{"not_picked":["Catalyst","Blade Dance"],"picked":"Backflip","floor":1},{"not_picked":["Cloak And Dagger","Skewer"],"picked":"Slice","floor":4},{"not_picked":["Cloak And Dagger","Caltrops"],"picked":"Deadly Poison","floor":7},{"not_picked":["Bane","Choke"],"picked":"Deadly Poison","floor":10},{"not_picked":["Poisoned Stab","Dagger Spray"],"picked":"Noxious Fumes","floor":11},{"not_picked":["Slice","Escape Plan"],"picked":"Envenom","floor":13},{"not_picked":["Blade Dance","Deadly Poison"],"picked":"Bane","floor":14},{"not_picked":["Grand Finale","Tools of the Trade"],"picked":"Night Terror","floor":16},{"not_picked":["Heel Hook","Sucker Punch"],"picked":"All Out Attack+1","floor":18},{"not_picked":["Quick Slash","Deflect"],"picked":"Backflip+1","floor":20},{"not_picked":["Sucker Punch+1","Prepared+1"],"picked":"Cloak And Dagger+1","floor":24},{"not_picked":["Outmaneuver","Underhanded Strike","Setup"],"picked":"SKIP","floor":25},{"not_picked":["Storm of Steel","Cloak And Dagger"],"picked":"Noxious Fumes","floor":27},{"not_picked":["Expertise","Prepared"],"picked":"Outmaneuver+1","floor":30},{"not_picked":["Tools of the Trade","Burst"],"picked":"Unload+1","floor":33},{"not_picked":["Slice+1","Caltrops"],"picked":"Escape Plan","floor":35},{"not_picked":["Underhanded Strike+1","Sucker Punch+1","Tactician"],"picked":"SKIP","floor":38}],"player_experience":414778,"relics_obtained":[{"floor":9,"key":"Kunai"},{"floor":11,"key":"Strawberry"},{"floor":13,"key":"Oddly Smooth Stone"},{"floor":25,"key":"Molten Egg 2"},{"floor":26,"key":"Potion Belt"},{"floor":30,"key":"Gremlin Horn"},{"floor":31,"key":"Vajra"}],"event_choices":[{"cards_removed":["Strike_G"],"damage_healed":0,"gold_gain":0,"player_choice":"Card Removal","damage_taken":7,"max_hp_gain":0,"max_hp_loss":0,"event_name":"Golden Wing","floor":2,"gold_loss":0},{"damage_healed":0,"gold_gain":100,"player_choice":"Pray","damage_taken":0,"max_hp_gain":0,"max_hp_loss":0,"event_name":"Golden Shrine","floor":3,"gold_loss":0},{"cards_removed":["Strike_G"],"damage_healed":0,"gold_gain":0,"player_choice":"Gave Gold","damage_taken":0,"max_hp_gain":0,"max_hp_loss":0,"event_name":"Beggar","floor":19,"gold_loss":75},{"damage_healed":0,"gold_gain":0,"player_choice":"Read","damage_taken":0,"max_hp_gain":0,"max_hp_loss":0,"event_name":"The Library","floor":21,"gold_loss":0,"cards_obtained":["PiercingWail"]},{"damage_healed":0,"gold_gain":0,"player_choice":"Opened","damage_taken":0,"relics_obtained":["Pen Nib"],"max_hp_gain":0,"max_hp_loss":0,"event_name":"The Mausoleum","floor":22,"gold_loss":0},{"damage_healed":0,"gold_gain":0,"player_choice":"Ignored","damage_taken":0,"max_hp_gain":0,"max_hp_loss":0,"event_name":"Vampires","floor":29,"gold_loss":0},{"damage_healed":0,"gold_gain":0,"player_choice":"Gave Potion","damage_taken":0,"relics_obtained":["Happy Flower"],"max_hp_gain":0,"max_hp_loss":0,"event_name":"WeMeetAgain","floor":36,"gold_loss":0}],"is_beta":false,"boss_relics":[{"not_picked":["Busted Crown","Philosopher\u0027s Stone"],"picked":"Runic Pyramid"},{"not_picked":["Empty Cage","Fusion Hammer"],"picked":"Black Star"}],"items_purged_floors":[37],"is_endless":false,"potions_floor_spawned":[1,10,11,13,14,16,18,24,27,30],"killed_by":"Sphere and 2 Shapes","ascension_level":6}