{"gold_per_floor":[116,41,41,16,29,57,77,104,104,104,119,51,51,86,86,212,212,227,227,242,242,44,44,65,81,81,96,96,117,117,156,156,156],"floor_reached":33,"playtime":1809,"items_purged":["Strike_R"],"score":413,"play_id":"517ddf4b-5492-42d8-9498-0a7b2afedcf8","local_time":"20181013022400","is_ascension_mode":true,"campfire_choices":[{"floor":15,"key":"REST"},{"floor":23,"key":"REST"},{"floor":30,"key":"REST"},{"floor":32,"key":"REST"}],"neow_cost":"NONE","seed_source_timestamp":83692191870000,"circlet_count":0,"master_deck":["Strike_R","Strike_R","Strike_R","Strike_R","Defend_R","Defend_R","Defend_R","Defend_R","Bash","Pummel","Body Slam","Perfected Strike","Shrug It Off","Armaments+1","Cleave","Injury","Flex+1","Offering+1","J.A.X.+1","Entrench+1","Mayhem+1","Heavy Blade","Inflame+1","Dropkick","RitualDagger","Double Tap+1","Body Slam"],"relics":["Black Blood","NeowsBlessing","Mercury Hourglass","Toxic Egg 2","Frozen Egg 2","Mango","Golden Idol","Blood Vial","Champion Belt","Meat on the Bone"],"potions_floor_usage":[16,16,24,27,29],"damage_taken":[{"damage":0,"enemies":"Cultist","floor":1,"turns":1},{"damage":0,"enemies":"2 Louse","floor":5,"turns":1},{"damage":0,"enemies":"Gremlin Nob","floor":6,"turns":1},{"damage":0,"enemies":"Small Slimes","floor":7,"turns":2},{"damage":52,"enemies":"Lagavulin","floor":8,"turns":8},{"damage":5,"enemies":"Blue Slaver","floor":11,"turns":4},{"damage":22,"enemies":"3 Sentries","floor":14,"turns":6},{"damage":63,"enemies":"Hexaghost","floor":16,"turns":13},{"damage":8,"enemies":"3 Byrds","floor":18,"turns":4},{"damage":35,"enemies":"Shell Parasite","floor":20,"turns":7},{"damage":15,"enemies":"Chosen and Byrds","floor":24,"turns":6},{"damage":31,"enemies":"Sentry and Sphere","floor":25,"turns":4},{"damage":12,"enemies":"3 Cultists","floor":27,"turns":4},{"damage":37,"enemies":"Snake Plant","floor":29,"turns":4},{"damage":40,"enemies":"Gremlin Leader","floor":31,"turns":7},{"damage":94,"enemies":"Automaton","floor":33,"turns":8}],"seed_played":"4197416774019397112","potions_obtained":[{"floor":6,"key":"FairyPotion"},{"floor":7,"key":"BloodPotion"},{"floor":11,"key":"Ancient Potion"},{"floor":14,"key":"EssenceOfSteel"},{"floor":18,"key":"Block Potion"},{"floor":24,"key":"SteroidPotion"},{"floor":27,"key":"Fruit Juice"}],"is_trial":false,"path_per_floor":["M","$","?","$","M","E","M","E","T","?","M","?","?","E","R","B",null,"M","?","M","?","$","R","M","M","T","M","?","M","R","E","R"],"character_chosen":"IRONCLAD","items_purchased":["Body Slam","Mayhem+1"],"campfire_rested":4,"item_purchase_floors":[4,22],"current_hp_per_floor":[80,80,80,80,80,80,80,34,34,34,35,49,49,33,61,15,74,78,78,55,60,60,88,85,66,66,71,65,40,69,41,70,0],"gold":156,"neow_bonus":"THREE_ENEMY_KILL","is_prod":false,"is_daily":false,"chose_seed":false,"campfire_upgraded":0,"win_rate":0,"timestamp":1539390240,"path_taken":["M","?","?","$","M","E","M","E","T","?","?","?","?","E","R","BOSS","M","?","M","?","?","R","?","M","T","M","?","M","R","E","R","BOSS"],"build_version":"2018-10-11","purchased_purges":1,"victory":false,"max_hp_per_floor":[80,80,80,80,80,80,80,80,80,80,80,94,94,94,94,94,94,94,94,94,94,94,94,94,94,94,99,99,99,99,99,99,99],"card_choices":[{"not_picked":["Clash","Anger"],"picked":"Pummel","floor":1},{"not_picked":["Burning Pact","Disarm","Clothesline"],"picked":"SKIP","floor":5},{"not_picked":["Iron Wave","Clash"],"picked":"Perfected Strike","floor":6},{"not_picked":["Reckless Charge","Headbutt"],"picked":"Shrug It Off","floor":7},{"not_picked":["Dropkick","Anger"],"picked":"Armaments","floor":8},{"not_picked":["Pommel Strike","Sword Boomerang"],"picked":"Cleave","floor":11},{"not_picked":["Bludgeon","Thunderclap"],"picked":"Flex+1","floor":14},{"not_picked":["Fiend Fire","Brutality+1"],"picked":"Offering+1","floor":16},{"not_picked":["Shrug It Off+1","Clothesline"],"picked":"Armaments+1","floor":18},{"not_picked":["Cleave","Flex+1"],"picked":"Entrench+1","floor":20},{"not_picked":["Twin Strike","Cleave"],"picked":"Heavy Blade","floor":24},{"not_picked":["Perfected Strike","Iron Wave+1"],"picked":"Inflame+1","floor":25},{"not_picked":["Corruption+1","Shockwave+1"],"picked":"Dropkick","floor":27},{"not_picked":["Heavy Blade","Rampage"],"picked":"Double Tap+1","floor":29},{"not_picked":["Power Through+1","Armaments+1"],"picked":"Body Slam","floor":31}],"player_experience":689991,"relics_obtained":[{"floor":6,"key":"Mercury Hourglass"},{"floor":8,"key":"Toxic Egg 2"},{"floor":9,"key":"Frozen Egg 2"},{"floor":14,"key":"Blood Vial"},{"floor":26,"key":"Champion Belt"},{"floor":31,"key":"Meat on the Bone"}],"event_choices":[{"event_name":"The Cleric","player_choice":"Leave","floor":3,"damage_taken":0},{"event_name":"Golden Wing","player_choice":"Ignored","floor":10,"damage_taken":0},{"event_name":"WeMeetAgain","player_choice":"Gold","floor":12,"damage_taken":0},{"event_name":"Golden Idol","player_choice":"Take Wound","floor":13,"damage_taken":0},{"event_name":"Drug Dealer","player_choice":"Got JAX","floor":19,"damage_taken":0},{"event_name":"Bonfire Elementals","player_choice":"COMMON","floor":21,"damage_taken":0},{"event_name":"Nest","player_choice":"Joined the Cult","floor":28,"damage_taken":0}],"is_beta":false,"boss_relics":[{"not_picked":["Busted Crown","Runic Cube"],"picked":"Black Blood"}],"items_purged_floors":[2],"is_endless":false,"potions_floor_spawned":[6,7,11,14,18,24,27],"killed_by":"Automaton","ascension_level":5}