{"gold_per_floor":[117,292,306,381,381,381,394,394,448,471,490,515,103,115,115,218,218,228,228,228,228,239,239,256,256],"floor_reached":25,"playtime":1286,"items_purged":["Strike_B"],"score":201,"play_id":"8c9cc3dd-a1cb-46a7-aeaf-252060ef3e7e","local_time":"20190223222232","is_ascension_mode":false,"campfire_choices":[{"data":"Redo","floor":6,"key":"SMITH"},{"data":"Cold Snap","floor":8,"key":"SMITH"},{"floor":15,"key":"REST"},{"floor":23,"key":"REST"}],"neow_cost":"NONE","seed_source_timestamp":222349464993300,"circlet_count":0,"master_deck":["Strike_B","Strike_B","Defend_B","Defend_B","Defend_B","Defend_B","Zap","Dualcast","Redo+1","Ball Lightning+1","Cold Snap+1","White Noise","Stack","Sunder","Cold Snap","Conserve Battery","Electrodynamics","Hologram+1","Capacitor","Steam Power","Self Repair+1"],"relics":["Cracked Core","Omamori","Tiny Chest","Pen Nib","Ornamental Fan","Fusion Hammer","Darkstone Periapt"],"potions_floor_usage":[14,25,25],"damage_taken":[{"damage":8,"enemies":"2 Louse","floor":1,"turns":2},{"damage":0,"enemies":"Small Slimes","floor":3,"turns":3},{"damage":6,"enemies":"Jaw Worm","floor":7,"turns":2},{"damage":8,"enemies":"3 Louse","floor":11,"turns":3},{"damage":27,"enemies":"Lagavulin","floor":12,"turns":5},{"damage":0,"enemies":"Gremlin Gang","floor":14,"turns":3},{"damage":14,"enemies":"The Guardian","floor":16,"turns":13},{"damage":13,"enemies":"2 Thieves","floor":18,"turns":4},{"damage":21,"enemies":"Shell Parasite","floor":22,"turns":5},{"damage":27,"enemies":"Snake Plant","floor":24,"turns":4},{"damage":43,"enemies":"Slavers","floor":25,"turns":3}],"seed_played":"4492126977454522872","potions_obtained":[{"floor":7,"key":"Energy Potion"},{"floor":11,"key":"Energy Potion"},{"floor":14,"key":"LiquidBronze"},{"floor":18,"key":"FearPotion"}],"is_trial":false,"path_per_floor":["M","?","M","?","?","R","M","R","T","T","M","E","$","M","R","B",null,"M","?","T","?","M","R","M","E"],"character_chosen":"DEFECT","items_purchased":["Sunder","Cold Snap","Ornamental Fan"],"campfire_rested":2,"item_purchase_floors":[13,13,13],"current_hp_per_floor":[67,67,67,56,56,56,50,50,50,50,42,15,15,15,37,23,75,62,62,62,62,41,63,36,0],"gold":256,"neow_bonus":"RANDOM_COMMON_RELIC","is_prod":false,"is_daily":false,"chose_seed":false,"campfire_upgraded":2,"win_rate":0,"timestamp":1550989352,"path_taken":["M","?","M","?","?","R","M","R","T","?","M","E","$","M","R","BOSS","M","?","?","?","?","R","M","E"],"build_version":"2019-01-23","purchased_purges":1,"victory":false,"max_hp_per_floor":[75,75,75,75,75,75,75,75,75,75,75,75,75,75,75,75,75,75,75,75,75,75,75,75,75],"card_choices":[{"not_picked":["Compile Driver","Heatsinks"],"picked":"Redo","floor":1},{"not_picked":["Doom and Gloom","Hologram"],"picked":"Ball Lightning","floor":3},{"not_picked":["Hologram","Gash"],"picked":"Cold Snap","floor":7},{"not_picked":["Gash","Rebound"],"picked":"White Noise","floor":11},{"not_picked":["Rebound","Auto Shields"],"picked":"Stack","floor":12},{"not_picked":["Beam Cell","Go for the Eyes"],"picked":"Conserve Battery","floor":14},{"not_picked":["Seek","Meteor Strike"],"picked":"Electrodynamics","floor":16},{"not_picked":["Lockon","Cold Snap"],"picked":"Hologram+1","floor":18},{"not_picked":["Sweeping Beam","Compile Driver","Leap"],"picked":"SKIP","floor":22},{"not_picked":["Gash","Leap"],"picked":"Self Repair+1","floor":24}],"player_experience":223382,"relics_obtained":[{"floor":9,"key":"Tiny Chest"},{"floor":12,"key":"Pen Nib"},{"floor":20,"key":"Darkstone Periapt"}],"event_choices":[{"damage_healed":0,"gold_gain":175,"player_choice":"AGREE","damage_taken":0,"max_hp_gain":0,"max_hp_loss":0,"event_name":"Liars Game","floor":2,"gold_loss":0,"cards_obtained":["Doubt"]},{"damage_healed":0,"gold_gain":75,"player_choice":"Gather Gold","damage_taken":11,"max_hp_gain":0,"max_hp_loss":0,"event_name":"World of Goop","floor":4,"gold_loss":0},{"damage_healed":0,"gold_gain":0,"player_choice":"Grow","damage_taken":0,"max_hp_gain":0,"max_hp_loss":0,"event_name":"Living Wall","floor":5,"gold_loss":0,"cards_upgraded":["Ball Lightning"]},{"damage_healed":0,"gold_gain":0,"player_choice":"Read","damage_taken":0,"max_hp_gain":0,"max_hp_loss":0,"event_name":"The Library","floor":19,"gold_loss":0,"cards_obtained":["Capacitor"]},{"damage_healed":0,"gold_gain":0,"cards_transformed":["Strike_B"],"player_choice":"Transformed","damage_taken":0,"max_hp_gain":0,"max_hp_loss":0,"event_name":"Transmorgrifier","floor":21,"gold_loss":0,"cards_obtained":["Steam Power"]}],"is_beta":false,"boss_relics":[{"not_picked":["Ectoplasm","Busted Crown"],"picked":"Fusion Hammer"}],"items_purged_floors":[13],"is_endless":false,"potions_floor_spawned":[7,11,14,18],"killed_by":"Slavers","ascension_level":0}