{"gold_per_floor":[20,20,40,40,40,50,50,67,67,79,79,179,194,214,214,287,287,298,64,82,0,17,17,17],"floor_reached":24,"playtime":780,"items_purged":["Decay"],"score":339,"play_id":"eeb6ea87-6b29-43fa-8f98-6a198f123afe","local_time":"20190407211420","is_ascension_mode":true,"campfire_choices":[{"data":"Bash","floor":7,"key":"SMITH"},{"floor":15,"key":"REST"},{"floor":23,"key":"REST"}],"neow_cost":"NO_GOLD","seed_source_timestamp":105663570745500,"circlet_count":0,"master_deck":["AscendersBane","Strike_R","Strike_R","Strike_R","Strike_R","Defend_R","Defend_R","Defend_R","Bash+1","Clash","Cleave","Uppercut+1","Pommel Strike+1","Pommel Strike","Demon Form","Demon Form","Parasite","Normality","Heavy Blade","True Grit+1"],"relics":["Burning Blood","Whetstone","Dodecahedron","Calling Bell","Dream Catcher","Mercury Hourglass","Mango","Membership Card"],"potions_floor_usage":[5,20,22],"damage_taken":[{"damage":11,"enemies":"2 Louse","floor":1,"turns":4},{"damage":9,"enemies":"Jaw Worm","floor":3,"turns":3},{"damage":0,"enemies":"Small Slimes","floor":6,"turns":2},{"damage":8,"enemies":"Red Slaver","floor":8,"turns":3},{"damage":7,"enemies":"Blue Slaver","floor":10,"turns":3},{"damage":7,"enemies":"Looter","floor":13,"turns":3},{"damage":16,"enemies":"Gremlin Gang","floor":14,"turns":4},{"damage":71,"enemies":"The Guardian","floor":16,"turns":10},{"damage":61,"enemies":"Spheric Guardian","floor":18,"turns":6},{"damage":12,"enemies":"Chosen","floor":20,"turns":4},{"damage":39,"enemies":"Snecko","floor":22,"turns":6},{"damage":57,"enemies":"Centurion and Healer","floor":24,"turns":7}],"seed_played":"-3984498135659890716","potions_obtained":[{"floor":5,"key":"Fruit Juice"},{"floor":5,"key":"FairyPotion"},{"floor":5,"key":"BloodPotion"},{"floor":20,"key":"Block Potion"}],"is_trial":false,"path_per_floor":["M","?","M","$","?","M","R","M","T","M","?","?","M","M","R","B",null,"M","$","M","?","M","R","M"],"character_chosen":"IRONCLAD","items_purchased":["Membership Card"],"campfire_rested":2,"item_purchase_floors":[19],"current_hp_per_floor":[67,67,64,64,69,75,75,73,73,72,65,65,64,54,79,14,81,26,26,29,29,15,44,0],"gold":17,"neow_bonus":"REMOVE_TWO","is_prod":false,"is_daily":false,"chose_seed":false,"campfire_upgraded":1,"win_rate":0,"timestamp":1554664460,"path_taken":["M","?","M","?","?","M","R","?","T","M","?","?","?","M","R","BOSS","M","$","M","?","M","R","M"],"build_version":"2019-01-23","purchased_purges":1,"victory":false,"max_hp_per_floor":[80,80,80,80,85,85,85,85,85,85,85,85,85,85,85,85,99,99,99,99,99,99,99,99],"card_choices":[{"not_picked":["Warcry","Heavy Blade"],"picked":"Clash","floor":1},{"not_picked":["Ghostly Armor","Wild Strike"],"picked":"Cleave","floor":3},{"not_picked":["Havoc","Armaments"],"picked":"Uppercut","floor":6},{"not_picked":["Disarm","Sentinel"],"picked":"Pommel Strike","floor":8},{"not_picked":["Sword Boomerang","Shrug It Off","Iron Wave"],"picked":"SKIP","floor":10},{"not_picked":["Wild Strike","Bloodletting"],"picked":"Pommel Strike","floor":13},{"not_picked":["Pommel Strike","Battle Trance"],"picked":"Demon Form","floor":14},{"not_picked":["Impervious","Offering"],"picked":"Demon Form","floor":16},{"not_picked":["Shockwave","Flex","Wild Strike"],"picked":"SKIP","floor":18},{"not_picked":["Inflame","Sword Boomerang"],"picked":"Heavy Blade","floor":20},{"not_picked":["Combust","Ghostly Armor+1","Havoc"],"picked":"SKIP","floor":22},{"not_picked":["Wild Strike","Body Slam"],"picked":"True Grit+1","floor":23}],"player_experience":1617743,"relics_obtained":[{"floor":9,"key":"Whetstone"},{"floor":17,"key":"Dream Catcher"},{"floor":17,"key":"Mercury Hourglass"},{"floor":17,"key":"Mango"}],"event_choices":[{"damage_healed":0,"gold_gain":0,"player_choice":"Leave","damage_taken":0,"max_hp_gain":0,"max_hp_loss":0,"event_name":"The Cleric","floor":2,"gold_loss":0},{"damage_healed":0,"gold_gain":0,"player_choice":"Got Potions","damage_taken":0,"max_hp_gain":0,"max_hp_loss":0,"event_name":"Lab","floor":5,"gold_loss":0},{"damage_healed":0,"gold_gain":0,"player_choice":"Success","damage_taken":7,"relics_obtained":["Dodecahedron"],"max_hp_gain":0,"max_hp_loss":0,"event_name":"Scrap Ooze","floor":11,"gold_loss":0},{"damage_healed":0,"gold_gain":100,"player_choice":"Gold","damage_taken":0,"max_hp_gain":0,"max_hp_loss":0,"event_name":"Wheel of Change","floor":12,"gold_loss":0},{"damage_healed":0,"gold_gain":0,"player_choice":"Paid Fearfully","damage_taken":0,"max_hp_gain":0,"max_hp_loss":0,"event_name":"Masked Bandits","floor":21,"gold_loss":82}],"is_beta":false,"boss_relics":[{"not_picked":["Cursed Key","Runic Cube"],"picked":"Calling Bell"}],"items_purged_floors":[19],"is_endless":false,"potions_floor_spawned":[8,14,16,20],"killed_by":"Centurion and Healer","ascension_level":13}