{"gold_per_floor":[116,116,133,57,72,99,99,174,198,226,279,295,309,327,327,428,428,438,212,227,227,243,243,273,284,284,185,202,230,230,241,241,342,342,352,363,373,373,389,389,423,423,423,452,452,469,469,443,443,443],"floor_reached":51,"playtime":8042,"items_purged":[],"score":847,"play_id":"25bd4090-0980-4b2d-bb86-1283cb5b5056","local_time":"20181123112633","is_ascension_mode":true,"campfire_choices":[{"data":"Inflame","floor":7,"key":"SMITH"},{"floor":15,"key":"REST"},{"floor":30,"key":"REST"},{"floor":32,"key":"REST"},{"floor":40,"key":"REST"},{"floor":45,"key":"REST"},{"floor":47,"key":"REST"},{"floor":49,"key":"REST"}],"neow_cost":"NONE","seed_source_timestamp":31498547515513,"circlet_count":0,"master_deck":["Strike_R+1","Strike_R+1","Strike_R+1","Strike_R+1","Strike_R+1","Defend_R+1","Defend_R+1","Defend_R+1","Defend_R+1","Bash","Flex","Cleave","Inflame+1","Shrug It Off","Hemokinesis","Shrug It Off","Twin Strike","Spot Weakness","Twin Strike","Demon Form","Headbutt","Warcry","Uppercut","Thunderclap","Enlightenment","Ghostly Armor","Fire Breathing","Perfected Strike+1","Heavy Blade+1","Perfected Strike+1","Carnage+1","Bludgeon+1","Combust+1","Shrug It Off+1","Thunderclap+1","Sword Boomerang+1","Headbutt+1"],"relics":["Busted Crown","Orichalcum","Happy Flower","Mango","Fusion Hammer","Molten Egg 2","Bottled Tornado","Self Forming Clay","Dodecahedron","Black Star","Mercury Hourglass","Pear","Regal Pillow","Kunai","Shuriken"],"potions_floor_usage":[10,13,14,29,33,41,44,46],"damage_taken":[{"damage":1,"enemies":"Jaw Worm","floor":1,"turns":3},{"damage":0,"enemies":"2 Louse","floor":3,"turns":2},{"damage":0,"enemies":"Cultist","floor":5,"turns":2},{"damage":13,"enemies":"Gremlin Nob","floor":6,"turns":4},{"damage":11,"enemies":"Lagavulin","floor":10,"turns":4},{"damage":6,"enemies":"Exordium Wildlife","floor":12,"turns":3},{"damage":0,"enemies":"Gremlin Gang","floor":13,"turns":3},{"damage":0,"enemies":"Red Slaver","floor":14,"turns":1},{"damage":23,"enemies":"Slime Boss","floor":16,"turns":7},{"damage":3,"enemies":"Chosen","floor":18,"turns":3},{"damage":7,"enemies":"Shell Parasite","floor":20,"turns":3},{"damage":20,"enemies":"Cultist and Chosen","floor":22,"turns":5},{"damage":11,"enemies":"Book of Stabbing","floor":24,"turns":4},{"damage":22,"enemies":"Shelled Parasite and Fungi","floor":25,"turns":4},{"damage":9,"enemies":"Centurion and Healer","floor":28,"turns":2},{"damage":0,"enemies":"Gremlin Leader","floor":29,"turns":4},{"damage":0,"enemies":"Snake Plant","floor":31,"turns":2},{"damage":29,"enemies":"Collector","floor":33,"turns":5},{"damage":7,"enemies":"Orb Walker","floor":35,"turns":3},{"damage":16,"enemies":"3 Darklings","floor":36,"turns":4},{"damage":45,"enemies":"Writhing Mass","floor":37,"turns":4},{"damage":10,"enemies":"Spire Growth","floor":39,"turns":4},{"damage":18,"enemies":"Reptomancer","floor":41,"turns":4},{"damage":29,"enemies":"Giant Head","floor":44,"turns":6},{"damage":18,"enemies":"Transient","floor":46,"turns":5},{"damage":55,"enemies":"Donu and Deca","floor":50,"turns":6}],"seed_played":"-1083979225039692896","potions_obtained":[{"floor":5,"key":"Poison Potion"},{"floor":10,"key":"Swift Potion"},{"floor":13,"key":"AttackPotion"},{"floor":14,"key":"SpeedPotion"},{"floor":16,"key":"Explosive Potion"},{"floor":22,"key":"FairyPotion"},{"floor":24,"key":"PowerPotion"},{"floor":31,"key":"FearPotion"},{"floor":39,"key":"Poison Potion"},{"floor":44,"key":"EssenceOfSteel"}],"is_trial":false,"path_per_floor":["M","$","M","$","M","E","R","?","T","E","?","M","M","M","R","B",null,"M","$","M","?","M","?","E","M","T","$","M","E","R","M","R","B",null,"M","M","M","$","M","R","E","?","T","E","R","M","R","$","R","B",null],"character_chosen":"IRONCLAD","items_purchased":["Inflame","Warcry","Uppercut","Thunderclap","Enlightenment","Heavy Blade+1","Perfected Strike+1","Headbutt+1"],"campfire_rested":7,"item_purchase_floors":[4,19,19,19,19,27,27,48],"current_hp_per_floor":[79,79,79,79,79,66,66,55,55,58,58,52,52,52,80,57,94,91,91,84,84,64,64,53,31,31,31,22,22,50,50,78,49,94,87,71,26,26,16,44,36,36,36,7,53,35,81,81,104,49],"gold":443,"neow_bonus":"BOSS_RELIC","is_prod":false,"is_daily":false,"chose_seed":false,"campfire_upgraded":1,"win_rate":0,"timestamp":1542939993,"path_taken":["M","$","M","$","M","E","R","?","T","E","?","M","?","M","R","BOSS","M","$","M","?","?","?","E","M","T","?","M","E","R","M","R","BOSS","M","?","M","?","M","R","E","?","T","E","R","M","R","$","R","BOSS"],"build_version":"2018-11-15","purchased_purges":0,"victory":true,"max_hp_per_floor":[80,80,80,80,80,80,80,80,80,94,94,94,94,94,94,94,94,94,94,94,94,94,94,94,94,94,94,94,94,94,94,94,94,94,94,94,94,94,94,94,104,104,104,104,104,104,104,104,104,104],"card_choices":[{"not_picked":[],"picked":"Flex","floor":1},{"not_picked":[],"picked":"Cleave","floor":3},{"not_picked":[],"picked":"Shrug It Off","floor":5},{"not_picked":[],"picked":"Hemokinesis","floor":6},{"not_picked":[],"picked":"Shrug It Off","floor":10},{"not_picked":[],"picked":"Twin Strike","floor":12},{"not_picked":[],"picked":"Spot Weakness","floor":13},{"not_picked":[],"picked":"Twin Strike","floor":14},{"not_picked":[],"picked":"Demon Form","floor":16},{"not_picked":[],"picked":"Headbutt","floor":18},{"not_picked":[],"picked":"Ghostly Armor","floor":20},{"not_picked":[],"picked":"Fire Breathing","floor":22},{"not_picked":["True Grit"],"picked":"SKIP","floor":24},{"not_picked":[],"picked":"Perfected Strike+1","floor":25},{"not_picked":["Clothesline+1"],"picked":"SKIP","floor":28},{"not_picked":["Sever Soul+1"],"picked":"SKIP","floor":29},{"not_picked":[],"picked":"Carnage+1","floor":31},{"not_picked":[],"picked":"Bludgeon+1","floor":33},{"not_picked":[],"picked":"Combust+1","floor":35},{"not_picked":["Clash+1"],"picked":"SKIP","floor":36},{"not_picked":[],"picked":"Shrug It Off+1","floor":37},{"not_picked":[],"picked":"Thunderclap+1","floor":39},{"not_picked":["Body Slam+1"],"picked":"SKIP","floor":41},{"not_picked":[],"picked":"Sword Boomerang+1","floor":44},{"not_picked":["Juggernaut"],"picked":"SKIP","floor":46}],"player_experience":8833,"relics_obtained":[{"floor":6,"key":"Orichalcum"},{"floor":9,"key":"Happy Flower"},{"floor":10,"key":"Mango"},{"floor":24,"key":"Bottled Tornado"},{"floor":26,"key":"Self Forming Clay"},{"floor":29,"key":"Dodecahedron"},{"floor":41,"key":"Mercury Hourglass"},{"floor":41,"key":"Pear"},{"floor":43,"key":"Regal Pillow"},{"floor":44,"key":"Kunai"},{"floor":44,"key":"Shuriken"}],"event_choices":[{"damage_healed":0,"gold_gain":75,"player_choice":"Gather Gold","damage_taken":11,"max_hp_gain":0,"max_hp_loss":0,"event_name":"World of Goop","floor":8,"gold_loss":0},{"damage_healed":0,"gold_gain":53,"player_choice":"Gained Gold","damage_taken":0,"max_hp_gain":0,"max_hp_loss":0,"event_name":"Golden Wing","floor":11,"gold_loss":0},{"damage_healed":0,"gold_gain":0,"player_choice":"Gave Potion","damage_taken":0,"relics_obtained":["Molten Egg 2"],"max_hp_gain":0,"max_hp_loss":0,"event_name":"WeMeetAgain","floor":21,"gold_loss":0},{"damage_healed":0,"gold_gain":0,"player_choice":"Simplicity","damage_taken":0,"max_hp_gain":0,"max_hp_loss":0,"event_name":"Back to Basics","floor":23,"gold_loss":0,"cards_upgraded":["Strike_R","Strike_R","Strike_R","Strike_R","Strike_R","Defend_R","Defend_R","Defend_R","Defend_R"]},{"damage_healed":0,"gold_gain":0,"player_choice":"Memory 1","damage_taken":0,"max_hp_gain":0,"max_hp_loss":0,"event_name":"SensoryStone","floor":42,"gold_loss":0}],"is_beta":false,"boss_relics":[{"not_picked":["Mark of Pain","Orrery"],"picked":"Fusion Hammer"},{"not_picked":["Lizard Tail","Coffee Dripper"],"picked":"Black Star"}],"items_purged_floors":[],"is_endless":false,"potions_floor_spawned":[5,10,13,14,16,22,24,31,39,44],"ascension_level":1}