{"gold_per_floor":[117,8,8,24,24,56,68,80,92,131,201,57,57],"floor_reached":13,"playtime":563,"items_purged":["Regret"],"score":165,"play_id":"6aaf85a9-dcc3-46b6-94a5-26284bf828da","local_time":"20190125222742","is_ascension_mode":true,"campfire_choices":[{"data":"Enlightenment","floor":8,"key":"SMITH"}],"neow_cost":"NONE","seed_source_timestamp":189923212721700,"circlet_count":0,"master_deck":["Defend_G","Defend_G","Defend_G","Defend_G","Defend_G","Strike_G","Strike_G","Strike_G","Strike_G","Strike_G","Survivor","Neutralize","Blade Dance","Poisoned Stab","Enlightenment+1","Cloak And Dagger","Envenom","Caltrops","Backflip","Infinite Blades"],"relics":["Ring of the Snake","NeowsBlessing","MawBank","Du-Vu Doll","Thread and Needle","Happy Flower","Letter Opener"],"potions_floor_usage":[],"damage_taken":[{"damage":0,"enemies":"Small Slimes","floor":1,"turns":1},{"damage":0,"enemies":"Jaw Worm","floor":4,"turns":1},{"damage":0,"enemies":"Lagavulin","floor":6,"turns":1},{"damage":25,"enemies":"Gremlin Nob","floor":10,"turns":5},{"damage":26,"enemies":"3 Sentries","floor":11,"turns":10},{"damage":19,"enemies":"3 Sentries","floor":13,"turns":6}],"seed_played":"-2544799483758434747","potions_obtained":[{"floor":10,"key":"SteroidPotion"}],"is_trial":false,"path_per_floor":["M","$","?","M","$","E","?","R","T","E","?","$","E"],"character_chosen":"THE_SILENT","items_purchased":["Poisoned Stab","Enlightenment","Infinite Blades"],"campfire_rested":0,"item_purchase_floors":[2,2,12],"current_hp_per_floor":[63,63,63,63,63,63,63,63,63,38,12,12,0],"gold":57,"neow_bonus":"THREE_ENEMY_KILL","is_prod":false,"is_daily":false,"chose_seed":false,"campfire_upgraded":1,"win_rate":0,"timestamp":1548451662,"path_taken":["M","$","?","M","$","E","?","R","T","E","?","?","E"],"build_version":"2019-01-23","purchased_purges":1,"victory":false,"max_hp_per_floor":[70,70,70,70,70,70,70,70,70,70,70,70,70],"card_choices":[{"not_picked":["Endless Agony","Dagger Throw"],"picked":"Blade Dance","floor":1},{"not_picked":["Dagger Throw","Sucker Punch"],"picked":"Cloak And Dagger","floor":4},{"not_picked":["Bane","Backflip"],"picked":"Envenom","floor":6},{"not_picked":["Prepared","Eviscerate"],"picked":"Caltrops","floor":10},{"not_picked":["Dagger Throw","Tactician"],"picked":"Backflip","floor":11}],"player_experience":1294460,"relics_obtained":[{"floor":6,"key":"MawBank"},{"floor":9,"key":"Thread and Needle"},{"floor":10,"key":"Happy Flower"},{"floor":11,"key":"Letter Opener"}],"event_choices":[{"damage_healed":0,"gold_gain":0,"player_choice":"Leave","damage_taken":0,"max_hp_gain":0,"max_hp_loss":0,"event_name":"The Cleric","floor":3,"gold_loss":0},{"damage_healed":0,"gold_gain":0,"player_choice":"Box","damage_taken":0,"relics_obtained":["Du-Vu Doll"],"max_hp_gain":0,"max_hp_loss":0,"event_name":"Big Fish","floor":7,"gold_loss":0,"cards_obtained":["Regret"]},{"damage_healed":0,"gold_gain":0,"player_choice":"Searched \u00271\u0027 times","damage_taken":0,"max_hp_gain":0,"max_hp_loss":0,"event_name":"Dead Adventurer","floor":11,"gold_loss":0}],"is_beta":false,"boss_relics":[],"items_purged_floors":[12],"is_endless":false,"potions_floor_spawned":[10],"killed_by":"3 Sentries","ascension_level":9}