{"gold_per_floor":[360,360,63,77,91,120,120,39,39,68,81,81,116,130,130,232,232,244,42,60,60,0,27,3,3,26,26,26,54,65,99,99,202,202,212,229,242,255,57,57,57,57,57,57,57,72,72,72,72,72],"floor_reached":51,"playtime":2259,"items_purged":["Regret","Normality"],"score":1154,"play_id":"37a4b570-ecee-481e-8e9e-c39cd6bd507f","local_time":"20190314140250","is_ascension_mode":true,"campfire_choices":[{"floor":7,"key":"REST"},{"data":"Apotheosis","floor":12,"key":"SMITH"},{"data":"Seeing Red","floor":15,"key":"SMITH"},{"floor":25,"key":"REST"},{"floor":27,"key":"REST"},{"floor":32,"key":"REST"},{"floor":40,"key":"REST"},{"floor":45,"key":"DIG"},{"floor":47,"key":"DIG"},{"floor":49,"key":"REST"}],"neow_cost":"CURSE","seed_source_timestamp":68847812805900,"circlet_count":0,"master_deck":["AscendersBane","Strike_R","Strike_R","Strike_R","Strike_R","Defend_R","Defend_R","Defend_R","Defend_R","Bash","Headbutt","Apotheosis+1","Rage","Headbutt","Blood for Blood","Impatience","Limit Break","Seeing Red+1","Pommel Strike","Flame Barrier","Immolate","Flex","Pommel Strike","Limit Break","Creative AI","Double Energy+1","Expertise","Transmutation","Shame","Blade Dance+1","Flex","Swift Strike","Madness","Madness","Dash+1","Acrobatics+1"],"relics":["Burning Blood","CultistMask","Meat on the Bone","Bottled Lightning","Bronze Scales","Shuriken","Fusion Hammer","PrismaticShard","Pocketwatch","Oddly Smooth Stone","Matryoshka","Dead Branch","Calling Bell","Happy Flower","Gremlin Horn","Shovel","Dream Catcher","Darkstone Periapt","The Courier","Juzu Bracelet"],"potions_floor_usage":[13,16,18,38,50],"damage_taken":[{"damage":19,"enemies":"Jaw Worm","floor":1,"turns":4},{"damage":0,"enemies":"Cultist","floor":4,"turns":3},{"damage":6,"enemies":"2 Louse","floor":5,"turns":4},{"damage":32,"enemies":"Gremlin Nob","floor":6,"turns":4},{"damage":32,"enemies":"Lagavulin","floor":10,"turns":6},{"damage":13,"enemies":"Blue Slaver","floor":11,"turns":4},{"damage":10,"enemies":"Gremlin Nob","floor":13,"turns":3},{"damage":18,"enemies":"Large Slime","floor":14,"turns":3},{"damage":19,"enemies":"Hexaghost","floor":16,"turns":6},{"damage":13,"enemies":"3 Byrds","floor":18,"turns":3},{"damage":25,"enemies":"2 Thieves","floor":20,"turns":4},{"damage":44,"enemies":"Slavers","floor":23,"turns":3},{"damage":15,"enemies":"Gremlin Leader","floor":29,"turns":6},{"damage":11,"enemies":"Sentry and Sphere","floor":30,"turns":3},{"damage":20,"enemies":"Slavers","floor":31,"turns":3},{"damage":28,"enemies":"Collector","floor":33,"turns":6},{"damage":58,"enemies":"3 Darklings","floor":35,"turns":4},{"damage":17,"enemies":"Orb Walker","floor":36,"turns":3},{"damage":5,"enemies":"4 Shapes","floor":37,"turns":2},{"damage":36,"enemies":"Transient","floor":38,"turns":5},{"damage":9,"enemies":"3 Darklings","floor":46,"turns":5},{"damage":48,"enemies":"Donu and Deca","floor":50,"turns":5}],"seed_played":"4471088885163745357","potions_obtained":[{"floor":10,"key":"SteroidPotion"},{"floor":11,"key":"PowerPotion"},{"floor":13,"key":"GamblersBrew"},{"floor":16,"key":"Regen Potion"},{"floor":18,"key":"BloodPotion"}],"is_trial":false,"path_per_floor":["M","?","$","M","M","E","R","$","T","E","M","R","E","M","R","B",null,"M","$","M","?","?","E","$","R","T","R","?","E","M","E","R","B",null,"M","M","M","M","$","R","?","?","T","?","R","M","R","?","R","B",null],"character_chosen":"IRONCLAD","items_purchased":["Apotheosis","Rage","Impatience","PrismaticShard","Pommel Strike","Swift Strike"],"campfire_rested":6,"item_purchase_floors":[3,3,8,19,24,39],"current_hp_per_floor":[59,59,59,65,65,39,63,63,63,49,54,54,50,50,50,49,72,65,65,58,58,58,32,32,56,56,80,80,71,66,52,76,54,74,34,35,48,44,44,68,68,58,58,58,58,55,55,55,79,57],"gold":72,"neow_bonus":"TWO_FIFTY_GOLD","is_prod":false,"is_daily":false,"chose_seed":false,"campfire_upgraded":2,"win_rate":0,"timestamp":1552568570,"path_taken":["M","?","$","?","M","E","R","$","T","E","M","R","E","M","R","BOSS","M","$","?","?","?","E","?","R","T","R","?","E","?","E","R","BOSS","M","M","M","M","$","R","?","?","T","?","R","M","R","?","R","BOSS"],"build_version":"2019-01-23","purchased_purges":2,"victory":true,"max_hp_per_floor":[80,80,80,80,80,80,80,80,80,80,80,80,80,80,80,80,80,80,80,80,80,80,80,80,80,80,80,80,80,80,80,80,80,80,80,80,80,80,80,80,80,80,80,80,80,80,80,80,80,80],"card_choices":[{"not_picked":["True Grit","Shrug It Off"],"picked":"Headbutt","floor":1},{"not_picked":["Ghostly Armor","Twin Strike","Anger"],"picked":"SKIP","floor":4},{"not_picked":["Burning Pact","Ghostly Armor"],"picked":"Headbutt","floor":5},{"not_picked":["Warcry","Armaments","Blood for Blood"],"picked":"SKIP","floor":6},{"not_picked":["Warcry","Armaments"],"picked":"Blood for Blood","floor":6},{"not_picked":["Body Slam","Clash"],"picked":"Limit Break","floor":10},{"not_picked":["Sentinel","Pummel"],"picked":"Seeing Red","floor":11},{"not_picked":["Thunderclap","Warcry"],"picked":"Pommel Strike","floor":13},{"not_picked":["Perfected Strike","Iron Wave"],"picked":"Flame Barrier","floor":14},{"not_picked":["Juggernaut","Bludgeon"],"picked":"Immolate","floor":16},{"not_picked":["Shrug It Off","Thunderclap+1","Shockwave"],"picked":"SKIP","floor":18},{"not_picked":["Clash","Beam Cell"],"picked":"Flex","floor":20},{"not_picked":["Steam+1","Conserve Battery","Outmaneuver"],"picked":"SKIP","floor":23},{"not_picked":["Cold Snap","Sword Boomerang"],"picked":"Creative AI","floor":29},{"not_picked":["Poisoned Stab","Wild Strike"],"picked":"Double Energy+1","floor":30},{"not_picked":["Armaments","Entrench"],"picked":"Expertise","floor":31},{"not_picked":["Fiend Fire","Night Terror"],"picked":"Transmutation","floor":33},{"not_picked":["Concentrate","Bouncing Flask"],"picked":"Blade Dance+1","floor":35},{"not_picked":["Prepared+1","Hello World+1"],"picked":"Flex","floor":36},{"not_picked":["Barrage","Predator+1","Flex+1"],"picked":"SKIP","floor":37},{"not_picked":["Streamline+1","Go for the Eyes+1","Ghostly Armor+1"],"picked":"SKIP","floor":38},{"not_picked":["Expertise+1","Bane"],"picked":"Dash+1","floor":46},{"not_picked":["Redo+1","Leap"],"picked":"Acrobatics+1","floor":49}],"player_experience":1507091,"relics_obtained":[{"floor":6,"key":"Meat on the Bone"},{"floor":9,"key":"Bottled Lightning"},{"floor":10,"key":"Bronze Scales"},{"floor":13,"key":"Shuriken"},{"floor":23,"key":"Pocketwatch"},{"floor":26,"key":"Oddly Smooth Stone"},{"floor":29,"key":"Matryoshka"},{"floor":31,"key":"Dead Branch"},{"floor":34,"key":"Happy Flower"},{"floor":34,"key":"Gremlin Horn"},{"floor":34,"key":"Shovel"},{"floor":43,"key":"Dream Catcher"},{"floor":43,"key":"Darkstone Periapt"},{"floor":45,"key":"The Courier"},{"floor":47,"key":"Juzu Bracelet"}],"event_choices":[{"damage_healed":0,"gold_gain":0,"player_choice":"Trade","damage_taken":0,"relics_obtained":["CultistMask"],"max_hp_gain":0,"max_hp_loss":0,"event_name":"FaceTrader","floor":2,"gold_loss":0},{"damage_healed":0,"gold_gain":0,"player_choice":"Ignored","damage_taken":0,"max_hp_gain":0,"max_hp_loss":0,"event_name":"Beggar","floor":21,"gold_loss":0},{"damage_healed":0,"gold_gain":0,"player_choice":"Paid Fearfully","damage_taken":0,"max_hp_gain":0,"max_hp_loss":0,"event_name":"Masked Bandits","floor":22,"gold_loss":60},{"damage_healed":0,"gold_gain":0,"player_choice":"Copied","damage_taken":0,"max_hp_gain":0,"max_hp_loss":0,"event_name":"Duplicator","floor":28,"gold_loss":0,"cards_obtained":["Limit Break"]},{"damage_healed":0,"gold_gain":0,"player_choice":"Ignored","damage_taken":0,"max_hp_gain":0,"max_hp_loss":0,"event_name":"Mysterious Sphere","floor":41,"gold_loss":0},{"damage_healed":0,"gold_gain":0,"player_choice":"Embrace Madness","damage_taken":10,"max_hp_gain":0,"max_hp_loss":0,"event_name":"Winding Halls","floor":42,"gold_loss":0,"cards_obtained":["Madness","Madness"]},{"cards_removed":["Decay"],"damage_healed":0,"gold_gain":0,"player_choice":"Purged","damage_taken":0,"max_hp_gain":0,"max_hp_loss":0,"event_name":"Purifier","floor":44,"gold_loss":0},{"cards_removed":["Strike_R"],"damage_healed":0,"gold_gain":0,"player_choice":"Removed Attack","damage_taken":0,"max_hp_gain":0,"max_hp_loss":0,"event_name":"Falling","floor":48,"gold_loss":0}],"is_beta":false,"boss_relics":[{"not_picked":["White Beast Statue","Lizard Tail"],"picked":"Fusion Hammer"},{"not_picked":["Orrery","Coffee Dripper"],"picked":"Calling Bell"}],"items_purged_floors":[3,39],"is_endless":false,"potions_floor_spawned":[10,11,13,14,16,18,29,30,35,36],"ascension_level":11}