{"gold_per_floor":[116,69,69,84,99,99,132,132,132,465,465,476,486,436,436,541,541,558,589,291,309,325,325,351,351,351,382,482,392,403,416,416,515,515,529,139,215,234,253,253,279,501,548,548,576,576,110,126,126,126,126,126,99,128,128],"floor_reached":56,"playtime":4718,"items_purged":["Strike_G","Strike_G","Strike_G"],"score":1466,"play_id":"2ef576f4-deae-4be1-afdb-52db547853c5","local_time":"20190514184856","is_ascension_mode":true,"campfire_choices":[{"data":"Deadly Poison","floor":6,"key":"SMITH"},{"data":"Backflip","floor":8,"key":"SMITH"},{"data":"Backflip","floor":11,"key":"SMITH"},{"data":"Leg Sweep","floor":15,"key":"SMITH"},{"data":"Corpse Explosion","floor":23,"key":"SMITH"},{"data":"Footwork","floor":25,"key":"SMITH"},{"data":"Caltrops","floor":32,"key":"SMITH"},{"data":"Caltrops","floor":40,"key":"SMITH"},{"floor":46,"key":"RECALL"},{"data":"Burst","floor":49,"key":"SMITH"},{"data":"Footwork","floor":52,"key":"SMITH"}],"neow_cost":"NONE","seed_source_timestamp":2242515488492324,"circlet_count":0,"master_deck":["Defend_G","Defend_G+1","Defend_G+1","Defend_G+1","Strike_G","Survivor","Neutralize+1","Quick Slash","Backflip+1","Deadly Poison+1","Backflip+1","Caltrops+1","Slice","Leg Sweep+1","Corpse Explosion+1","Backstab+1","Footwork+1","Acrobatics+1","PiercingWail+1","Deflect","After Image","Well Laid Plans","Flechettes+1","Wraith Form v2","Well Laid Plans","Footwork+1","Caltrops+1","Deflect+1","Well Laid Plans","PiercingWail+1","Burst+1","Noxious Fumes"],"relics":["Ring of the Snake","Meat on the Bone","Happy Flower","Bottled Lightning","Old Coin","Black Star","Red Mask","War Paint","Letter Opener","Potion Belt","Mummified Hand","Lantern","The Courier","Nunchaku","Shuriken","Busted Crown","Oddly Smooth Stone","Strawberry","Boot","PreservedInsect","Bottled Tornado","The Specimen","Blue Candle","Mercury Hourglass"],"potions_floor_usage":[16,18,19,24,50,55,55],"damage_taken":[{"damage":4,"enemies":"Small Slimes","floor":1,"turns":6},{"damage":0,"enemies":"Cultist","floor":4,"turns":3},{"damage":4,"enemies":"Jaw Worm","floor":5,"turns":5},{"damage":24,"enemies":"Lagavulin","floor":7,"turns":8},{"damage":28,"enemies":"Gremlin Nob","floor":10,"turns":4},{"damage":7,"enemies":"Exordium Wildlife","floor":12,"turns":5},{"damage":0,"enemies":"2 Fungi Beasts","floor":13,"turns":3},{"damage":19,"enemies":"Slime Boss","floor":16,"turns":11},{"damage":11,"enemies":"2 Thieves","floor":18,"turns":3},{"damage":32,"enemies":"Masked Bandits","floor":19,"turns":3},{"damage":2,"enemies":"Shell Parasite","floor":21,"turns":7},{"damage":0,"enemies":"Centurion and Healer","floor":22,"turns":5},{"damage":11,"enemies":"Slavers","floor":24,"turns":2},{"damage":8,"enemies":"Gremlin Leader","floor":27,"turns":8},{"damage":0,"enemies":"Colosseum Slavers","floor":28,"turns":6},{"damage":13,"enemies":"Colosseum Nobs","floor":28,"turns":3},{"damage":0,"enemies":"Snake Plant","floor":30,"turns":3},{"damage":0,"enemies":"Snecko","floor":31,"turns":5},{"damage":24,"enemies":"Champ","floor":33,"turns":13},{"damage":0,"enemies":"Orb Walker","floor":35,"turns":3},{"damage":0,"enemies":"3 Darklings","floor":38,"turns":5},{"damage":0,"enemies":"Transient","floor":39,"turns":5},{"damage":2,"enemies":"Reptomancer","floor":41,"turns":8},{"damage":2,"enemies":"Giant Head","floor":45,"turns":7},{"damage":6,"enemies":"Spire Growth","floor":48,"turns":6},{"damage":32,"enemies":"Awakened One","floor":50,"turns":15},{"damage":30,"enemies":"Shield and Spear","floor":54,"turns":4},{"damage":40,"enemies":"The Heart","floor":55,"turns":8}],"seed_played":"70758093275545031","potions_obtained":[{"floor":1,"key":"PowerPotion"},{"floor":10,"key":"Fire Potion"},{"floor":12,"key":"FearPotion"},{"floor":16,"key":"LiquidBronze"},{"floor":18,"key":"LiquidBronze"},{"floor":22,"key":"SkillPotion"},{"floor":24,"key":"Energy Potion"},{"floor":28,"key":"GhostInAJar"},{"floor":33,"key":"SkillPotion"},{"floor":54,"key":"AttackPotion"}],"is_trial":false,"path_per_floor":["M","$","?","M","M","R","E","R","T","E","R","M","M","?","R","B",null,"M","?","$","M","M","R","E","R","T","E","?","?","M","M","R","B",null,"M","$","T","M","M","R","E","?","T","?","E","R","$","M","R","B",null,"R","$","E","B",null],"character_chosen":"THE_SILENT","items_purchased":["Backflip","Footwork","War Paint","Oddly Smooth Stone","Well Laid Plans","Footwork","Caltrops","The Specimen","Burst","Noxious Fumes"],"campfire_rested":0,"item_purchase_floors":[2,20,20,36,36,36,36,47,47,53],"current_hp_per_floor":[66,66,66,66,62,62,38,38,38,22,22,27,39,39,39,32,61,50,30,30,40,40,40,41,41,41,45,44,44,44,44,44,32,61,61,61,61,61,61,61,66,66,66,66,64,64,64,58,58,38,67,67,67,49,21],"gold":128,"neow_bonus":"UPGRADE_CARD","is_prod":false,"is_daily":false,"chose_seed":false,"campfire_upgraded":10,"win_rate":0,"timestamp":1557877736,"path_taken":["M","$","?","?","M","R","E","R","T","E","R","M","M","?","R","BOSS","M","?","$","M","M","R","E","R","T","E","?","?","M","M","R","BOSS","M","$","?","M","M","R","E","?","T","?","E","R","?","M","R","BOSS","R","$","E","BOSS"],"build_version":"2019-01-23","purchased_purges":3,"victory":true,"max_hp_per_floor":[70,70,70,70,70,70,70,70,70,70,70,70,70,70,70,70,70,70,70,70,70,70,70,70,70,70,70,70,70,70,70,70,70,70,70,70,70,70,70,70,77,77,77,77,77,77,77,77,77,77,77,77,77,77,77],"card_choices":[{"not_picked":["Terror","Outmaneuver"],"picked":"Quick Slash","floor":1},{"not_picked":["Bane","Flechettes"],"picked":"Deadly Poison","floor":4},{"not_picked":["Deflect","Deadly Poison"],"picked":"Backflip","floor":5},{"not_picked":["Quick Slash","Distraction"],"picked":"Bane","floor":7},{"not_picked":["Wraith Form v2","Skewer"],"picked":"Caltrops","floor":10},{"not_picked":["Infinite Blades","Deadly Poison"],"picked":"Slice","floor":12},{"not_picked":["Choke","Finisher"],"picked":"Leg Sweep","floor":13},{"not_picked":["Burst","Night Terror"],"picked":"Corpse Explosion","floor":16},{"not_picked":["Sucker Punch","Quick Slash"],"picked":"Backstab+1","floor":18},{"not_picked":["Quick Slash","Deadly Poison"],"picked":"Acrobatics+1","floor":21},{"not_picked":["Sucker Punch","Heel Hook"],"picked":"PiercingWail+1","floor":22},{"not_picked":["Tactician","Bane"],"picked":"Deflect","floor":24},{"not_picked":["Slice+1","Escape Plan"],"picked":"After Image","floor":27},{"not_picked":["Underhanded Strike+1","Slice"],"picked":"Well Laid Plans","floor":28},{"not_picked":["Concentrate","Outmaneuver+1"],"picked":"Flechettes+1","floor":30},{"not_picked":["Bane","Acrobatics","Quick Slash+1"],"picked":"SKIP","floor":31},{"not_picked":["Corpse Explosion","After Image"],"picked":"Wraith Form v2","floor":33},{"not_picked":["Sucker Punch"],"picked":"SKIP","floor":35},{"not_picked":[],"picked":"Deflect+1","floor":38},{"not_picked":["Acrobatics"],"picked":"SKIP","floor":39},{"not_picked":[],"picked":"Well Laid Plans","floor":41},{"not_picked":[],"picked":"PiercingWail+1","floor":45},{"not_picked":["PiercingWail"],"picked":"SKIP","floor":48},{"not_picked":["Dash+1"],"picked":"SKIP","floor":54}],"player_experience":335506,"relics_obtained":[{"floor":3,"key":"Meat on the Bone"},{"floor":7,"key":"Happy Flower"},{"floor":9,"key":"Bottled Lightning"},{"floor":10,"key":"Old Coin"},{"floor":19,"key":"Red Mask"},{"floor":24,"key":"Letter Opener"},{"floor":24,"key":"Potion Belt"},{"floor":26,"key":"Mummified Hand"},{"floor":27,"key":"Lantern"},{"floor":27,"key":"The Courier"},{"floor":28,"key":"Nunchaku"},{"floor":28,"key":"Shuriken"},{"floor":41,"key":"Strawberry"},{"floor":41,"key":"Boot"},{"floor":43,"key":"PreservedInsect"},{"floor":45,"key":"Bottled Tornado"},{"floor":54,"key":"Blue Candle"},{"floor":54,"key":"Mercury Hourglass"}],"event_choices":[{"damage_healed":0,"gold_gain":0,"player_choice":"Relic","damage_taken":0,"max_hp_gain":0,"max_hp_loss":0,"event_name":"Wheel of Change","floor":3,"gold_loss":0},{"cards_removed":["Strike_G"],"damage_healed":0,"gold_gain":0,"player_choice":"Card Removal","damage_taken":0,"max_hp_gain":0,"max_hp_loss":0,"event_name":"The Cleric","floor":14,"gold_loss":50},{"damage_healed":0,"gold_gain":0,"player_choice":"Fought Bandits","damage_taken":0,"max_hp_gain":0,"max_hp_loss":0,"event_name":"Masked Bandits","floor":19,"gold_loss":0},{"damage_healed":0,"gold_gain":0,"player_choice":"Fight","damage_taken":0,"max_hp_gain":0,"max_hp_loss":0,"event_name":"Colosseum","floor":28,"gold_loss":0},{"damage_healed":0,"gold_gain":0,"player_choice":"Fought Nobs","damage_taken":0,"max_hp_gain":0,"max_hp_loss":0,"event_name":"Colosseum","floor":28,"gold_loss":0},{"cards_removed":["Defend_G"],"damage_healed":0,"gold_gain":0,"player_choice":"Upgrade and Remove","damage_taken":0,"max_hp_gain":0,"max_hp_loss":0,"event_name":"Designer","floor":29,"gold_loss":90,"cards_upgraded":["Defend_G"]},{"damage_healed":0,"gold_gain":222,"player_choice":"Wore Mask","damage_taken":0,"max_hp_gain":0,"max_hp_loss":0,"event_name":"Tomb of Lord Red Mask","floor":42,"gold_loss":0},{"cards_removed":["Bane"],"damage_healed":0,"gold_gain":0,"player_choice":"Removed Attack","damage_taken":0,"max_hp_gain":0,"max_hp_loss":0,"event_name":"Falling","floor":44,"gold_loss":0}],"is_beta":false,"boss_relics":[{"not_picked":["Runic Dome","Tiny House"],"picked":"Black Star"},{"not_picked":["Velvet Choker","Coffee Dripper"],"picked":"Busted Crown"}],"items_purged_floors":[20,36,47],"is_endless":false,"potions_floor_spawned":[1,10,12,16,18,22,24,28,28,33,35,39,48,54],"ascension_level":5}