{"gold_per_floor":[113,124,74,74,145,145,145,176,224,224,240,240,266,10,10,112,112,130,229,229,229,241,241,241,276,324,134,134],"floor_reached":28,"playtime":923,"items_purged":["Strike_B"],"score":374,"play_id":"63e49247-2c04-47fb-83fc-701454bad8a0","local_time":"20190127160237","is_ascension_mode":true,"campfire_choices":[{"data":"Redo","floor":7,"key":"SMITH"},{"data":"Fission","floor":10,"key":"SMITH"},{"floor":15,"key":"REST"},{"floor":23,"key":"REST"}],"neow_cost":"NONE","seed_source_timestamp":339257428639800,"circlet_count":0,"master_deck":["Strike_B","Strike_B+1","Defend_B","Defend_B","Defend_B","Defend_B","Zap","Dualcast","Redo+1","Glacier","Fission+1","Melter","Redo","Creative AI","Doom and Gloom+1","Echo Form","Injury","Doubt","Injury","Static Discharge+1","Writhe","Skim","Stack","Static Discharge"],"relics":["Cracked Core","NeowsBlessing","Happy Flower","Bottled Flame","Oddly Smooth Stone","Mummified Hand","Lantern","Bronze Scales","Calling Bell","Bag of Marbles","Blue Candle","Pocketwatch","Kunai","Ancient Tea Set","Vajra","Whetstone"],"potions_floor_usage":[12,20,25,28],"damage_taken":[{"damage":0,"enemies":"Small Slimes","floor":1,"turns":1},{"damage":0,"enemies":"Jaw Worm","floor":2,"turns":1},{"damage":0,"enemies":"Gremlin Nob","floor":8,"turns":1},{"damage":0,"enemies":"2 Louse","floor":11,"turns":2},{"damage":0,"enemies":"Exordium Thugs","floor":12,"turns":1},{"damage":21,"enemies":"Lagavulin","floor":13,"turns":7},{"damage":26,"enemies":"Slime Boss","floor":16,"turns":6},{"damage":9,"enemies":"3 Byrds","floor":18,"turns":2},{"damage":18,"enemies":"Colosseum Slavers","floor":20,"turns":3},{"damage":34,"enemies":"2 Thieves","floor":22,"turns":4},{"damage":38,"enemies":"Gremlin Leader","floor":25,"turns":6},{"damage":12,"enemies":"3 Cultists","floor":28,"turns":2}],"seed_played":"3670620476815363615","potions_obtained":[{"floor":2,"key":"SmokeBomb"},{"floor":11,"key":"EssenceOfSteel"},{"floor":13,"key":"Explosive Potion"},{"floor":25,"key":"Ancient Potion"}],"is_trial":false,"path_per_floor":["M","M","?","?","T","T","R","E","T","R","M","M","E","$","R","B",null,"M","?","?","?","M","R","?","E","T","$","M"],"character_chosen":"DEFECT","items_purchased":["Creative AI","Doom and Gloom","Static Discharge","Whetstone"],"campfire_rested":2,"item_purchase_floors":[14,14,27,27],"current_hp_per_floor":[68,68,68,56,56,56,56,56,56,56,56,56,35,35,57,31,64,55,55,37,37,3,25,50,12,12,12,0],"gold":134,"neow_bonus":"THREE_ENEMY_KILL","is_prod":false,"is_daily":false,"chose_seed":false,"campfire_upgraded":2,"win_rate":0,"timestamp":1548601357,"path_taken":["M","M","?","?","?","?","R","E","T","R","M","?","E","$","R","BOSS","M","?","?","?","?","R","?","E","T","$","M"],"build_version":"2019-01-23","purchased_purges":1,"victory":false,"max_hp_per_floor":[75,75,75,75,75,75,75,75,75,75,75,75,75,75,75,75,75,75,75,75,75,75,75,75,75,75,75,75],"card_choices":[{"not_picked":["Sweeping Beam","Stack"],"picked":"Redo","floor":1},{"not_picked":["Auto Shields","Cold Snap"],"picked":"Glacier","floor":2},{"not_picked":["Steam","Rebound"],"picked":"Fission","floor":8},{"not_picked":["Sweeping Beam","Gash"],"picked":"Melter","floor":11},{"not_picked":["Sweeping Beam","Steam"],"picked":"Redo","floor":13},{"not_picked":["Creative AI","Core Surge"],"picked":"Echo Form","floor":16},{"not_picked":["Steam Power+1","Gash+1"],"picked":"Static Discharge+1","floor":18},{"not_picked":["Cold Snap+1","Blizzard"],"picked":"Skim","floor":22},{"not_picked":["Fusion","Coolheaded"],"picked":"Stack","floor":25}],"player_experience":1336945,"relics_obtained":[{"floor":5,"key":"Bottled Flame"},{"floor":6,"key":"Oddly Smooth Stone"},{"floor":8,"key":"Mummified Hand"},{"floor":9,"key":"Lantern"},{"floor":13,"key":"Bronze Scales"},{"floor":17,"key":"Bag of Marbles"},{"floor":17,"key":"Blue Candle"},{"floor":17,"key":"Pocketwatch"},{"floor":25,"key":"Ancient Tea Set"},{"floor":26,"key":"Vajra"}],"event_choices":[{"cards_removed":["Strike_B"],"damage_healed":0,"gold_gain":0,"player_choice":"Card Removal","damage_taken":0,"max_hp_gain":0,"max_hp_loss":0,"event_name":"The Cleric","floor":3,"gold_loss":50},{"damage_healed":0,"gold_gain":0,"player_choice":"Success","damage_taken":12,"relics_obtained":["Happy Flower"],"max_hp_gain":0,"max_hp_loss":0,"event_name":"Scrap Ooze","floor":4,"gold_loss":0},{"damage_healed":0,"gold_gain":99,"player_choice":"Stole From Cult","damage_taken":0,"max_hp_gain":0,"max_hp_loss":0,"event_name":"Nest","floor":19,"gold_loss":0},{"damage_healed":0,"gold_gain":0,"player_choice":"Fight","damage_taken":0,"max_hp_gain":0,"max_hp_loss":0,"event_name":"Colosseum","floor":20,"gold_loss":0},{"damage_healed":0,"gold_gain":0,"player_choice":"Fled From Nobs","damage_taken":0,"max_hp_gain":0,"max_hp_loss":0,"event_name":"Colosseum","floor":20,"gold_loss":0},{"damage_healed":0,"gold_gain":0,"player_choice":"Opened","damage_taken":0,"relics_obtained":["Kunai"],"max_hp_gain":0,"max_hp_loss":0,"event_name":"The Mausoleum","floor":21,"gold_loss":0,"cards_obtained":["Writhe"]},{"damage_healed":25,"gold_gain":0,"player_choice":"Heal","damage_taken":0,"max_hp_gain":0,"max_hp_loss":0,"event_name":"The Library","floor":24,"gold_loss":0}],"is_beta":false,"boss_relics":[{"not_picked":["Lizard Tail","Astrolabe"],"picked":"Calling Bell"}],"items_purged_floors":[14],"is_endless":false,"potions_floor_spawned":[2,11,13,20,25],"killed_by":"3 Cultists","ascension_level":8}