{"gold_per_floor":[363,363,363,27,43,74,89,105,105,121,121,152,162,162,162,265,265,282,282,263,280,205,205,234,0,23,23,23,43,43,69,69,69],"floor_reached":33,"playtime":2092,"items_purged":["Strike_G"],"score":320,"play_id":"80c2d925-47d6-47c9-9adc-650e346dbf6f","local_time":"20181120203940","is_ascension_mode":false,"campfire_choices":[{"data":"Footwork","floor":11,"key":"SMITH"},{"floor":15,"key":"REST"},{"floor":23,"key":"REST"},{"floor":28,"key":"REST"},{"floor":32,"key":"REST"}],"neow_cost":"PERCENT_DAMAGE","seed_source_timestamp":526894183567000,"circlet_count":0,"master_deck":["Defend_G","Defend_G","Defend_G","Defend_G","Defend_G","Strike_G","Strike_G","Survivor","Neutralize","All Out Attack","Underhanded Strike","Dagger Spray","Footwork+1","Bouncing Flask","Distraction","Flying Knee","Burst","Deadly Poison","Quick Slash","Footwork","Malaise","PiercingWail+1","Outmaneuver+1","Masterful Stab+1"],"relics":["Ring of the Snake","Lee\u0027s Waffle","Orichalcum","Pear","Paper Crane","Eternal Feather","Gremlin Horn","Dream Catcher","Molten Egg 2"],"potions_floor_usage":[8,16,16,20,24,24,29,33],"damage_taken":[{"damage":2,"enemies":"Cultist","floor":1,"turns":6},{"damage":4,"enemies":"Jaw Worm","floor":5,"turns":4},{"damage":26,"enemies":"3 Sentries","floor":6,"turns":8},{"damage":0,"enemies":"2 Louse","floor":7,"turns":2},{"damage":5,"enemies":"Exordium Wildlife","floor":8,"turns":5},{"damage":1,"enemies":"Looter","floor":10,"turns":3},{"damage":19,"enemies":"Lagavulin","floor":12,"turns":6},{"damage":0,"enemies":"2 Fungi Beasts","floor":13,"turns":2},{"damage":50,"enemies":"The Guardian","floor":16,"turns":12},{"damage":8,"enemies":"Shell Parasite","floor":18,"turns":6},{"damage":17,"enemies":"2 Thieves","floor":20,"turns":4},{"damage":15,"enemies":"Snecko","floor":21,"turns":6},{"damage":32,"enemies":"Slavers","floor":24,"turns":9},{"damage":38,"enemies":"Cultist and Chosen","floor":29,"turns":11},{"damage":21,"enemies":"Book of Stabbing","floor":31,"turns":8},{"damage":74,"enemies":"Automaton","floor":33,"turns":16}],"seed_played":"1337297336520420874","potions_obtained":[{"floor":6,"key":"FairyPotion"},{"floor":7,"key":"AttackPotion"},{"floor":10,"key":"Regen Potion"},{"floor":13,"key":"Block Potion"},{"floor":16,"key":"Dexterity Potion"},{"floor":20,"key":"SpeedPotion"},{"floor":21,"key":"FearPotion"},{"floor":24,"key":"Swift Potion"},{"floor":31,"key":"GamblersBrew"}],"is_trial":false,"path_per_floor":["M","?","?","$","M","E","M","M","T","M","R","E","M","?","R","B",null,"M","?","M","M","?","R","E","?","T","$","R","M","$","E","R","B"],"character_chosen":"THE_SILENT","items_purchased":["Lee\u0027s Waffle","All Out Attack"],"campfire_rested":4,"item_purchase_floors":[4,4],"current_hp_per_floor":[47,47,47,77,73,47,47,42,52,51,51,32,32,32,58,23,87,79,62,45,30,30,69,37,37,37,37,76,38,38,17,56,0],"gold":69,"neow_bonus":"TWO_FIFTY_GOLD","is_prod":false,"is_daily":false,"chose_seed":false,"campfire_upgraded":1,"win_rate":0,"timestamp":1542742780,"path_taken":["M","?","?","$","M","E","M","M","T","M","R","E","M","?","R","BOSS","M","?","M","M","?","R","E","?","T","$","R","M","$","E","R","BOSS"],"build_version":"2018-11-15","purchased_purges":1,"victory":false,"max_hp_per_floor":[70,70,70,77,77,77,77,77,87,87,87,87,87,87,87,87,87,87,92,92,92,92,92,92,92,92,92,92,92,92,92,92,92],"card_choices":[{"not_picked":["PiercingWail","Masterful Stab","Dagger Throw"],"picked":"SKIP","floor":1},{"not_picked":["Deflect","Escape Plan"],"picked":"Underhanded Strike","floor":5},{"not_picked":["Dodge and Roll","Endless Agony","Flechettes"],"picked":"SKIP","floor":6},{"not_picked":["Bane","Riddle With Holes"],"picked":"Dagger Spray","floor":7},{"not_picked":["Acrobatics","Catalyst"],"picked":"Footwork","floor":8},{"not_picked":["Outmaneuver","Escape Plan"],"picked":"Bouncing Flask","floor":10},{"not_picked":["Flechettes","Blade Dance"],"picked":"Distraction","floor":12},{"not_picked":["Choke","Blade Dance"],"picked":"Flying Knee","floor":13},{"not_picked":["Doppelganger","Night Terror"],"picked":"Burst","floor":16},{"not_picked":["Dagger Spray","Expertise"],"picked":"Deadly Poison","floor":18},{"not_picked":["Skewer","PiercingWail"],"picked":"Quick Slash","floor":20},{"not_picked":["Sucker Punch","Backflip"],"picked":"Footwork","floor":21},{"not_picked":["Acrobatics","Deflect"],"picked":"Malaise","floor":24},{"not_picked":["Flying Knee","Blade Dance"],"picked":"PiercingWail+1","floor":28},{"not_picked":["Slice","Skewer+1","Endless Agony"],"picked":"SKIP","floor":29},{"not_picked":["Slice","Sucker Punch"],"picked":"Outmaneuver+1","floor":31},{"not_picked":["Outmaneuver","Underhanded Strike+1"],"picked":"Masterful Stab+1","floor":32}],"player_experience":937070,"relics_obtained":[{"floor":6,"key":"Orichalcum"},{"floor":9,"key":"Pear"},{"floor":12,"key":"Paper Crane"},{"floor":24,"key":"Gremlin Horn"},{"floor":26,"key":"Dream Catcher"},{"floor":31,"key":"Molten Egg 2"}],"event_choices":[{"damage_healed":0,"gold_gain":0,"player_choice":"Ignored","damage_taken":0,"max_hp_gain":0,"max_hp_loss":0,"event_name":"Golden Wing","floor":2,"gold_loss":0},{"damage_healed":0,"gold_gain":0,"player_choice":"Ignored","damage_taken":0,"max_hp_gain":0,"max_hp_loss":0,"event_name":"Shining Light","floor":3,"gold_loss":0},{"cards_removed":["Strike_G"],"damage_healed":0,"gold_gain":0,"player_choice":"Forget","damage_taken":0,"max_hp_gain":0,"max_hp_loss":0,"event_name":"Living Wall","floor":14,"gold_loss":0},{"damage_healed":0,"gold_gain":0,"player_choice":"Shed Blood","damage_taken":22,"max_hp_gain":5,"max_hp_loss":0,"event_name":"Forgotten Altar","floor":19,"gold_loss":0},{"cards_removed":["Strike_G"],"damage_healed":0,"gold_gain":0,"player_choice":"Gave Gold","damage_taken":0,"max_hp_gain":0,"max_hp_loss":0,"event_name":"Beggar","floor":22,"gold_loss":75},{"damage_healed":0,"gold_gain":0,"player_choice":"Paid Fearfully","damage_taken":0,"max_hp_gain":0,"max_hp_loss":0,"event_name":"Masked Bandits","floor":25,"gold_loss":234}],"is_beta":false,"boss_relics":[{"not_picked":["HoveringKite","Fusion Hammer"],"picked":"Eternal Feather"}],"items_purged_floors":[4],"is_endless":false,"potions_floor_spawned":[6,7,10,13,16,20,21,24,31],"killed_by":"Automaton","ascension_level":0}