{"gold_per_floor":[112,128,7,282,293,325,325,275,275,275],"floor_reached":10,"playtime":290,"items_purged":[],"score":112,"play_id":"e5ec91b7-c910-4404-b44d-41aeddd163f8","local_time":"20190419012334","is_ascension_mode":true,"campfire_choices":[{"floor":7,"key":"REST"}],"neow_cost":"NONE","seed_source_timestamp":103157276600500,"circlet_count":0,"master_deck":["AscendersBane","Strike_R","Strike_R","Strike_R","Strike_R","Strike_R","Defend_R","Defend_R","Defend_R","Defend_R","Bash","Thunderclap","Rupture","Flame Barrier","Bandage Up","Hemokinesis","Metallicize","Impervious"],"relics":["Burning Blood","Mercury Hourglass","Regal Pillow","Gambling Chip"],"potions_floor_usage":[5,6],"damage_taken":[{"damage":8,"enemies":"2 Louse","floor":1,"turns":2},{"damage":6,"enemies":"Cultist","floor":2,"turns":3},{"damage":11,"enemies":"Jaw Worm","floor":5,"turns":3},{"damage":48,"enemies":"Lagavulin","floor":6,"turns":8},{"damage":64,"enemies":"Lagavulin Event","floor":10,"turns":8}],"seed_played":"7145090163857880898","potions_obtained":[{"floor":1,"key":"Poison Potion"},{"floor":2,"key":"Weak Potion"}],"is_trial":false,"path_per_floor":["M","M","$","?","M","E","R","?","T","?"],"character_chosen":"IRONCLAD","items_purchased":["Bandage Up","Hemokinesis"],"campfire_rested":1,"item_purchase_floors":[3,3],"current_hp_per_floor":[66,66,66,66,65,27,49,49,49,0],"gold":275,"neow_bonus":"THREE_CARDS","is_prod":false,"is_daily":false,"chose_seed":false,"campfire_upgraded":0,"win_rate":0,"timestamp":1555629814,"path_taken":["M","M","$","?","?","E","R","?","T","?"],"build_version":"2019-01-23","purchased_purges":0,"victory":false,"max_hp_per_floor":[75,75,75,75,75,75,75,75,75,75],"card_choices":[{"not_picked":["Bloodletting","Cleave"],"picked":"Thunderclap","floor":0},{"not_picked":["Intimidate","Bloodletting"],"picked":"Rupture","floor":1},{"not_picked":["Cleave","Heavy Blade"],"picked":"Flame Barrier","floor":2},{"not_picked":["Feel No Pain","Clash"],"picked":"Metallicize","floor":5},{"not_picked":["Reckless Charge","Demon Form"],"picked":"Impervious","floor":6}],"player_experience":1737046,"relics_obtained":[{"floor":6,"key":"Mercury Hourglass"},{"floor":9,"key":"Regal Pillow"}],"event_choices":[{"damage_healed":0,"gold_gain":275,"player_choice":"Desecrate","damage_taken":0,"max_hp_gain":0,"max_hp_loss":0,"event_name":"Golden Shrine","floor":4,"gold_loss":0,"cards_obtained":["Regret"]},{"cards_removed":["Regret"],"damage_healed":0,"gold_gain":0,"player_choice":"Card Removal","damage_taken":0,"max_hp_gain":0,"max_hp_loss":0,"event_name":"The Cleric","floor":8,"gold_loss":50},{"damage_healed":0,"gold_gain":0,"player_choice":"Searched \u00272\u0027 times","damage_taken":0,"relics_obtained":["Gambling Chip"],"max_hp_gain":0,"max_hp_loss":0,"event_name":"Dead Adventurer","floor":10,"gold_loss":0}],"is_beta":false,"boss_relics":[],"items_purged_floors":[],"is_endless":false,"potions_floor_spawned":[1,2],"killed_by":"Lagavulin Event","ascension_level":14}