{"gold_per_floor":[119,119,149,50,61,61,88,115,115,115,132,132,61,71,71,175,175,187,204,204,294,312,312,645,645,645,71,86,111,111,143,143,246,246,257,257,257,267,26,60,60,160,160,160,173,193,68,79,79,79],"floor_reached":51,"playtime":3138,"items_purged":["Strike_B","Strike_B","Auto Shields"],"score":1073,"play_id":"2f859a35-0d63-464a-a437-06003aa75b7b","local_time":"20190511223322","is_ascension_mode":true,"campfire_choices":[{"data":"Coolheaded","floor":6,"key":"SMITH"},{"data":"Dualcast","floor":10,"key":"SMITH"},{"data":"Self Repair","floor":12,"key":"SMITH"},{"data":"Defragment","floor":15,"key":"SMITH"},{"floor":23,"key":"REST"},{"data":"Coolheaded","floor":25,"key":"SMITH"},{"data":"Amplify","floor":30,"key":"SMITH"},{"data":"Hologram","floor":32,"key":"SMITH"},{"data":"Redo","floor":41,"key":"SMITH"},{"data":"Madness","floor":44,"key":"SMITH"},{"data":"Madness","floor":49,"key":"SMITH"}],"neow_cost":"PERCENT_DAMAGE","seed_source_timestamp":651011578555600,"circlet_count":0,"master_deck":["Zap+1","Dualcast+1","Electrodynamics","Auto Shields","Coolheaded+1","Self Repair+1","Hologram+1","Genetic Algorithm","Defragment+1","Ball Lightning","Amplify+1","Coolheaded+1","Ball Lightning+1","Panacea","Rebound","Buffer","Chill","Coolheaded+1","Multi-Cast","Echo Form+1","Meteor Strike","Meteor Strike","Lockon","Redo+1","Madness+1","Madness+1","Stack+1","Recycle+1","Storm+1","Glacier+1","Defragment+1"],"relics":["Cracked Core","Tiny Chest","Blood Vial","Ginger","Emotion Chip","Runic Pyramid","Enchiridion","Old Coin","Pantograph","Cables","Bronze Scales","Frozen Egg 2","Happy Flower","Pandora\u0027s Box","Mummified Hand","Juzu Bracelet","Incense Burner","Bottled Tornado"],"potions_floor_usage":[29,31,33],"damage_taken":[{"damage":1,"enemies":"2 Louse","floor":1,"turns":2},{"damage":0,"enemies":"Small Slimes","floor":5,"turns":2},{"damage":14,"enemies":"Lagavulin","floor":8,"turns":8},{"damage":2,"enemies":"Jaw Worm","floor":11,"turns":3},{"damage":8,"enemies":"Large Slime","floor":14,"turns":5},{"damage":21,"enemies":"Slime Boss","floor":16,"turns":5},{"damage":0,"enemies":"3 Byrds","floor":18,"turns":2},{"damage":8,"enemies":"Spheric Guardian","floor":19,"turns":5},{"damage":13,"enemies":"Snake Plant","floor":22,"turns":4},{"damage":25,"enemies":"Book of Stabbing","floor":24,"turns":5},{"damage":0,"enemies":"Centurion and Healer","floor":28,"turns":5},{"damage":16,"enemies":"Gremlin Leader","floor":29,"turns":6},{"damage":31,"enemies":"Slavers","floor":31,"turns":3},{"damage":7,"enemies":"Champ","floor":33,"turns":14},{"damage":18,"enemies":"3 Shapes","floor":35,"turns":3},{"damage":11,"enemies":"Orb Walker","floor":38,"turns":3},{"damage":7,"enemies":"Nemesis","floor":40,"turns":9},{"damage":0,"enemies":"Mind Bloom Boss Battle","floor":42,"turns":2},{"damage":7,"enemies":"Writhing Mass","floor":45,"turns":2},{"damage":6,"enemies":"Transient","floor":46,"turns":5},{"damage":0,"enemies":"Sphere and 2 Shapes","floor":48,"turns":3},{"damage":0,"enemies":"Donu and Deca","floor":50,"turns":3}],"seed_played":"7533362683850178161","potions_obtained":[{"floor":1,"key":"GamblersBrew"},{"floor":11,"key":"Weak Potion"},{"floor":14,"key":"Fire Potion"},{"floor":18,"key":"Ancient Potion"},{"floor":29,"key":"PowerPotion"},{"floor":40,"key":"Regen Potion"},{"floor":48,"key":"FocusPotion"}],"is_trial":false,"path_per_floor":["M","?","?","$","M","R","T","E","T","R","M","R","$","M","R","B",null,"M","M","?","?","M","R","E","R","T","$","M","E","R","E","R","B",null,"M","?","?","M","$","E","R","?","T","R","M","M","$","M","R","B",null],"character_chosen":"DEFECT","items_purchased":["Coolheaded","Defragment","Cables","Buffer","Bronze Scales","Mummified Hand"],"campfire_rested":1,"item_purchase_floors":[4,13,27,27,27,39],"current_hp_per_floor":[49,49,46,46,46,46,46,41,41,41,48,48,48,52,52,33,65,67,71,55,34,23,45,42,42,42,42,54,50,50,21,21,61,72,56,47,47,38,38,53,53,75,75,75,75,75,75,75,75,75],"gold":79,"neow_bonus":"THREE_RARE_CARDS","is_prod":false,"is_daily":false,"chose_seed":false,"campfire_upgraded":10,"win_rate":0,"timestamp":1557639202,"path_taken":["M","?","?","$","M","R","?","E","T","R","M","R","$","M","R","BOSS","M","M","?","?","?","R","E","R","T","$","M","E","R","E","R","BOSS","M","?","?","M","$","E","R","?","T","R","M","M","$","M","R","BOSS"],"build_version":"2019-01-23","purchased_purges":3,"victory":true,"max_hp_per_floor":[75,75,75,75,75,75,75,75,75,75,75,75,75,75,75,75,75,75,75,75,75,75,75,75,75,75,75,75,75,75,75,75,75,75,75,75,75,75,75,75,75,75,75,75,75,75,75,75,75,75],"card_choices":[{"not_picked":["Thunder Strike","Core Surge"],"picked":"Electrodynamics","floor":0},{"not_picked":["Aggregate","Streamline"],"picked":"Auto Shields","floor":1},{"not_picked":["Stack","Streamline"],"picked":"Self Repair","floor":5},{"not_picked":["Scrape","Barrage"],"picked":"Hologram","floor":8},{"not_picked":["Chill","Sweeping Beam"],"picked":"Genetic Algorithm","floor":11},{"not_picked":["Leap","Heatsinks"],"picked":"Ball Lightning","floor":14},{"not_picked":["Reboot","Multi-Cast"],"picked":"Amplify","floor":16},{"not_picked":["Beam Cell+1","Rebound+1"],"picked":"Coolheaded","floor":18},{"not_picked":["Leap","Compile Driver"],"picked":"Ball Lightning+1","floor":19},{"not_picked":["Compile Driver","Beam Cell"],"picked":"Rebound","floor":22},{"not_picked":["Auto Shields+1","Self Repair+1","Gash"],"picked":"SKIP","floor":24},{"not_picked":["Stack","Cold Snap","Ball Lightning+1"],"picked":"SKIP","floor":28},{"not_picked":["Undo","Auto Shields"],"picked":"Chill","floor":29},{"not_picked":["Doom and Gloom","Buffer+1"],"picked":"Coolheaded+1","floor":31},{"not_picked":["Buffer+1","Machine Learning+1"],"picked":"Multi-Cast","floor":33},{"not_picked":["Storm+1","Doom and Gloom","Tempest"],"picked":"SKIP","floor":35},{"not_picked":["Undo","Chaos+1"],"picked":"Stack+1","floor":38},{"not_picked":["Conserve Battery","Force Field"],"picked":"Recycle+1","floor":40},{"not_picked":["Steam","Beam Cell"],"picked":"Storm+1","floor":42},{"not_picked":["Fusion","Sweeping Beam+1"],"picked":"Glacier+1","floor":45},{"not_picked":["Stack+1","Skim+1","Leap+1"],"picked":"SKIP","floor":46},{"not_picked":["Rebound+1","Hologram"],"picked":"Defragment+1","floor":48}],"player_experience":453303,"relics_obtained":[{"floor":7,"key":"Blood Vial"},{"floor":8,"key":"Ginger"},{"floor":9,"key":"Emotion Chip"},{"floor":20,"key":"Enchiridion"},{"floor":24,"key":"Old Coin"},{"floor":26,"key":"Pantograph"},{"floor":29,"key":"Frozen Egg 2"},{"floor":31,"key":"Happy Flower"},{"floor":40,"key":"Juzu Bracelet"},{"floor":42,"key":"Incense Burner"},{"floor":43,"key":"Bottled Tornado"}],"event_choices":[{"damage_healed":0,"gold_gain":0,"player_choice":"Grow","damage_taken":0,"max_hp_gain":0,"max_hp_loss":0,"event_name":"Living Wall","floor":2,"gold_loss":0,"cards_upgraded":["Zap"]},{"damage_healed":0,"gold_gain":0,"player_choice":"Success","damage_taken":3,"relics_obtained":["Tiny Chest"],"max_hp_gain":0,"max_hp_loss":0,"event_name":"Scrap Ooze","floor":3,"gold_loss":0},{"damage_healed":0,"gold_gain":0,"player_choice":"Obtained Book","damage_taken":16,"max_hp_gain":0,"max_hp_loss":0,"event_name":"Cursed Tome","floor":20,"gold_loss":0},{"damage_healed":0,"gold_gain":90,"player_choice":"GOLD CARD ","damage_taken":21,"max_hp_gain":0,"max_hp_loss":0,"event_name":"Knowing Skull","floor":21,"potions_obtained":[],"gold_loss":0,"cards_obtained":["Panacea"]},{"damage_healed":0,"gold_gain":0,"player_choice":"Embrace Madness","damage_taken":9,"max_hp_gain":0,"max_hp_loss":0,"event_name":"Winding Halls","floor":36,"gold_loss":0,"cards_obtained":["Madness","Madness"]},{"damage_healed":0,"gold_gain":0,"player_choice":"Ignored","damage_taken":0,"max_hp_gain":0,"max_hp_loss":0,"event_name":"Tomb of Lord Red Mask","floor":37,"gold_loss":0},{"damage_healed":0,"gold_gain":0,"player_choice":"Fight","damage_taken":0,"max_hp_gain":0,"max_hp_loss":0,"event_name":"MindBloom","floor":42,"gold_loss":0}],"is_beta":false,"boss_relics":[{"not_picked":["Ectoplasm","Calling Bell"],"picked":"Runic Pyramid"},{"not_picked":["Snecko Eye","Astrolabe"],"picked":"Pandora\u0027s Box"}],"items_purged_floors":[4,27,47],"is_endless":false,"potions_floor_spawned":[1,11,14,18,22,28,29,40,48],"ascension_level":8}