{"gold_per_floor":[110,110,110,121,46,78,101,130,130,130,141,416,416,436,436,507,507,517,202,127,51,51,51,85,85,85,85],"floor_reached":27,"playtime":943,"items_purged":["Regret","Regret"],"score":455,"play_id":"b7c90704-7b39-4bd2-a7cd-44c25176f525","local_time":"20190513233216","is_ascension_mode":true,"campfire_choices":[{"floor":10,"key":"REST"},{"data":"Spot Weakness","floor":13,"key":"SMITH"},{"floor":15,"key":"REST"},{"floor":23,"key":"REST"},{"data":"Mayhem","floor":25,"key":"SMITH"}],"neow_cost":"NONE","seed_source_timestamp":19180608405300,"circlet_count":0,"master_deck":["AscendersBane","Strike_R","Strike_R","Strike_R","Strike_R","Strike_R","Defend_R","Defend_R","Defend_R","Defend_R","Bash","Carnage","Spot Weakness+1","Dark Embrace","Flex","Seeing Red","Infernal Blade","Headbutt","Bludgeon","Rupture","Mayhem+1","Evolve","J.A.X.","Bludgeon"],"relics":["Burning Blood","NeowsBlessing","Prayer Wheel","WarpedTongs","Magic Flower","Centennial Puzzle","Vajra","Sundial","Lizard Tail","Ginger","Meat on the Bone"],"potions_floor_usage":[11,18],"damage_taken":[{"damage":0,"enemies":"2 Louse","floor":1,"turns":1},{"damage":1,"enemies":"Cultist","floor":4,"turns":1},{"damage":0,"enemies":"Gremlin Nob","floor":6,"turns":1},{"damage":48,"enemies":"Lagavulin","floor":8,"turns":7},{"damage":1,"enemies":"Small Slimes","floor":11,"turns":4},{"damage":20,"enemies":"Gremlin Gang","floor":14,"turns":4},{"damage":69,"enemies":"Hexaghost","floor":16,"turns":7},{"damage":15,"enemies":"Chosen","floor":18,"turns":4},{"damage":86,"enemies":"Slavers","floor":24,"turns":7},{"damage":67,"enemies":"Gremlin Leader","floor":27,"turns":6}],"seed_played":"3207762683270465301","potions_obtained":[{"floor":8,"key":"Fruit Juice"},{"floor":16,"key":"GamblersBrew"}],"is_trial":false,"path_per_floor":["M","?","?","M","$","E","T","E","T","R","M","?","R","M","R","B",null,"M","$","?","$","?","R","E","R","T","E"],"character_chosen":"IRONCLAD","items_purchased":["Rupture","Mayhem","Evolve"],"campfire_rested":3,"item_purchase_floors":[19,19,21],"current_hp_per_floor":[74,74,74,75,75,75,75,36,36,58,74,74,74,63,80,20,65,59,59,59,59,59,80,67,67,67,0],"gold":85,"neow_bonus":"THREE_ENEMY_KILL","is_prod":false,"is_daily":false,"chose_seed":false,"campfire_upgraded":2,"win_rate":0,"timestamp":1557783136,"path_taken":["M","?","?","?","$","E","?","E","T","R","M","?","R","M","R","BOSS","M","$","?","$","?","R","E","R","T","E"],"build_version":"2019-01-23","purchased_purges":2,"victory":false,"max_hp_per_floor":[75,75,75,75,75,75,75,75,75,75,80,80,80,80,80,80,80,80,80,80,80,80,80,80,80,80,80],"card_choices":[{"not_picked":["Perfected Strike","Pommel Strike"],"picked":"Carnage","floor":1},{"not_picked":["Sword Boomerang","Thunderclap"],"picked":"Spot Weakness","floor":4},{"not_picked":["Heavy Blade","Armaments","Shrug It Off"],"picked":"SKIP","floor":4},{"not_picked":["Body Slam","Thunderclap"],"picked":"Dark Embrace","floor":6},{"not_picked":["Sentinel","Twin Strike"],"picked":"Flex","floor":8},{"not_picked":["Perfected Strike","Warcry"],"picked":"Seeing Red","floor":11},{"not_picked":["Clothesline","Havoc","Thunderclap"],"picked":"SKIP","floor":11},{"not_picked":["Flex","Anger"],"picked":"Infernal Blade","floor":14},{"not_picked":["Pummel","True Grit"],"picked":"Headbutt","floor":14},{"not_picked":["Impervious","Berserk"],"picked":"Bludgeon","floor":16},{"not_picked":["Warcry","Headbutt","Thunderclap"],"picked":"SKIP","floor":18},{"not_picked":["True Grit","Perfected Strike","Anger"],"picked":"SKIP","floor":18},{"not_picked":["Feel No Pain","Warcry"],"picked":"Bludgeon","floor":24}],"player_experience":1855944,"relics_obtained":[{"floor":6,"key":"Magic Flower"},{"floor":7,"key":"Centennial Puzzle"},{"floor":8,"key":"Vajra"},{"floor":9,"key":"Sundial"},{"floor":24,"key":"Ginger"},{"floor":26,"key":"Meat on the Bone"}],"event_choices":[{"damage_healed":0,"gold_gain":0,"player_choice":"Box","damage_taken":0,"relics_obtained":["Prayer Wheel"],"max_hp_gain":0,"max_hp_loss":0,"event_name":"Big Fish","floor":2,"gold_loss":0,"cards_obtained":["Regret"]},{"damage_healed":0,"gold_gain":0,"player_choice":"Rummage","damage_taken":0,"relics_obtained":["WarpedTongs"],"max_hp_gain":0,"max_hp_loss":0,"event_name":"Accursed Blacksmith","floor":3,"gold_loss":0,"cards_obtained":["Pain"]},{"damage_healed":0,"gold_gain":275,"player_choice":"Desecrate","damage_taken":0,"max_hp_gain":0,"max_hp_loss":0,"event_name":"Golden Shrine","floor":12,"gold_loss":0,"cards_obtained":["Regret"]},{"cards_removed":["Pain"],"damage_healed":0,"gold_gain":0,"player_choice":"Gave Gold","damage_taken":0,"max_hp_gain":0,"max_hp_loss":0,"event_name":"Beggar","floor":20,"gold_loss":75},{"damage_healed":0,"gold_gain":0,"player_choice":"Obtain J.A.X.","damage_taken":0,"max_hp_gain":0,"max_hp_loss":0,"event_name":"Drug Dealer","floor":22,"gold_loss":0,"cards_obtained":["J.A.X."]}],"is_beta":false,"boss_relics":[{"not_picked":["Fusion Hammer","Tiny House"],"picked":"Lizard Tail"}],"items_purged_floors":[5,19],"is_endless":false,"potions_floor_spawned":[8,16],"killed_by":"Gremlin Leader","ascension_level":15}