{"gold_per_floor":[110,110,110,121,132,160,160,187,217,246,16,34,34,47,47,47],"floor_reached":16,"playtime":1386,"items_purged":["Defend_G"],"score":131,"play_id":"ef21b547-75cd-4be3-81b3-74993c3fc4c2","local_time":"20190512224853","is_ascension_mode":true,"campfire_choices":[{"floor":7.0,"key":"REST"},{"floor":15.0,"key":"REST"}],"neow_cost":"NONE","seed_source_timestamp":380852941371163,"circlet_count":0,"master_deck":["Defend_G","Defend_G","Defend_G","Defend_G","Strike_G","Strike_G","Strike_G","Strike_G","Strike_G","Survivor","Neutralize","Tactician","Dash","Acrobatics","Backflip","Backflip","Wraith Form v2","Prepared","Dash","PiercingWail"],"special_seed":0,"relics":["Ring of the Snake","Oddly Smooth Stone","Strawberry","Spirit Poop","Kunai","Du-Vu Doll","Tiny Chest","Anchor","Dream Catcher"],"potions_floor_usage":[16],"damage_taken":[{"damage":0.0,"enemies":"Small Slimes","floor":1.0,"turns":4.0},{"damage":2.0,"enemies":"Cultist","floor":4.0,"turns":5.0},{"damage":0.0,"enemies":"2 Louse","floor":5.0,"turns":3.0},{"damage":36.0,"enemies":"Lagavulin","floor":6.0,"turns":10.0},{"damage":9.0,"enemies":"3 Sentries","floor":8.0,"turns":15.0},{"damage":14.0,"enemies":"Gremlin Nob","floor":10.0,"turns":6.0},{"damage":12.0,"enemies":"Lots of Slimes","floor":12.0,"turns":6.0},{"damage":1.0,"enemies":"Gremlin Gang","floor":14.0,"turns":7.0},{"damage":49,"enemies":"Slime Boss","floor":16,"turns":15}],"seed_played":"1746878663609854999","potions_obtained":[{"floor":5.0,"key":"Dexterity Potion"},{"floor":6.0,"key":"Explosive Potion"},{"floor":12.0,"key":"Swift Potion"}],"is_trial":false,"path_per_floor":["M","?","?","M","M","E","R","E","T","E","$","M","$","M","R","B"],"character_chosen":"THE_SILENT","items_purchased":["Dream Catcher"],"campfire_rested":2,"item_purchase_floors":[11],"current_hp_per_floor":[70,77,77,75,75,39,62,53,53,39,39,27,27,26,49,0],"gold":47,"neow_bonus":"RANDOM_COMMON_RELIC","is_prod":false,"is_daily":false,"chose_seed":false,"campfire_upgraded":0,"win_rate":0,"timestamp":1557668933,"path_taken":["M","?","?","M","M","E","R","E","T","E","$","?","?","M","R","BOSS"],"build_version":"2019-01-23","purchased_purges":1,"victory":false,"max_hp_per_floor":[70,77,77,77,77,77,77,77,77,77,77,77,77,77,77,77],"card_choices":[{"not_picked":["Deflect","Predator"],"picked":"Tactician","floor":1.0},{"not_picked":["Cloak And Dagger","Slice"],"picked":"Dash","floor":4.0},{"not_picked":["Underhanded Strike","Predator"],"picked":"Acrobatics","floor":5.0},{"not_picked":["Underhanded Strike","Acrobatics"],"picked":"Backflip","floor":6.0},{"not_picked":["Backstab","Predator"],"picked":"Backflip","floor":8.0},{"not_picked":["Outmaneuver","Venomology"],"picked":"Wraith Form v2","floor":10.0},{"not_picked":["Predator","Sucker Punch"],"picked":"Prepared","floor":12.0},{"not_picked":["Bane","Prepared"],"picked":"Dash","floor":14.0},{"not_picked":["Slice","Outmaneuver"],"picked":"PiercingWail","floor":15.0}],"player_experience":178045,"relics_obtained":[{"floor":6.0,"key":"Kunai"},{"floor":8.0,"key":"Du-Vu Doll"},{"floor":9.0,"key":"Tiny Chest"},{"floor":10.0,"key":"Anchor"}],"event_choices":[{"damage_healed":0.0,"max_hp_gain":0.0,"max_hp_loss":0.0,"gold_gain":0.0,"event_name":"Big Fish","player_choice":"Box","floor":2.0,"gold_loss":0.0,"damage_taken":0.0,"relics_obtained":["Strawberry"],"cards_obtained":["Regret"]},{"cards_removed":["Regret"],"damage_healed":0.0,"max_hp_gain":0.0,"max_hp_loss":0.0,"gold_gain":0.0,"event_name":"Bonfire Elementals","player_choice":"Offered Curse","floor":3.0,"gold_loss":0.0,"damage_taken":0.0,"relics_obtained":["Spirit Poop"]}],"is_beta":false,"boss_relics":[],"items_purged_floors":[11],"is_endless":false,"potions_floor_spawned":[5,6,12],"killed_by":"Slime Boss","ascension_level":2}