{"gold_per_floor":[112,112,112,126,51,84,102,28,28,48,64,27,27,27,27,27],"floor_reached":16,"playtime":811,"items_purged":["Regret"],"score":145,"play_id":"8cdea6ec-dd9f-43fc-b9e3-b7c95653b34b","local_time":"20190127154202","is_ascension_mode":true,"campfire_choices":[{"floor":13,"key":"REST"},{"floor":15,"key":"REST"}],"neow_cost":"PERCENT_DAMAGE","seed_source_timestamp":338135236668400,"circlet_count":0,"master_deck":["Defend_G","Defend_G","Defend_G","Defend_G","Defend_G","Strike_G","Strike_G","Strike_G","Strike_G","Strike_G","Survivor","Neutralize","Deflect","Prepared","Night Terror","Acrobatics","Outmaneuver","Concentrate"],"relics":["Ring of the Snake","Mummified Hand","Ninja Scroll","Blood Vial","Centennial Puzzle"],"potions_floor_usage":[6,6,6,10],"damage_taken":[{"damage":0,"enemies":"Small Slimes","floor":1,"turns":3},{"damage":6,"enemies":"Jaw Worm","floor":4,"turns":4},{"damage":42,"enemies":"3 Sentries","floor":6,"turns":17},{"damage":4,"enemies":"Cultist","floor":7,"turns":4},{"damage":21,"enemies":"Large Slime","floor":10,"turns":17},{"damage":0,"enemies":"Blue Slaver","floor":11,"turns":5},{"damage":59,"enemies":"Slime Boss","floor":16,"turns":6}],"seed_played":"-6521892500285991458","potions_obtained":[{"floor":3,"key":"Energy Potion"},{"floor":3,"key":"Block Potion"},{"floor":3,"key":"FairyPotion"},{"floor":4,"key":"Regen Potion"}],"is_trial":false,"path_per_floor":["M","?","?","M","$","E","M","$","T","M","M","?","R","T","R","B"],"character_chosen":"THE_SILENT","items_purchased":["GhostInAJar"],"campfire_rested":2,"item_purchase_floors":[8],"current_hp_per_floor":[59,59,59,53,53,26,22,22,22,3,5,5,30,30,55,0],"gold":27,"neow_bonus":"TWENTY_PERCENT_HP_BONUS","is_prod":false,"is_daily":false,"chose_seed":false,"campfire_upgraded":0,"win_rate":0,"timestamp":1548600122,"path_taken":["M","?","?","?","$","E","M","$","T","M","M","?","R","?","R","BOSS"],"build_version":"2019-01-23","purchased_purges":1,"victory":false,"max_hp_per_floor":[84,84,84,84,84,84,84,84,84,84,84,84,84,84,84,84],"card_choices":[{"not_picked":["Blade Dance","Infinite Blades"],"picked":"Deflect","floor":1},{"not_picked":["Dodge and Roll","Tactician"],"picked":"Prepared","floor":4},{"not_picked":["Crippling Poison","Acrobatics"],"picked":"Night Terror","floor":6},{"not_picked":["Backflip","Deadly Poison"],"picked":"Acrobatics","floor":7},{"not_picked":["Underhanded Strike","Tactician"],"picked":"Outmaneuver","floor":10},{"not_picked":["Tactician","Blade Dance"],"picked":"Concentrate","floor":11}],"player_experience":1335847,"relics_obtained":[{"floor":6,"key":"Ninja Scroll"},{"floor":9,"key":"Blood Vial"},{"floor":14,"key":"Centennial Puzzle"}],"event_choices":[{"damage_healed":0,"gold_gain":0,"player_choice":"Box","damage_taken":0,"relics_obtained":["Mummified Hand"],"max_hp_gain":0,"max_hp_loss":0,"event_name":"Big Fish","floor":2,"gold_loss":0,"cards_obtained":["Regret"]},{"damage_healed":0,"gold_gain":0,"player_choice":"Got Potions","damage_taken":0,"max_hp_gain":0,"max_hp_loss":0,"event_name":"Lab","floor":3,"gold_loss":0},{"damage_healed":0,"gold_gain":0,"player_choice":"Left Gold","damage_taken":0,"max_hp_gain":0,"max_hp_loss":0,"event_name":"World of Goop","floor":12,"gold_loss":37}],"is_beta":false,"boss_relics":[],"items_purged_floors":[5],"is_endless":false,"potions_floor_spawned":[4],"killed_by":"Slime Boss","ascension_level":9}