{"gold_per_floor":[117,133,133,151,5,5,17,51,98,98,98],"floor_reached":11,"playtime":10390,"items_purged":[],"score":124,"play_id":"3603b372-26fa-460b-a9b8-a2b5b44e537f","local_time":"20181228030110","is_ascension_mode":true,"campfire_choices":[{"data":"All Out Attack","floor":6,"key":"SMITH"}],"neow_cost":"CURSE","seed_source_timestamp":512512444429100,"circlet_count":0,"master_deck":["Defend_G","Defend_G","Defend_G","Defend_G","Defend_G","Strike_G","Strike_G","Strike_G","Strike_G","Strike_G","Survivor","Neutralize","All Out Attack+1","Poisoned Stab","Masterful Stab","Wraith Form v2"],"relics":["Ring of the Snake","Oddly Smooth Stone","Bottled Tornado","Strawberry","Juzu Bracelet"],"potions_floor_usage":[],"damage_taken":[{"damage":10,"enemies":"Jaw Worm","floor":1,"turns":6},{"damage":9,"enemies":"Cultist","floor":2,"turns":5},{"damage":7,"enemies":"Small Slimes","floor":4,"turns":3},{"damage":1,"enemies":"2 Fungi Beasts","floor":7,"turns":2},{"damage":25,"enemies":"Gremlin Nob","floor":8,"turns":5},{"damage":7,"enemies":"Exordium Thugs","floor":11,"turns":3}],"seed_played":"-7837060969463823745","potions_obtained":[{"floor":8,"key":"SpeedPotion"}],"is_trial":false,"path_per_floor":["M","M","?","M","$","R","M","E","T","?","M"],"character_chosen":"THE_SILENT","items_purchased":["Oddly Smooth Stone"],"campfire_rested":0,"item_purchase_floors":[5],"current_hp_per_floor":[67,58,58,51,51,51,50,25,32,7,0],"gold":98,"neow_bonus":"TWENTY_PERCENT_HP_BONUS","is_prod":false,"is_daily":false,"chose_seed":false,"campfire_upgraded":1,"win_rate":0,"timestamp":1545962470,"path_taken":["M","M","?","?","$","R","M","E","T","?","M"],"build_version":"2018-12-20","purchased_purges":0,"victory":false,"max_hp_per_floor":[84,84,84,84,84,84,84,84,91,91,91],"card_choices":[{"not_picked":["Sucker Punch","Deflect"],"picked":"All Out Attack","floor":1},{"not_picked":["Underhanded Strike","Acrobatics"],"picked":"Poisoned Stab","floor":2},{"not_picked":["Deflect","Slice"],"picked":"Masterful Stab","floor":4},{"not_picked":["Tactician","Outmaneuver"],"picked":"Wraith Form v2","floor":7},{"not_picked":["Distraction","Acrobatics","Bane"],"picked":"SKIP","floor":8}],"player_experience":1053977,"relics_obtained":[{"floor":8,"key":"Bottled Tornado"},{"floor":9,"key":"Strawberry"}],"event_choices":[{"cards_removed":["Regret"],"damage_healed":0,"gold_gain":0,"player_choice":"Removed Curses","damage_taken":0,"max_hp_gain":0,"max_hp_loss":0,"event_name":"Fountain of Cleansing","floor":3,"gold_loss":0},{"damage_healed":0,"gold_gain":0,"player_choice":"Success","damage_taken":25,"relics_obtained":["Juzu Bracelet"],"max_hp_gain":0,"max_hp_loss":0,"event_name":"Scrap Ooze","floor":10,"gold_loss":0}],"is_beta":false,"boss_relics":[],"items_purged_floors":[],"is_endless":false,"potions_floor_spawned":[8],"killed_by":"Exordium Thugs","ascension_level":7}