{"gold_per_floor":[118,132,132,150,162,194,194,212,212,212,242,242,12,26,26,103,103,119,119,133,33,47,78,89,89,89,117,117,117],"floor_reached":29,"playtime":1798,"items_purged":["Strike_B","Strike_B"],"score":600,"play_id":"db9827c4-9471-407a-a1c3-bad854ba23b6","local_time":"20190502071121","is_ascension_mode":true,"campfire_choices":[{"data":"Zap","floor":7.0,"key":"SMITH"},{"data":"Sweeping Beam","floor":10.0,"key":"SMITH"},{"data":"Multi-Cast","floor":15.0,"key":"SMITH"},{"floor":25.0,"key":"REST"}],"neow_cost":"TEN_PERCENT_HP_LOSS","seed_source_timestamp":435728082391353,"circlet_count":0,"master_deck":["AscendersBane","Strike_B","Defend_B","Defend_B","Defend_B","Defend_B","Zap+1","Dualcast","Cold Snap","Ball Lightning","Genetic Algorithm","Ball Lightning","Sweeping Beam+1","Sunder+1","Turbo","Creative AI","Multi-Cast+1","Creative AI","Coolheaded","Coolheaded","Conserve Battery","Conserve Battery+1","Darkness+1","Multi-Cast+1"],"special_seed":0,"relics":["Cracked Core","FossilizedHelix","Symbiotic Virus","Thread and Needle","Black Star","Kunai","Toxic Egg 2","Bottled Lightning","The Courier","Pear"],"potions_floor_usage":[29],"damage_taken":[{"damage":0.0,"enemies":"2 Louse","floor":1.0,"turns":1.0},{"damage":0.0,"enemies":"Cultist","floor":2.0,"turns":3.0},{"damage":0.0,"enemies":"Small Slimes","floor":4.0,"turns":2.0},{"damage":0.0,"enemies":"Blue Slaver","floor":5.0,"turns":3.0},{"damage":8.0,"enemies":"Lagavulin","floor":6.0,"turns":6.0},{"damage":0.0,"enemies":"Exordium Thugs","floor":8.0,"turns":3.0},{"damage":0.0,"enemies":"Gremlin Nob","floor":11.0,"turns":3.0},{"damage":0.0,"enemies":"Large Slime","floor":14.0,"turns":3.0},{"damage":10.0,"enemies":"The Guardian","floor":16.0,"turns":7.0},{"damage":3.0,"enemies":"Shell Parasite","floor":18.0,"turns":5.0},{"damage":9.0,"enemies":"2 Thieves","floor":20.0,"turns":4.0},{"damage":0.0,"enemies":"3 Cultists","floor":22.0,"turns":4.0},{"damage":12.0,"enemies":"Book of Stabbing","floor":23.0,"turns":5.0},{"damage":1.0,"enemies":"Cultist and Chosen","floor":24.0,"turns":5.0},{"damage":13.0,"enemies":"Gremlin Leader","floor":27.0,"turns":4.0},{"damage":43,"enemies":"Book of Stabbing","floor":29,"turns":6}],"seed_played":"-2280570530260949338","potions_obtained":[{"floor":2.0,"key":"Strength Potion"},{"floor":6.0,"key":"SpeedPotion"},{"floor":14.0,"key":"Block Potion"},{"floor":24.0,"key":"FearPotion"},{"floor":27.0,"key":"Block Potion"}],"is_trial":false,"path_per_floor":["M","M","?","M","M","E","R","M","T","R","E","?","$","M","R","B",null,"M","?","M","$","M","E","M","R","T","E","?","E"],"character_chosen":"DEFECT","items_purchased":["Creative AI"],"campfire_rested":1,"item_purchase_floors":[13],"current_hp_per_floor":[64,64,64,64,64,56,56,56,56,56,56,56,56,56,56,46,60,57,57,48,48,48,36,35,54,54,51,40,0],"gold":117,"neow_bonus":"ONE_RARE_RELIC","is_prod":false,"is_daily":false,"chose_seed":false,"campfire_upgraded":3,"win_rate":0,"timestamp":1556795481,"path_taken":["M","M","?","M","?","E","R","M","T","R","E","?","$","M","R","BOSS","M","?","M","?","?","E","M","R","T","E","?","E"],"build_version":"2019-01-23","purchased_purges":2,"victory":false,"max_hp_per_floor":[64,64,64,64,64,64,64,64,64,64,64,64,64,64,64,64,64,64,64,64,64,64,64,64,64,64,74,74,74],"card_choices":[{"not_picked":["Reinforced Body","Turbo"],"picked":"Cold Snap","floor":1.0},{"not_picked":["Steam","Turbo"],"picked":"Ball Lightning","floor":2.0},{"not_picked":["Conserve Battery","Gash"],"picked":"Genetic Algorithm","floor":4.0},{"not_picked":["Undo","Barrage"],"picked":"Ball Lightning","floor":5.0},{"not_picked":["Ball Lightning","Go for the Eyes"],"picked":"Sweeping Beam","floor":6.0},{"not_picked":["Steam Power","Barrage","Darkness"],"picked":"SKIP","floor":8.0},{"not_picked":["Chaos","Redo"],"picked":"Sunder","floor":11.0},{"not_picked":["Fusion","Steam Power"],"picked":"Multi-Cast","floor":14.0},{"not_picked":["Machine Learning","Multi-Cast"],"picked":"Creative AI","floor":16.0},{"not_picked":["Turbo","Sweeping Beam+1"],"picked":"Coolheaded","floor":18.0},{"not_picked":["Beam Cell","Compile Driver"],"picked":"Coolheaded","floor":20.0},{"not_picked":["Leap","Storm"],"picked":"Conserve Battery","floor":22.0},{"not_picked":["Rebound","Chill"],"picked":"Conserve Battery","floor":23.0},{"not_picked":["Leap+1","Go for the Eyes"],"picked":"Darkness+1","floor":24.0},{"not_picked":["Force Field+1","Fission+1"],"picked":"Multi-Cast+1","floor":27.0}],"player_experience":825450,"relics_obtained":[{"floor":6.0,"key":"Symbiotic Virus"},{"floor":11.0,"key":"Thread and Needle"},{"floor":23.0,"key":"Kunai"},{"floor":23.0,"key":"Toxic Egg 2"},{"floor":26.0,"key":"Bottled Lightning"},{"floor":27.0,"key":"The Courier"},{"floor":27.0,"key":"Pear"}],"event_choices":[{"damage_healed":0.0,"max_hp_gain":0.0,"max_hp_loss":0.0,"gold_gain":0.0,"event_name":"Match and Keep!","player_choice":"0 cards matched","floor":3.0,"gold_loss":0.0,"damage_taken":0.0,"cards_obtained":[]},{"damage_healed":0.0,"max_hp_gain":0.0,"max_hp_loss":0.0,"gold_gain":0.0,"cards_transformed":["Strike_B"],"event_name":"Living Wall","player_choice":"Change","floor":12.0,"gold_loss":0.0,"damage_taken":0.0,"cards_obtained":["Turbo"]},{"damage_healed":0.0,"max_hp_gain":0.0,"max_hp_loss":0.0,"gold_gain":0.0,"event_name":"Upgrade Shrine","player_choice":"Upgraded","floor":19.0,"gold_loss":0.0,"damage_taken":0.0,"cards_upgraded":["Sunder"]},{"damage_healed":0.0,"max_hp_gain":0.0,"max_hp_loss":0.0,"gold_gain":0.0,"event_name":"Wheel of Change","player_choice":"Damaged","floor":28.0,"gold_loss":0.0,"damage_taken":11.0}],"is_beta":false,"boss_relics":[{"not_picked":["White Beast Statue","Busted Crown"],"picked":"Black Star"}],"items_purged_floors":[13,21],"is_endless":false,"potions_floor_spawned":[2,6,14,24,27],"killed_by":"Book of Stabbing","ascension_level":20}