{"gold_per_floor":[116,116,116,126,10,10,38,38,64,95,115,115,141,151,151,250,250,268,284,284,356,356,356,383,383,409,409,426,426,426],"floor_reached":30,"playtime":1321,"items_purged":[],"score":356,"play_id":"bfa95fb8-0a51-4c22-81ea-2ff521520b3c","local_time":"20181114112906","is_ascension_mode":true,"campfire_choices":[{"data":"Bash","floor":6,"key":"SMITH"},{"floor":8,"key":"REST"},{"floor":15,"key":"REST"},{"data":"Dual Wield","floor":23,"key":"SMITH"},{"floor":25,"key":"REST"},{"data":"Decay","floor":27,"key":"PURGE"},{"data":"Shame","floor":29,"key":"PURGE"}],"neow_cost":"CURSE","seed_source_timestamp":647618188937500,"circlet_count":0,"master_deck":["Strike_R","Strike_R","Strike_R","Strike_R","Defend_R","Defend_R","Defend_R","Defend_R","Bash+1","Panache","The Bomb","Pommel Strike","Disarm","Metallicize","Power Through","Cleave","Flame Barrier","Flex","Spot Weakness","Dual Wield+1","Feed","Flex+1","Sword Boomerang","Shame","Necronomicurse","Second Wind","Pommel Strike+1"],"relics":["Burning Blood","Incense Burner","Boot","Magic Flower","Potion Belt","Cursed Key","Ginger","Bottled Tornado","Necronomicon","Peace Pipe","Red Skull"],"potions_floor_usage":[10,13,16,24,28,30],"damage_taken":[{"damage":10,"enemies":"Cultist","floor":1,"turns":4},{"damage":10,"enemies":"Jaw Worm","floor":4,"turns":6},{"damage":27,"enemies":"Gremlin Nob","floor":7,"turns":5},{"damage":33,"enemies":"Lagavulin","floor":10,"turns":5},{"damage":0,"enemies":"2 Louse","floor":11,"turns":4},{"damage":1,"enemies":"Gremlin Nob","floor":13,"turns":4},{"damage":18,"enemies":"Exordium Wildlife","floor":14,"turns":5},{"damage":35,"enemies":"Slime Boss","floor":16,"turns":8},{"damage":18,"enemies":"Spheric Guardian","floor":18,"turns":6},{"damage":0,"enemies":"3 Byrds","floor":19,"turns":3},{"damage":39,"enemies":"Book of Stabbing","floor":24,"turns":5},{"damage":18,"enemies":"Snake Plant","floor":28,"turns":5},{"damage":72,"enemies":"Gremlin Leader","floor":30,"turns":5}],"seed_played":"305907553838169856","potions_obtained":[{"floor":4,"key":"Explosive Potion"},{"floor":10,"key":"EssenceOfSteel"},{"floor":14,"key":"Fire Potion"},{"floor":16,"key":"Fire Potion"},{"floor":18,"key":"Strength Potion"},{"floor":24,"key":"Regen Potion"}],"is_trial":false,"path_per_floor":["M","?","?","M","$","R","E","R","T","E","M","$","E","M","R","B",null,"M","M","?","T","?","R","E","R","T","R","M","R","E"],"character_chosen":"IRONCLAD","items_purchased":["Power Through","Cleave"],"campfire_rested":3,"item_purchase_floors":[5,5],"current_hp_per_floor":[68,68,68,64,64,64,43,67,67,40,49,49,57,48,72,46,72,63,72,72,72,56,56,26,50,50,50,63,63,0],"gold":426,"neow_bonus":"RANDOM_COLORLESS_2","is_prod":false,"is_daily":false,"chose_seed":false,"campfire_upgraded":2,"win_rate":0,"timestamp":1542191346,"path_taken":["M","?","?","?","?","R","E","R","T","E","M","$","E","M","R","BOSS","M","?","?","?","?","R","E","R","T","R","?","R","E"],"build_version":"2018-11-08","purchased_purges":0,"victory":false,"max_hp_per_floor":[80,80,80,80,80,80,80,80,80,80,80,80,80,80,80,80,80,80,80,80,80,80,80,80,80,80,80,80,80,80],"card_choices":[{"not_picked":["Fire Breathing","Perfected Strike"],"picked":"Pommel Strike","floor":1},{"not_picked":["Iron Wave","Flex"],"picked":"Metallicize","floor":4},{"not_picked":["Feel No Pain","Heavy Blade","Burning Pact"],"picked":"SKIP","floor":7},{"not_picked":["Evolve","Uppercut"],"picked":"Flame Barrier","floor":10},{"not_picked":["Twin Strike","Wild Strike"],"picked":"Flex","floor":11},{"not_picked":["Clash","Armaments"],"picked":"Spot Weakness","floor":13},{"not_picked":["Perfected Strike","Cleave"],"picked":"Dual Wield","floor":14},{"not_picked":["Fiend Fire","Offering"],"picked":"Feed","floor":16},{"not_picked":["Fire Breathing","Headbutt"],"picked":"Flex+1","floor":18},{"not_picked":["Clash","Iron Wave"],"picked":"Sword Boomerang","floor":19},{"not_picked":["Shrug It Off","Havoc"],"picked":"Second Wind","floor":24},{"not_picked":["Rupture","Thunderclap"],"picked":"Pommel Strike+1","floor":28}],"player_experience":907374,"relics_obtained":[{"floor":7,"key":"Incense Burner"},{"floor":9,"key":"Boot"},{"floor":10,"key":"Magic Flower"},{"floor":13,"key":"Potion Belt"},{"floor":21,"key":"Bottled Tornado"},{"floor":22,"key":"Necronomicon"},{"floor":24,"key":"Peace Pipe"},{"floor":26,"key":"Red Skull"}],"event_choices":[{"cards_removed":["Regret"],"damage_healed":0,"gold_gain":0,"player_choice":"Forget","damage_taken":0,"max_hp_gain":0,"max_hp_loss":0,"event_name":"Living Wall","floor":2,"gold_loss":0},{"damage_healed":0,"gold_gain":0,"cards_transformed":["Strike_R"],"player_choice":"Transformed","damage_taken":0,"max_hp_gain":0,"max_hp_loss":0,"event_name":"Transmorgrifier","floor":3,"gold_loss":0,"cards_obtained":["Disarm"]},{"damage_healed":0,"gold_gain":0,"player_choice":"Stole Relic","damage_taken":0,"relics_obtained":["Ginger"],"max_hp_gain":0,"max_hp_loss":0,"event_name":"Addict","floor":20,"gold_loss":0,"cards_obtained":["Shame"]},{"damage_healed":0,"gold_gain":0,"player_choice":"Obtained Book","damage_taken":16,"max_hp_gain":0,"max_hp_loss":0,"event_name":"Cursed Tome","floor":22,"gold_loss":0}],"is_beta":false,"boss_relics":[{"not_picked":["Runic Pyramid","Velvet Choker"],"picked":"Cursed Key"}],"items_purged_floors":[],"is_endless":false,"potions_floor_spawned":[4,10,14,16,18,24],"killed_by":"Gremlin Leader","ascension_level":7}