{"gold_per_floor":[116,129,94,107,126,126,126,138,138,162,19,19,39,39,39,39],"floor_reached":16,"playtime":438,"items_purged":[],"score":138,"play_id":"232347e2-19db-4f28-8f6a-56f8ac50d2f7","local_time":"20190114171341","is_ascension_mode":true,"campfire_choices":[{"floor":6,"key":"DIG"},{"floor":15,"key":"DIG"}],"neow_cost":"PERCENT_DAMAGE","seed_source_timestamp":398291742649100,"circlet_count":0,"master_deck":["AscendersBane","Strike_R","Strike_R","Strike_R","Strike_R","Defend_R","Defend_R","Defend_R","Defend_R","Bash","Thunderclap","Cleave","Double Tap","Rampage","Perfected Strike","Disarm","Seeing Red"],"relics":["Burning Blood","Shovel","Omamori","Smiling Mask","Juzu Bracelet","Anchor","Frozen Egg 2"],"potions_floor_usage":[5],"damage_taken":[{"damage":7,"enemies":"Small Slimes","floor":1,"turns":4},{"damage":12,"enemies":"Jaw Worm","floor":2,"turns":3},{"damage":1,"enemies":"Cultist","floor":4,"turns":3},{"damage":33,"enemies":"Exordium Wildlife","floor":5,"turns":6},{"damage":10,"enemies":"Exordium Thugs","floor":8,"turns":5},{"damage":6,"enemies":"2 Fungi Beasts","floor":13,"turns":4},{"damage":50,"enemies":"The Guardian","floor":16,"turns":6}],"seed_played":"618857479280310174","potions_obtained":[{"floor":2,"key":"LiquidBronze"},{"floor":8,"key":"FairyPotion"}],"is_trial":false,"path_per_floor":["M","M","?","M","M","R","?","M","T","T","$","?","M","$","R","B"],"character_chosen":"IRONCLAD","items_purchased":["Anchor"],"campfire_rested":0,"item_purchase_floors":[11],"current_hp_per_floor":[50,44,64,69,42,42,42,38,38,38,38,38,38,38,38,0],"gold":39,"neow_bonus":"ONE_RARE_RELIC","is_prod":false,"is_daily":false,"chose_seed":false,"campfire_upgraded":0,"win_rate":0,"timestamp":1547482421,"path_taken":["M","M","?","M","M","R","?","?","T","?","?","?","M","$","R","BOSS"],"build_version":"2019-01-10","purchased_purges":0,"victory":false,"max_hp_per_floor":[80,80,80,80,80,80,80,80,80,80,80,80,80,80,80,80],"card_choices":[{"not_picked":["Warcry","Clothesline"],"picked":"Thunderclap","floor":1},{"not_picked":["Intimidate","Clash"],"picked":"Cleave","floor":2},{"not_picked":["Burning Pact","Twin Strike","Uppercut"],"picked":"SKIP","floor":4},{"not_picked":["Havoc","Wild Strike"],"picked":"Double Tap","floor":5},{"not_picked":["Headbutt","Sword Boomerang"],"picked":"Disarm","floor":8},{"not_picked":["Shrug It Off","Fiend Fire"],"picked":"Seeing Red","floor":13}],"player_experience":1113062,"relics_obtained":[{"floor":6,"key":"Omamori"},{"floor":9,"key":"Smiling Mask"},{"floor":10,"key":"Juzu Bracelet"},{"floor":15,"key":"Frozen Egg 2"}],"event_choices":[{"damage_healed":20,"gold_gain":0,"player_choice":"Healed","damage_taken":0,"max_hp_gain":0,"max_hp_loss":0,"event_name":"The Cleric","floor":3,"gold_loss":35},{"damage_healed":0,"gold_gain":0,"player_choice":"2 cards matched","damage_taken":0,"max_hp_gain":0,"max_hp_loss":0,"event_name":"Match and Keep!","floor":7,"gold_loss":0,"cards_obtained":["Rampage","Perfected Strike"]},{"cards_removed":["Strike_R"],"damage_healed":0,"gold_gain":0,"player_choice":"Forget","damage_taken":0,"max_hp_gain":0,"max_hp_loss":0,"event_name":"Living Wall","floor":12,"gold_loss":0}],"is_beta":false,"boss_relics":[],"items_purged_floors":[],"is_endless":false,"potions_floor_spawned":[2,8],"killed_by":"The Guardian","ascension_level":10}