{"gold_per_floor":[113,113,113,132,132,132,467,467,535,535,535,535,554,565,565,665,665,683,402,402,92,92,127,127,141,168,168,168,184,194,223,223,326,326,336,336,354,354,454,454,488,505,505,505,536,546,581,581],"floor_reached":48,"playtime":2735,"items_purged":["Strike_R"],"score":770,"play_id":"5cb1241e-9154-4d3d-a939-75d8b2ad1a1f","local_time":"20190417202954","is_ascension_mode":true,"campfire_choices":[{"data":"Disarm","floor":6.0,"key":"SMITH"},{"floor":8.0,"key":"REST"},{"data":"Wild Strike","floor":10.0,"key":"SMITH"},{"data":"Defend_R","floor":12.0,"key":"SMITH"},{"data":"Shockwave","floor":15.0,"key":"SMITH"},{"floor":28.0,"key":"REST"},{"data":"True Grit","floor":32,"key":"SMITH"},{"data":"Iron Wave","floor":40,"key":"SMITH"},{"data":"J.A.X.","floor":44,"key":"SMITH"}],"neow_cost":"NONE","seed_source_timestamp":0,"circlet_count":0,"master_deck":["Defend_R+1","Defend_R+1","Defend_R+1","Bash+1","Dual Wield+1","Disarm+1","Wild Strike+1","Pommel Strike","Shockwave+1","Immolate+1","Shrug It Off+1","J.A.X.+1","Inflame","RitualDagger","Feed","Necronomicurse","Uppercut+1","True Grit+1","Sentinel+1","Feel No Pain+1","Offering","Bloodletting+1","Warcry+1","Juggernaut+1","Iron Wave+1","Pain","Anger+1","Headbutt+1","Twin Strike+1","Iron Wave+1","Rage+1","Dropkick+1","Corruption"],"special_seed":0,"relics":["Burning Blood","Old Coin","Kunai","GremlinMask","Velvet Choker","Medical Kit","Self Forming Clay","Strawberry","Necronomicon","Bag of Marbles","Peace Pipe","Astrolabe","WarpedTongs","Champion Belt","Red Skull","Pocketwatch","Whetstone","PreservedInsect"],"potions_floor_usage":[48],"damage_taken":[{"damage":0.0,"enemies":"Small Slimes","floor":1.0,"turns":3.0},{"damage":0.0,"enemies":"2 Louse","floor":4.0,"turns":3.0},{"damage":50.0,"enemies":"Lagavulin","floor":7.0,"turns":7.0},{"damage":0.0,"enemies":"Cultist","floor":13.0,"turns":4.0},{"damage":10.0,"enemies":"Large Slime","floor":14.0,"turns":5.0},{"damage":47.0,"enemies":"The Guardian","floor":16.0,"turns":15.0},{"damage":0.0,"enemies":"Chosen","floor":18.0,"turns":3.0},{"damage":44.0,"enemies":"Gremlin Leader","floor":23.0,"turns":5.0},{"damage":15.0,"enemies":"Spheric Guardian","floor":25.0,"turns":4.0},{"damage":0.0,"enemies":"Cultist and Chosen","floor":29.0,"turns":3.0},{"damage":15.0,"enemies":"Centurion and Healer","floor":30.0,"turns":6.0},{"damage":11,"enemies":"Book of Stabbing","floor":31,"turns":5},{"damage":39,"enemies":"Champ","floor":33,"turns":10},{"damage":3,"enemies":"Orb Walker","floor":35,"turns":3},{"damage":9,"enemies":"3 Darklings","floor":37,"turns":4},{"damage":20,"enemies":"Mind Bloom Boss Battle","floor":39,"turns":7},{"damage":27,"enemies":"Nemesis","floor":41,"turns":7},{"damage":9,"enemies":"Transient","floor":42,"turns":5},{"damage":17,"enemies":"Giant Head","floor":45,"turns":5},{"damage":13,"enemies":"Sphere and 2 Shapes","floor":46,"turns":4},{"damage":28,"enemies":"Reptomancer","floor":47,"turns":5},{"damage":21,"enemies":"4 Shapes","floor":48,"turns":7}],"seed_played":"7688499380769184525","potions_obtained":[{"floor":1.0,"key":"Ancient Potion"},{"floor":13.0,"key":"Regen Potion"},{"floor":14.0,"key":"PowerPotion"},{"floor":16.0,"key":"Strength Potion"},{"floor":25.0,"key":"EntropicBrew"},{"floor":47,"key":"Swift Potion"}],"is_trial":false,"path_per_floor":["M","?","?","M","?","R","E","R","T","R","?","R","M","M","R","B",null,"M","$","?","$","?","E","?","M","T","?","R","M","M","E","R","B",null,"M","?","M","?","?","R","E","M","T","R","E","M","E","M"],"character_chosen":"IRONCLAD","items_purchased":["Medical Kit","Inflame","Self Forming Clay"],"campfire_rested":2,"item_purchase_floors":[19,21,21],"current_hp_per_floor":[80,73,73,79,63,63,19,43,43,43,43,43,49,45,45,13,80,80,80,80,80,74,43,27,21,21,21,48,54,45,43,43,10,93,93,93,90,90,76,76,55,52,52,52,41,34,16,0],"gold":581,"neow_bonus":"UPGRADE_CARD","is_prod":false,"is_daily":false,"chose_seed":false,"campfire_upgraded":7,"win_rate":0,"timestamp":1555558194,"path_taken":["M","?","?","?","?","R","E","R","T","R","?","R","M","?","R","BOSS","M","$","?","$","?","E","?","M","T","?","R","?","M","E","R","BOSS","M","?","?","?","?","R","E","M","T","R","E","M","E","M"],"build_version":"2019-01-23","purchased_purges":1,"victory":false,"max_hp_per_floor":[80,80,80,80,80,80,80,80,80,80,80,80,80,80,80,80,80,80,80,80,80,80,87,87,90,90,90,90,90,90,93,93,93,93,93,93,93,93,93,93,93,93,93,93,93,93,97,101],"card_choices":[{"not_picked":["Heavy Blade","Sword Boomerang"],"picked":"Dual Wield","floor":1.0},{"not_picked":["Clash","Rage"],"picked":"Disarm","floor":4.0},{"not_picked":["Disarm","Warcry"],"picked":"Wild Strike","floor":7.0},{"not_picked":["Barricade","Cleave"],"picked":"Pommel Strike","floor":13.0},{"not_picked":["Iron Wave","Wild Strike"],"picked":"Shockwave","floor":14.0},{"not_picked":["Berserk","Exhume"],"picked":"Immolate","floor":16.0},{"not_picked":["Carnage","Blood for Blood"],"picked":"Shrug It Off+1","floor":18.0},{"not_picked":["Metallicize","Combust"],"picked":"Feed","floor":23.0},{"not_picked":["Wild Strike","Armaments"],"picked":"Uppercut","floor":25.0},{"not_picked":["Twin Strike","Havoc"],"picked":"True Grit","floor":29.0},{"not_picked":["Disarm+1","Body Slam"],"picked":"Sentinel+1","floor":30},{"not_picked":["Perfected Strike","Thunderclap"],"picked":"Feel No Pain+1","floor":31},{"not_picked":["Double Tap","Brutality"],"picked":"Offering","floor":33},{"not_picked":["Wild Strike","Perfected Strike+1"],"picked":"Iron Wave","floor":35},{"not_picked":["Combust+1","Perfected Strike"],"picked":"Anger+1","floor":37},{"not_picked":["Clash","Havoc"],"picked":"Headbutt+1","floor":39},{"not_picked":["Bloodletting+1","Anger+1"],"picked":"Twin Strike+1","floor":41},{"not_picked":["Cleave+1","Clash"],"picked":"Iron Wave+1","floor":42},{"not_picked":["Second Wind+1","Anger+1"],"picked":"Rage+1","floor":45},{"not_picked":["Perfected Strike","Havoc"],"picked":"Dropkick+1","floor":46},{"not_picked":["Body Slam+1","Second Wind"],"picked":"Corruption","floor":47}],"player_experience":316921,"relics_obtained":[{"floor":7.0,"key":"Old Coin"},{"floor":9.0,"key":"Kunai"},{"floor":23.0,"key":"Strawberry"},{"floor":24.0,"key":"Necronomicon"},{"floor":26.0,"key":"Bag of Marbles"},{"floor":31,"key":"Peace Pipe"},{"floor":39,"key":"Champion Belt"},{"floor":41,"key":"Red Skull"},{"floor":43,"key":"Pocketwatch"},{"floor":45,"key":"Whetstone"},{"floor":47,"key":"PreservedInsect"}],"event_choices":[{"cards_removed":["Strike_R"],"damage_healed":0.0,"max_hp_gain":0.0,"max_hp_loss":0.0,"gold_gain":0.0,"event_name":"Golden Wing","player_choice":"Card Removal","floor":2.0,"gold_loss":0.0,"damage_taken":7.0},{"damage_healed":0.0,"max_hp_gain":0.0,"max_hp_loss":0.0,"gold_gain":0.0,"event_name":"Upgrade Shrine","player_choice":"Upgraded","floor":3.0,"gold_loss":0.0,"damage_taken":0.0,"cards_upgraded":["Strike_R"]},{"damage_healed":0.0,"max_hp_gain":0.0,"max_hp_loss":0.0,"gold_gain":0.0,"event_name":"Shining Light","player_choice":"Entered Light","floor":5.0,"gold_loss":0.0,"damage_taken":16.0,"cards_upgraded":["Defend_R","Dual Wield"]},{"damage_healed":0.0,"max_hp_gain":0.0,"max_hp_loss":0.0,"gold_gain":0.0,"event_name":"FaceTrader","player_choice":"Trade","floor":11.0,"gold_loss":0.0,"damage_taken":0.0,"relics_obtained":["GremlinMask"]},{"damage_healed":0.0,"max_hp_gain":0.0,"max_hp_loss":0.0,"gold_gain":0.0,"event_name":"Drug Dealer","player_choice":"Obtain J.A.X.","floor":20.0,"gold_loss":0.0,"damage_taken":0.0,"cards_obtained":["J.A.X."]},{"damage_healed":0.0,"max_hp_gain":0.0,"max_hp_loss":0.0,"gold_gain":0.0,"event_name":"Nest","player_choice":"Joined the Cult","floor":22.0,"gold_loss":0.0,"damage_taken":6.0,"cards_obtained":["RitualDagger"]},{"damage_healed":0.0,"max_hp_gain":0.0,"max_hp_loss":0.0,"gold_gain":0.0,"event_name":"Cursed Tome","player_choice":"Obtained Book","floor":24.0,"gold_loss":0.0,"damage_taken":16.0},{"damage_healed":0.0,"max_hp_gain":0.0,"max_hp_loss":0.0,"gold_gain":0.0,"event_name":"Back to Basics","player_choice":"Simplicity","floor":27.0,"gold_loss":0.0,"damage_taken":0.0,"cards_upgraded":["Strike_R","Strike_R","Defend_R","Defend_R"]},{"damage_healed":0,"gold_gain":0,"player_choice":"Rummage","damage_taken":0,"relics_obtained":["WarpedTongs"],"max_hp_gain":0,"max_hp_loss":0,"event_name":"Accursed Blacksmith","floor":36,"gold_loss":0,"cards_obtained":["Pain"]},{"cards_removed":["Defend_R"],"damage_healed":0,"gold_gain":0,"player_choice":"Removed Skill","damage_taken":0,"max_hp_gain":0,"max_hp_loss":0,"event_name":"Falling","floor":38,"gold_loss":0},{"damage_healed":0,"gold_gain":0,"player_choice":"Fight","damage_taken":0,"max_hp_gain":0,"max_hp_loss":0,"event_name":"MindBloom","floor":39,"gold_loss":0}],"is_beta":false,"boss_relics":[{"not_picked":["Calling Bell","Runic Pyramid"],"picked":"Velvet Choker"},{"not_picked":["Pandora\u0027s Box","Empty Cage"],"picked":"Astrolabe"}],"items_purged_floors":[19],"is_endless":false,"potions_floor_spawned":[1,13,14,16,25,29,31,37,39,45,47],"killed_by":"4 Shapes","ascension_level":4}