{"gold_per_floor":[109,284,284,294,305,305,334,348,348,348,424,449,462,462],"floor_reached":14,"playtime":339,"items_purged":[],"score":147,"play_id":"95c0537a-6e80-40bc-9f9c-1ead08a0e5b8","local_time":"20190413105456","is_ascension_mode":true,"campfire_choices":[{"data":"Darkness","floor":6,"key":"SMITH"}],"neow_cost":"NONE","seed_source_timestamp":210197896100900,"circlet_count":0,"master_deck":["AscendersBane","Strike_B","Strike_B","Strike_B","Strike_B","Defend_B","Defend_B","Defend_B","Defend_B","Zap","Dualcast","Melter","Doubt","Cold Snap","Darkness+1","Hologram","Tempest","Injury","Hologram","Storm","Fission"],"relics":["Cracked Core","NeowsBlessing","NlothsMask","Anchor","Golden Idol","Peace Pipe"],"potions_floor_usage":[7,7],"damage_taken":[{"damage":0,"enemies":"Cultist","floor":1,"turns":1},{"damage":0,"enemies":"Small Slimes","floor":4,"turns":1},{"damage":0,"enemies":"2 Louse","floor":5,"turns":1},{"damage":14,"enemies":"Gremlin Nob","floor":7,"turns":3},{"damage":6,"enemies":"2 Fungi Beasts","floor":8,"turns":3},{"damage":26,"enemies":"Gremlin Nob","floor":11,"turns":4},{"damage":17,"enemies":"Lots of Slimes","floor":12,"turns":4},{"damage":0,"enemies":"Exordium Wildlife","floor":13,"turns":2},{"damage":6,"enemies":"Large Slime","floor":14,"turns":4}],"seed_played":"-446979423650996208","potions_obtained":[{"floor":4,"key":"FocusPotion"},{"floor":5,"key":"GamblersBrew"},{"floor":13,"key":"Ancient Potion"}],"is_trial":false,"path_per_floor":["M","?","?","M","M","R","E","M","T","?","?","M","M","M"],"character_chosen":"DEFECT","items_purchased":[],"campfire_rested":0,"item_purchase_floors":[],"current_hp_per_floor":[68,68,68,68,68,68,54,48,48,48,22,5,5,0],"gold":462,"neow_bonus":"THREE_ENEMY_KILL","is_prod":false,"is_daily":false,"chose_seed":false,"campfire_upgraded":1,"win_rate":0,"timestamp":1555145696,"path_taken":["M","?","?","M","?","R","E","M","T","?","?","M","M","M"],"build_version":"2019-01-23","purchased_purges":0,"victory":false,"max_hp_per_floor":[75,75,75,75,75,75,75,75,75,75,75,75,75,75],"card_choices":[{"not_picked":["Compile Driver","Coolheaded"],"picked":"Melter","floor":1},{"not_picked":["Barrage","Stack"],"picked":"Cold Snap","floor":4},{"not_picked":["Hologram","Glacier"],"picked":"Darkness","floor":5},{"not_picked":["BootSequence","Leap"],"picked":"Hologram","floor":7},{"not_picked":["Streamline","Recycle"],"picked":"Tempest","floor":8},{"not_picked":["Consume","Compile Driver"],"picked":"Hologram","floor":11},{"not_picked":["Coolheaded","Conserve Battery"],"picked":"Storm","floor":12},{"not_picked":["Skim","Rip and Tear"],"picked":"Fission","floor":13}],"player_experience":1683624,"relics_obtained":[{"floor":7,"key":"Anchor"},{"floor":11,"key":"Peace Pipe"}],"event_choices":[{"damage_healed":0,"gold_gain":175,"player_choice":"AGREE","damage_taken":0,"max_hp_gain":0,"max_hp_loss":0,"event_name":"Liars Game","floor":2,"gold_loss":0,"cards_obtained":["Doubt"]},{"damage_healed":0,"gold_gain":0,"player_choice":"Trade","damage_taken":0,"relics_obtained":["NlothsMask"],"max_hp_gain":0,"max_hp_loss":0,"event_name":"FaceTrader","floor":3,"gold_loss":0},{"damage_healed":0,"gold_gain":0,"player_choice":"Take Wound","damage_taken":0,"relics_obtained":["Golden Idol"],"max_hp_gain":0,"max_hp_loss":0,"event_name":"Golden Idol","floor":10,"gold_loss":0,"cards_obtained":["Injury"]},{"damage_healed":0,"gold_gain":0,"player_choice":"Searched \u00271\u0027 times","damage_taken":0,"max_hp_gain":0,"max_hp_loss":0,"event_name":"Dead Adventurer","floor":11,"gold_loss":0}],"is_beta":false,"boss_relics":[],"items_purged_floors":[],"is_endless":false,"potions_floor_spawned":[4,5,13],"killed_by":"Large Slime","ascension_level":12}