{"gold_per_floor":[116,116,134,209,209,238,238,265,265,280,298,298,5,16,16,114,114,129,129,145,161,161],"floor_reached":22,"playtime":806,"items_purged":["Pain"],"score":343,"play_id":"75f6fef0-ac34-481a-b6e2-2bf13f5566b7","local_time":"20190414221042","is_ascension_mode":true,"campfire_choices":[{"floor":7,"key":"REST"},{"floor":12,"key":"REST"},{"floor":15,"key":"REST"}],"neow_cost":"NONE","seed_source_timestamp":336677397224200,"circlet_count":0,"master_deck":["AscendersBane","Defend_G","Defend_G","Defend_G","Defend_G","Defend_G","Strike_G+1","Strike_G","Strike_G","Strike_G","Strike_G","Survivor","Neutralize+1","Dagger Spray","Caltrops","Choke+1","Slice+1","Skewer+1","Infinite Blades","Burst","A Thousand Cuts","Shame","Doubt","Parasite","Finisher+1","Madness","Outmaneuver","Riddle With Holes+1","Venomology"],"relics":["Ring of the Snake","NeowsBlessing","WarpedTongs","Centennial Puzzle","Molten Egg 2","Whetstone","Ninja Scroll","Blood Vial","Calling Bell","Snake Skull","Pantograph","Turnip"],"potions_floor_usage":[8,16,16,21,21,22],"damage_taken":[{"damage":0,"enemies":"Small Slimes","floor":1,"turns":1},{"damage":0,"enemies":"Cultist","floor":3,"turns":1},{"damage":2,"enemies":"Lagavulin","floor":6,"turns":1},{"damage":29,"enemies":"Gremlin Nob","floor":8,"turns":4},{"damage":3,"enemies":"Jaw Worm","floor":10,"turns":3},{"damage":0,"enemies":"Large Slime","floor":11,"turns":1},{"damage":3,"enemies":"Lots of Slimes","floor":14,"turns":3},{"damage":43,"enemies":"The Guardian","floor":16,"turns":11},{"damage":22,"enemies":"Spheric Guardian","floor":18,"turns":4},{"damage":22,"enemies":"2 Thieves","floor":20,"turns":2},{"damage":10,"enemies":"Snecko","floor":21,"turns":5},{"damage":18,"enemies":"Centurion and Healer","floor":22,"turns":3}],"seed_played":"-680347034333807709","potions_obtained":[{"floor":3,"key":"Strength Potion"},{"floor":8,"key":"Poison Potion"},{"floor":10,"key":"FearPotion"},{"floor":18,"key":"SpeedPotion"},{"floor":20,"key":"Swift Potion"}],"is_trial":false,"path_per_floor":["M","?","M","?","?","E","R","E","T","M","M","R","$","M","R","B",null,"M","?","M","M","M"],"character_chosen":"THE_SILENT","items_purchased":["Blood Vial","Infinite Blades"],"campfire_rested":3,"item_purchase_floors":[13,13],"current_hp_per_floor":[63,63,63,52,45,43,64,35,35,32,32,53,53,52,70,27,59,39,39,19,11,0],"gold":161,"neow_bonus":"THREE_ENEMY_KILL","is_prod":false,"is_daily":false,"chose_seed":false,"campfire_upgraded":0,"win_rate":0,"timestamp":1555272642,"path_taken":["M","?","?","?","?","E","R","E","T","M","M","R","?","M","R","BOSS","M","?","M","M","M"],"build_version":"2019-01-23","purchased_purges":1,"victory":false,"max_hp_per_floor":[70,70,70,70,70,70,70,70,70,70,70,70,70,70,70,70,70,70,70,70,70,70],"card_choices":[{"not_picked":["Blade Dance","Sucker Punch"],"picked":"Dagger Spray","floor":1},{"not_picked":["Footwork","Dodge and Roll"],"picked":"Caltrops","floor":3},{"not_picked":["Dodge and Roll","Deadly Poison"],"picked":"Choke","floor":6},{"not_picked":["Prepared","Deadly Poison"],"picked":"Slice+1","floor":8},{"not_picked":["Heel Hook+1","Dagger Spray+1"],"picked":"Skewer+1","floor":10},{"not_picked":["Leg Sweep","Deflect","Noxious Fumes"],"picked":"SKIP","floor":11},{"not_picked":["Bane+1","Deadly Poison"],"picked":"Burst","floor":14},{"not_picked":["Bullet Time","Night Terror"],"picked":"A Thousand Cuts","floor":16},{"not_picked":["Flying Knee+1","Underhanded Strike+1"],"picked":"Finisher+1","floor":18},{"not_picked":["Sucker Punch+1","Underhanded Strike+1"],"picked":"Riddle With Holes+1","floor":20},{"not_picked":["Cloak And Dagger","Escape Plan"],"picked":"Venomology","floor":21}],"player_experience":1704522,"relics_obtained":[{"floor":6,"key":"Molten Egg 2"},{"floor":8,"key":"Whetstone"},{"floor":9,"key":"Ninja Scroll"},{"floor":17,"key":"Snake Skull"},{"floor":17,"key":"Pantograph"},{"floor":17,"key":"Turnip"}],"event_choices":[{"damage_healed":0,"gold_gain":0,"player_choice":"Rummage","damage_taken":0,"relics_obtained":["WarpedTongs"],"max_hp_gain":0,"max_hp_loss":0,"event_name":"Accursed Blacksmith","floor":2,"gold_loss":0,"cards_obtained":["Pain"]},{"damage_healed":0,"gold_gain":75,"player_choice":"Gather Gold","damage_taken":11,"max_hp_gain":0,"max_hp_loss":0,"event_name":"World of Goop","floor":4,"gold_loss":0},{"damage_healed":0,"gold_gain":0,"player_choice":"Success","damage_taken":7,"relics_obtained":["Centennial Puzzle"],"max_hp_gain":0,"max_hp_loss":0,"event_name":"Scrap Ooze","floor":5,"gold_loss":0},{"damage_healed":0,"gold_gain":0,"player_choice":"2 cards matched","damage_taken":0,"max_hp_gain":0,"max_hp_loss":0,"event_name":"Match and Keep!","floor":19,"gold_loss":0,"cards_obtained":["Madness","Outmaneuver"]}],"is_beta":false,"boss_relics":[{"not_picked":["White Beast Statue","Snecko Eye"],"picked":"Calling Bell"}],"items_purged_floors":[13],"is_endless":false,"potions_floor_spawned":[3,8,10,14,18,20],"killed_by":"Centurion and Healer","ascension_level":11}