{"gold_per_floor":[12,27,102,102,114,114,114,114,138,170,187,187,198,24,24,100,150,170,182,182,30,30],"floor_reached":22,"playtime":944,"items_purged":[],"score":313,"play_id":"dc9b0d89-ba97-487a-9591-abd1f727497f","local_time":"20190430223351","is_ascension_mode":true,"campfire_choices":[{"data":"Bash","floor":6,"key":"SMITH"},{"floor":12,"key":"REST"},{"floor":15,"key":"REST"}],"neow_cost":"NO_GOLD","seed_source_timestamp":1129125785274700,"circlet_count":0,"master_deck":["AscendersBane","Strike_R","Strike_R","Strike_R","Strike_R","Strike_R","Defend_R","Defend_R","Defend_R","Defend_R","Bash+1","Fire Breathing","Headbutt+1","Fire Breathing","Iron Wave","Pommel Strike","Apotheosis","Feed","Burning Pact+1"],"relics":["Burning Blood","Torii","Darkstone Periapt","NlothsMask","Gambling Chip","Tiny House","Regal Pillow"],"potions_floor_usage":[10,19,20,22],"damage_taken":[{"damage":7,"enemies":"Jaw Worm","floor":1,"turns":5},{"damage":8,"enemies":"2 Louse","floor":2,"turns":4},{"damage":7,"enemies":"Cultist","floor":5,"turns":4},{"damage":32,"enemies":"Gremlin Nob","floor":10,"turns":4},{"damage":24,"enemies":"Exordium Wildlife","floor":11,"turns":7},{"damage":8,"enemies":"2 Fungi Beasts","floor":13,"turns":4},{"damage":52,"enemies":"The Guardian","floor":16,"turns":16},{"damage":19,"enemies":"3 Byrds","floor":18,"turns":5},{"damage":29,"enemies":"Chosen","floor":19,"turns":5},{"damage":73,"enemies":"Snake Plant","floor":22,"turns":7}],"seed_played":"-8842252326523488841","potions_obtained":[{"floor":1,"key":"FairyPotion"},{"floor":5,"key":"LiquidBronze"},{"floor":13,"key":"Ancient Potion"},{"floor":16,"key":"Strength Potion"},{"floor":19,"key":"Explosive Potion"},{"floor":20,"key":"Fruit Juice"},{"floor":20,"key":"Regen Potion"}],"is_trial":false,"path_per_floor":["M","M","?","?","M","R","?","?","T","E","M","R","M","$","R","B",null,"M","M","?","$","M"],"character_chosen":"IRONCLAD","items_purchased":["Apotheosis","Regal Pillow"],"campfire_rested":2,"item_purchase_floors":[14,21],"current_hp_per_floor":[67,65,54,75,74,74,67,67,67,41,23,45,43,43,65,19,66,57,38,43,43,0],"gold":30,"neow_bonus":"ONE_RARE_RELIC","is_prod":false,"is_daily":false,"chose_seed":false,"campfire_upgraded":1,"win_rate":0,"timestamp":1556656431,"path_taken":["M","M","?","?","?","R","?","?","T","E","?","R","M","$","R","BOSS","M","M","?","$","?"],"build_version":"2019-01-23","purchased_purges":0,"victory":false,"max_hp_per_floor":[75,75,75,75,75,75,75,75,75,75,75,75,75,75,75,75,80,84,88,93,93,93],"card_choices":[{"not_picked":["Second Wind","Clash"],"picked":"Disarm","floor":1},{"not_picked":["Havoc","Anger"],"picked":"Fire Breathing","floor":2},{"not_picked":["Hemokinesis","Warcry"],"picked":"Headbutt","floor":5},{"not_picked":["Anger","Iron Wave"],"picked":"Fire Breathing","floor":10},{"not_picked":["Havoc","Searing Blow"],"picked":"Iron Wave","floor":11},{"not_picked":["Body Slam","Berserk"],"picked":"Pommel Strike","floor":13},{"not_picked":["Demon Form","Exhume"],"picked":"Feed","floor":16},{"not_picked":["Second Wind","Headbutt","True Grit+1"],"picked":"SKIP","floor":18},{"not_picked":["Spot Weakness","Thunderclap"],"picked":"Burning Pact+1","floor":19}],"player_experience":1748122,"relics_obtained":[{"floor":10,"key":"Gambling Chip"}],"event_choices":[{"damage_healed":0,"gold_gain":75,"player_choice":"Gather Gold","damage_taken":11,"max_hp_gain":0,"max_hp_loss":0,"event_name":"World of Goop","floor":3,"gold_loss":0},{"cards_removed":["Disarm"],"damage_healed":21,"gold_gain":0,"player_choice":"Offered Uncommon","damage_taken":0,"max_hp_gain":0,"max_hp_loss":0,"event_name":"Bonfire Elementals","floor":4,"gold_loss":0},{"damage_healed":0,"gold_gain":0,"player_choice":"Success","damage_taken":7,"relics_obtained":["Darkstone Periapt"],"max_hp_gain":0,"max_hp_loss":0,"event_name":"Scrap Ooze","floor":7,"gold_loss":0},{"damage_healed":0,"gold_gain":0,"player_choice":"Trade","damage_taken":0,"relics_obtained":["NlothsMask"],"max_hp_gain":0,"max_hp_loss":0,"event_name":"FaceTrader","floor":8,"gold_loss":0},{"damage_healed":0,"gold_gain":0,"player_choice":"Got Potions","damage_taken":0,"max_hp_gain":0,"max_hp_loss":0,"event_name":"Lab","floor":20,"gold_loss":0}],"is_beta":false,"boss_relics":[{"not_picked":["Runic Pyramid","Empty Cage"],"picked":"Tiny House"}],"items_purged_floors":[],"is_endless":false,"potions_floor_spawned":[1,5,13,16,18,19],"killed_by":"Snake Plant","ascension_level":14}