{"gold_per_floor":[19,19,19,19,39,39,65,65,138,138,138,138,151,164,164,267,267,285,235,235,38,54,54],"floor_reached":23,"playtime":821,"items_purged":[],"score":187,"play_id":"4bfdb4d4-dc95-4420-80a4-e0925ccaf6dc","local_time":"20181019194414","is_ascension_mode":false,"campfire_choices":[{"data":"Shrug It Off","floor":6,"key":"SMITH"},{"floor":8,"key":"REST"},{"data":"Rampage","floor":11,"key":"SMITH"},{"data":"Cleave","floor":15,"key":"SMITH"}],"neow_cost":"NO_GOLD","seed_source_timestamp":249503589706200,"circlet_count":0,"master_deck":["Strike_R","Strike_R","Defend_R","Defend_R","Defend_R","Defend_R","Bash+1","Dual Wield+1","Shrug It Off+1","Rampage+1","Ghostly Armor","Cleave+1","Offering"],"relics":["Burning Blood","Calipers","Gremlin Horn","Kunai","Empty Cage","Enchiridion","PrismaticShard"],"potions_floor_usage":[14,16,23],"damage_taken":[{"damage":2,"enemies":"Small Slimes","floor":1,"turns":4},{"damage":0,"enemies":"2 Louse","floor":5,"turns":3},{"damage":52,"enemies":"Lagavulin","floor":7,"turns":10},{"damage":11,"enemies":"Jaw Worm","floor":13,"turns":3},{"damage":1,"enemies":"Lots of Slimes","floor":14,"turns":4},{"damage":56,"enemies":"Hexaghost","floor":16,"turns":10},{"damage":6,"enemies":"Chosen","floor":18,"turns":4},{"damage":17,"enemies":"Shell Parasite","floor":22,"turns":5},{"damage":53,"enemies":"Book of Stabbing","floor":23,"turns":7}],"seed_played":"-1602361963691514408","potions_obtained":[{"floor":1,"key":"LiquidBronze"},{"floor":5,"key":"Dexterity Potion"},{"floor":10,"key":"Explosive Potion"}],"is_trial":false,"path_per_floor":["M","?","$","?","M","R","E","R","T","?","R","?","M","M","R","B",null,"M","?","?","$","M"],"character_chosen":"IRONCLAD","items_purchased":["PrismaticShard"],"campfire_rested":1,"item_purchase_floors":[21],"current_hp_per_floor":[80,80,80,80,80,80,34,58,58,58,58,58,53,58,58,8,80,80,80,64,64,53,0],"gold":54,"neow_bonus":"ONE_RARE_RELIC","is_prod":false,"is_daily":false,"chose_seed":false,"campfire_upgraded":3,"win_rate":0,"timestamp":1539971054,"path_taken":["M","?","$","?","M","R","E","R","T","?","R","?","M","M","R","BOSS","M","?","?","?","M","E"],"build_version":"2018-10-11","purchased_purges":0,"victory":false,"max_hp_per_floor":[80,80,80,80,80,80,80,80,80,80,80,80,80,80,80,80,80,80,80,80,80,80,80],"card_choices":[{"not_picked":["Wild Strike","Evolve"],"picked":"Dual Wield","floor":1},{"not_picked":["Perfected Strike","Power Through"],"picked":"Shrug It Off","floor":5},{"not_picked":["Whirlwind","Reckless Charge"],"picked":"Rampage","floor":7},{"not_picked":["Sword Boomerang","Wild Strike","Searing Blow"],"picked":"SKIP","floor":13},{"not_picked":["Armaments","Clothesline"],"picked":"Cleave","floor":14},{"not_picked":["Exhume","Juggernaut"],"picked":"Offering","floor":16},{"not_picked":["Heavy Blade","Wild Strike","Shrug It Off"],"picked":"SKIP","floor":18},{"not_picked":["Blur","Compile Driver","True Grit"],"picked":"SKIP","floor":22}],"player_experience":724438,"relics_obtained":[{"floor":7,"key":"Gremlin Horn"},{"floor":9,"key":"Kunai"},{"floor":20,"key":"Enchiridion"}],"event_choices":[{"event_name":"Living Wall","player_choice":"Grow","floor":2,"damage_taken":0},{"event_name":"Upgrade Shrine","player_choice":"Upgraded","floor":4,"damage_taken":0},{"event_name":"The Lab","player_choice":"Got Potions","floor":10,"damage_taken":0},{"event_name":"Transmorgrifier","player_choice":"Transform","floor":12,"damage_taken":0},{"event_name":"The Joust","player_choice":"Bet on Murderer","floor":19,"damage_taken":0},{"event_name":"Cursed Tome","player_choice":"Obtained Book","floor":20,"damage_taken":0}],"is_beta":false,"boss_relics":[{"not_picked":["Snecko Eye","Velvet Choker"],"picked":"Empty Cage"}],"items_purged_floors":[],"is_endless":false,"potions_floor_spawned":[1,5,13],"killed_by":"Book of Stabbing","ascension_level":0}