{"gold_per_floor":[18,37,37,47,47,47,64,94,119,119,44,70,70,30,30,132,132,145,155,175,200,213,213],"floor_reached":23,"playtime":1383,"items_purged":["Regret"],"score":208,"play_id":"24b44cd1-a52c-4f9a-8683-2d02ee8d8db2","local_time":"20190403231916","is_ascension_mode":true,"campfire_choices":[{"data":"Double Tap","floor":6.0,"key":"SMITH"},{"data":"Combust","floor":10.0,"key":"SMITH"},{"floor":13.0,"key":"REST"},{"data":"Wild Strike","floor":15.0,"key":"SMITH"}],"neow_cost":"NO_GOLD","seed_source_timestamp":0,"circlet_count":0,"master_deck":["Strike_R","Strike_R","Strike_R","Strike_R","Defend_R","Defend_R","Defend_R","Defend_R","Bash","Double Tap+1","Spot Weakness","Combust+1","Metallicize","Wild Strike+1","Pummel","Demon Form","Armaments"],"special_seed":0,"relics":["Burning Blood","Tiny Chest","Red Skull","Ancient Tea Set","Runic Dome","Regal Pillow"],"potions_floor_usage":[23,23,23],"damage_taken":[{"damage":12.0,"enemies":"Small Slimes","floor":1.0,"turns":3.0},{"damage":19.0,"enemies":"Jaw Worm","floor":2.0,"turns":5.0},{"damage":3.0,"enemies":"Cultist","floor":4.0,"turns":3.0},{"damage":29.0,"enemies":"Gremlin Gang","floor":7.0,"turns":5.0},{"damage":31.0,"enemies":"Slime Boss","floor":16.0,"turns":6.0},{"damage":20,"enemies":"2 Thieves","floor":18,"turns":3},{"damage":21,"enemies":"Shell Parasite","floor":19,"turns":3},{"damage":31,"enemies":"3 Cultists","floor":20,"turns":4},{"damage":10,"enemies":"Snecko","floor":22,"turns":3},{"damage":34,"enemies":"Book of Stabbing","floor":23,"turns":3}],"seed_played":"-9127046082958511877","potions_obtained":[{"floor":1.0,"key":"EssenceOfSteel"},{"floor":2.0,"key":"Weak Potion"},{"floor":18,"key":"LiquidBronze"},{"floor":22,"key":"BloodPotion"}],"is_trial":false,"path_per_floor":["M","M","$","M","?","R","M","?","T","R","$","T","R","$","R","B",null,"M","M","M","T","M","E"],"character_chosen":"IRONCLAD","items_purchased":["Pummel"],"campfire_rested":1,"item_purchase_floors":[14],"current_hp_per_floor":[74,61,61,64,57,57,34,34,34,34,34,34,58,58,58,33,80,66,51,26,26,22,0],"gold":213,"neow_bonus":"THREE_RARE_CARDS","is_prod":false,"is_daily":false,"chose_seed":false,"campfire_upgraded":3,"win_rate":0,"timestamp":1554358756,"path_taken":["M","M","$","M","?","R","M","?","T","R","$","?","R","$","R","BOSS","M","M","M","?","M","E"],"build_version":"2019-01-23","purchased_purges":1,"victory":false,"max_hp_per_floor":[80,80,80,80,80,80,80,80,80,80,80,80,80,80,80,80,80,80,80,80,80,80,80],"card_choices":[{"not_picked":["Barricade","Reaper"],"picked":"Double Tap","floor":0.0},{"not_picked":["Searing Blow","Pommel Strike"],"picked":"Spot Weakness","floor":1.0},{"not_picked":["Second Wind","Corruption"],"picked":"Combust","floor":2.0},{"not_picked":["Pommel Strike","Flex"],"picked":"Metallicize","floor":4.0},{"not_picked":["Clash","Havoc"],"picked":"Wild Strike","floor":7.0},{"not_picked":["Brutality","Reaper"],"picked":"Demon Form","floor":16.0},{"not_picked":["Sword Boomerang","Iron Wave","Cleave"],"picked":"SKIP","floor":18},{"not_picked":["Havoc+1","Bloodletting","Headbutt"],"picked":"SKIP","floor":19},{"not_picked":["Bloodletting","Dual Wield","Wild Strike"],"picked":"SKIP","floor":20},{"not_picked":["Dual Wield","Wild Strike+1"],"picked":"Armaments","floor":22}],"player_experience":273614,"relics_obtained":[{"floor":9.0,"key":"Red Skull"},{"floor":12.0,"key":"Ancient Tea Set"},{"floor":21,"key":"Regal Pillow"}],"event_choices":[{"cards_removed":["Strike_R"],"damage_healed":0.0,"max_hp_gain":0.0,"max_hp_loss":0.0,"gold_gain":0.0,"event_name":"Golden Wing","player_choice":"Card Removal","floor":5.0,"gold_loss":0.0,"damage_taken":7.0},{"damage_healed":0.0,"max_hp_gain":0.0,"max_hp_loss":0.0,"gold_gain":0.0,"event_name":"Big Fish","player_choice":"Box","floor":8.0,"gold_loss":0.0,"damage_taken":0.0,"relics_obtained":["Tiny Chest"],"cards_obtained":["Regret"]}],"is_beta":false,"boss_relics":[{"not_picked":["Runic Cube","Tiny House"],"picked":"Runic Dome"}],"items_purged_floors":[11],"is_endless":false,"potions_floor_spawned":[1,2,18,22],"killed_by":"Book of Stabbing","ascension_level":3}