{"gold_per_floor":[110,285,298,32,45,76,76,76,76,94,113,113,113,13,13,87,87,102,102,102,126,145,179,197,210,210,210,210,544,544,177,177,177],"floor_reached":33,"playtime":1671,"items_purged":["Doubt","Pain","Writhe"],"score":467,"play_id":"eff4c088-e825-481d-99c4-a99036a398e7","local_time":"20190510003115","is_ascension_mode":true,"campfire_choices":[{"floor":7,"key":"REST"},{"floor":12,"key":"REST"},{"data":"Darkness","floor":15,"key":"SMITH"},{"floor":27,"key":"REST"},{"floor":30,"key":"REST"},{"data":"1","floor":32,"key":"LIFT"}],"neow_cost":"NONE","seed_source_timestamp":191842339842600,"circlet_count":0,"master_deck":["AscendersBane","Strike_B","Strike_B","Strike_B","Strike_B","Defend_B","Defend_B","Defend_B","Defend_B","Zap","Dualcast","FTL","Cold Snap","Disarm","BootSequence","Disarm","Darkness+1","After Image+1","Rage","Sunder","Chill+1","Multi-Cast"],"relics":["Black Star","PrismaticShard","Frozen Egg 2","Pen Nib","WarpedTongs","Bag of Preparation","Busted Crown","Nilry\u0027s Codex","Smiling Mask","Girya","DataDisk","Blue Candle","Strawberry","Ancient Tea Set","Old Coin","Oddly Smooth Stone"],"potions_floor_usage":[6,6,23,23,33],"damage_taken":[{"damage":6,"enemies":"2 Louse","floor":1,"turns":2},{"damage":9,"enemies":"Jaw Worm","floor":3,"turns":4},{"damage":0,"enemies":"Cultist","floor":5,"turns":4},{"damage":11,"enemies":"Lagavulin","floor":6,"turns":8},{"damage":24,"enemies":"Gremlin Gang","floor":10,"turns":6},{"damage":15,"enemies":"2 Fungi Beasts","floor":11,"turns":6},{"damage":33,"enemies":"Slime Boss","floor":16,"turns":12},{"damage":0,"enemies":"Chosen","floor":18,"turns":6},{"damage":0,"enemies":"Shell Parasite","floor":22,"turns":6},{"damage":16,"enemies":"Slavers","floor":23,"turns":4},{"damage":1,"enemies":"Cultist and Chosen","floor":24,"turns":8},{"damage":7,"enemies":"Centurion and Healer","floor":25,"turns":7},{"damage":5,"enemies":"Book of Stabbing","floor":29,"turns":7},{"damage":80,"enemies":"Automaton","floor":33,"turns":8}],"seed_played":"2602335540808496296","potions_obtained":[{"floor":1,"key":"Poison Potion"},{"floor":3,"key":"SpeedPotion"},{"floor":16,"key":"PowerPotion"},{"floor":22,"key":"Fire Potion"},{"floor":23,"key":"SteroidPotion"}],"is_trial":false,"path_per_floor":["M","?","M","$","M","E","R","?","T","M","M","R","?","$","R","B",null,"M","?","?","T","M","E","M","M","T","R","?","E","R","$","R","B"],"character_chosen":"DEFECT","items_purchased":["PrismaticShard","Multi-Cast","Oddly Smooth Stone"],"campfire_rested":4,"item_purchase_floors":[4,31,31],"current_hp_per_floor":[62,62,53,53,53,42,64,64,64,40,25,47,75,75,75,42,67,67,51,51,51,51,35,34,27,27,49,56,51,75,75,75,0],"gold":177,"neow_bonus":"BOSS_RELIC","is_prod":false,"is_daily":false,"chose_seed":false,"campfire_upgraded":1,"win_rate":0,"timestamp":1557441075,"path_taken":["M","?","M","$","M","E","R","?","T","?","?","R","?","?","R","BOSS","M","?","?","?","?","E","?","M","T","R","?","E","R","$","R","BOSS"],"build_version":"2019-01-23","purchased_purges":3,"victory":false,"max_hp_per_floor":[75,75,75,75,75,75,75,75,75,75,75,75,75,75,75,75,75,75,75,75,75,75,75,75,75,75,75,82,82,82,82,82,82],"card_choices":[{"not_picked":["Recycle","Genetic Algorithm"],"picked":"FTL","floor":1},{"not_picked":["Blizzard","Leap"],"picked":"Cold Snap","floor":3},{"not_picked":["Fusion","Sword Boomerang"],"picked":"Disarm","floor":5},{"not_picked":["Flame Barrier","Predator"],"picked":"BootSequence","floor":6},{"not_picked":["Blade Dance","Reckless Charge"],"picked":"Disarm","floor":10},{"not_picked":["Blade Dance","Sucker Punch"],"picked":"Darkness","floor":11},{"not_picked":["Doppelganger","Unload"],"picked":"After Image+1","floor":16},{"not_picked":[],"picked":"Rage","floor":18},{"not_picked":["Poisoned Stab"],"picked":"SKIP","floor":22},{"not_picked":[],"picked":"Chill+1","floor":23},{"not_picked":["Armaments"],"picked":"SKIP","floor":24},{"not_picked":["Mind Blast"],"picked":"SKIP","floor":25},{"not_picked":["Rebound"],"picked":"SKIP","floor":29}],"player_experience":1830105,"relics_obtained":[{"floor":6,"key":"Frozen Egg 2"},{"floor":6,"key":"Pen Nib"},{"floor":9,"key":"Bag of Preparation"},{"floor":19,"key":"Nilry\u0027s Codex"},{"floor":21,"key":"Smiling Mask"},{"floor":23,"key":"Girya"},{"floor":23,"key":"DataDisk"},{"floor":26,"key":"Blue Candle"},{"floor":29,"key":"Ancient Tea Set"},{"floor":29,"key":"Old Coin"}],"event_choices":[{"damage_healed":0,"gold_gain":175,"player_choice":"AGREE","damage_taken":0,"max_hp_gain":0,"max_hp_loss":0,"event_name":"Liars Game","floor":2,"gold_loss":0,"cards_obtained":["Doubt"]},{"damage_healed":0,"gold_gain":0,"player_choice":"Rummage","damage_taken":0,"relics_obtained":["WarpedTongs"],"max_hp_gain":0,"max_hp_loss":0,"event_name":"Accursed Blacksmith","floor":8,"gold_loss":0,"cards_obtained":["Pain"]},{"damage_healed":28,"gold_gain":0,"player_choice":"Full Heal","damage_taken":0,"max_hp_gain":0,"max_hp_loss":0,"event_name":"Wheel of Change","floor":13,"gold_loss":0},{"damage_healed":0,"gold_gain":0,"player_choice":"Obtained Book","damage_taken":16,"max_hp_gain":0,"max_hp_loss":0,"event_name":"Cursed Tome","floor":19,"gold_loss":0},{"damage_healed":0,"gold_gain":0,"player_choice":"Read","damage_taken":0,"max_hp_gain":0,"max_hp_loss":0,"event_name":"The Library","floor":20,"gold_loss":0,"cards_obtained":["Sunder"]},{"damage_healed":0,"gold_gain":0,"player_choice":"Opened","damage_taken":0,"relics_obtained":["Strawberry"],"max_hp_gain":0,"max_hp_loss":0,"event_name":"The Mausoleum","floor":28,"gold_loss":0,"cards_obtained":["Writhe"]}],"is_beta":false,"boss_relics":[{"not_picked":["Tiny House","Runic Pyramid"],"picked":"Busted Crown"}],"items_purged_floors":[4,14,31],"is_endless":false,"potions_floor_spawned":[1,3,16,22,23],"killed_by":"Automaton","ascension_level":13}