{"gold_per_floor":[110,59,78,97,272,272,272,292,292,292,190,190,206,219,219,320,320,340,353,268,268,278,305,323,339,391,405,112,131,141,160,160,257,257,274,287,305,318,318],"floor_reached":39,"playtime":4895,"items_purged":["Strike_G","Defend_G"],"score":428,"play_id":"78b202a3-9bdf-4b98-a724-3e38224372e4","local_time":"20181220142627","is_ascension_mode":false,"campfire_choices":[{"floor":7.0,"key":"REST"},{"floor":15.0,"key":"REST"},{"floor":32.0,"key":"REST"}],"neow_cost":"NONE","seed_source_timestamp":0,"circlet_count":0,"master_deck":["Defend_G+1","Defend_G+1","Strike_G","Survivor","Neutralize","Acrobatics","PiercingWail","Backflip","PiercingWail","Backflip","Quick Slash+1","Adrenaline","Noxious Fumes+1","After Image+1","Blur","Backflip","Reflex","Catalyst","Escape Plan","After Image+1","Backflip","Corpse Explosion","Dagger Throw+1","Acrobatics+1","Prepared+1","Malaise","Prepared"],"special_seed":0,"relics":["Ring of the Snake","Vajra","Molten Egg 2","War Paint","Question Card","Astrolabe","Regal Pillow","Meat on the Bone","Ancient Tea Set","DollysMirror","Empty Cage"],"potions_floor_usage":[39],"damage_taken":[{"damage":0.0,"enemies":"2 Louse","floor":1.0,"turns":4.0},{"damage":5.0,"enemies":"Small Slimes","floor":3.0,"turns":4.0},{"damage":1.0,"enemies":"Jaw Worm","floor":4.0,"turns":4.0},{"damage":8.0,"enemies":"Exordium Thugs","floor":8.0,"turns":9.0},{"damage":0.0,"enemies":"Blue Slaver","floor":13.0,"turns":6.0},{"damage":2.0,"enemies":"Lots of Slimes","floor":14.0,"turns":7.0},{"damage":53.0,"enemies":"The Guardian","floor":16.0,"turns":25.0},{"damage":0.0,"enemies":"Spheric Guardian","floor":18.0,"turns":3.0},{"damage":0.0,"enemies":"Shell Parasite","floor":19.0,"turns":7.0},{"damage":18.0,"enemies":"3 Cultists","floor":22.0,"turns":7.0},{"damage":1.0,"enemies":"Gremlin Leader","floor":23.0,"turns":7.0},{"damage":25.0,"enemies":"Cultist and Chosen","floor":24.0,"turns":11.0},{"damage":11.0,"enemies":"Centurion and Healer","floor":25.0,"turns":10.0},{"damage":7.0,"enemies":"Snake Plant","floor":27.0,"turns":7.0},{"damage":5.0,"enemies":"Sentry and Sphere","floor":29.0,"turns":8.0},{"damage":7.0,"enemies":"Shelled Parasite and Fungi","floor":30.0,"turns":9.0},{"damage":17.0,"enemies":"Cultist and Chosen","floor":31.0,"turns":8.0},{"damage":40.0,"enemies":"Champ","floor":33.0,"turns":21.0},{"damage":17,"enemies":"Orb Walker","floor":35,"turns":8},{"damage":8,"enemies":"3 Shapes","floor":36,"turns":5},{"damage":16,"enemies":"Maw","floor":37,"turns":10},{"damage":11,"enemies":"Sphere and 2 Shapes","floor":38,"turns":7},{"damage":46,"enemies":"Transient","floor":39,"turns":5}],"seed_played":"-6870786055895919298","potions_obtained":[{"floor":1.0,"key":"SkillPotion"},{"floor":4.0,"key":"Poison Potion"},{"floor":14.0,"key":"Block Potion"},{"floor":19.0,"key":"AttackPotion"},{"floor":22.0,"key":"Poison Potion"},{"floor":25.0,"key":"FearPotion"},{"floor":31.0,"key":"PowerPotion"},{"floor":33.0,"key":"GamblersBrew"},{"floor":37,"key":"GhostInAJar"}],"is_trial":false,"path_per_floor":["M","$","M","M","?","?","R","M","T","?","$","T","M","M","R","B",null,"M","M","?","?","M","E","M","M","T","M","$","M","M","M","R","B",null,"M","M","M","M","M"],"character_chosen":"THE_SILENT","items_purchased":["Acrobatics","PiercingWail","DollysMirror"],"campfire_rested":3,"item_purchase_floors":[2,11,28],"current_hp_per_floor":[70,70,65,64,64,31,52,44,44,37,37,37,37,35,56,3,70,70,70,70,70,52,51,38,39,39,44,44,39,44,39,70,42,70,53,45,41,42,0],"gold":318,"neow_bonus":"RANDOM_COMMON_RELIC","is_prod":false,"is_daily":false,"chose_seed":false,"campfire_upgraded":0,"win_rate":0,"timestamp":1545283587,"path_taken":["M","$","M","M","?","?","R","M","T","?","$","?","M","M","R","BOSS","M","M","?","?","?","E","M","M","T","M","$","M","M","M","R","BOSS","M","M","M","M","M"],"build_version":"2018-12-13","purchased_purges":2,"victory":false,"max_hp_per_floor":[70,70,70,70,70,70,70,70,70,70,70,70,70,70,70,70,70,70,70,70,70,70,70,70,70,70,70,70,70,70,70,70,70,70,70,70,70,70,70],"card_choices":[{"not_picked":["Flying Knee","Predator","Accuracy"],"picked":"SKIP","floor":1.0},{"not_picked":["Dodge and Roll","Deadly Poison"],"picked":"PiercingWail","floor":3.0},{"not_picked":["Flying Knee","Prepared"],"picked":"Backflip","floor":4.0},{"not_picked":["Bane+1","Dodge and Roll","Deadly Poison"],"picked":"SKIP","floor":8.0},{"not_picked":["Infinite Blades","Calculated Gamble","Eviscerate+1"],"picked":"Backflip","floor":13.0},{"not_picked":["Setup","Catalyst","Bane+1"],"picked":"Quick Slash+1","floor":14.0},{"not_picked":["Malaise","Corpse Explosion","Burst"],"picked":"Adrenaline","floor":16.0},{"not_picked":["All Out Attack+1","Underhanded Strike+1","Sucker Punch+1","Blade Dance"],"picked":"SKIP","floor":18.0},{"not_picked":["Dodge and Roll","Outmaneuver","Slice+1"],"picked":"Blur","floor":19.0},{"not_picked":["Terror+1","Flechettes+1","Deadly Poison","Poisoned Stab+1"],"picked":"SKIP","floor":22.0},{"not_picked":["Eviscerate+1","Poisoned Stab+1","Deflect"],"picked":"Backflip","floor":23.0},{"not_picked":["Backflip","Cloak And Dagger","Acrobatics"],"picked":"Reflex","floor":24.0},{"not_picked":["Reflex","Underhanded Strike+1","Concentrate+1"],"picked":"Catalyst","floor":25.0},{"not_picked":["Outmaneuver","Blade Dance","Masterful Stab+1"],"picked":"Escape Plan","floor":27.0},{"not_picked":["Unload+1","Sucker Punch+1","Slice+1"],"picked":"Backflip","floor":29.0},{"not_picked":["Acrobatics","Eviscerate+1","Flying Knee+1"],"picked":"Corpse Explosion","floor":30.0},{"not_picked":["Slice+1","Backflip+1","Bane+1"],"picked":"Dagger Throw+1","floor":31.0},{"not_picked":["Poisoned Stab+1","Heel Hook+1","Deflect+1"],"picked":"Acrobatics+1","floor":35},{"not_picked":["Crippling Poison","Outmaneuver+1","Dagger Throw+1"],"picked":"Prepared+1","floor":36},{"not_picked":["Prepared","Masterful Stab+1","Dagger Spray+1"],"picked":"Malaise","floor":37},{"not_picked":["Quick Slash+1","Cloak And Dagger+1","Acrobatics+1"],"picked":"Prepared","floor":38}],"player_experience":168806,"relics_obtained":[{"floor":9.0,"key":"War Paint"},{"floor":12.0,"key":"Question Card"},{"floor":23.0,"key":"Meat on the Bone"},{"floor":26.0,"key":"Ancient Tea Set"}],"event_choices":[{"damage_healed":0.0,"max_hp_gain":0.0,"max_hp_loss":0.0,"gold_gain":175.0,"event_name":"Liars Game","player_choice":"AGREE","floor":5.0,"gold_loss":0.0,"damage_taken":0.0,"cards_obtained":["Doubt"]},{"damage_healed":0.0,"max_hp_gain":0.0,"max_hp_loss":0.0,"gold_gain":0.0,"event_name":"Scrap Ooze","player_choice":"Success","floor":6.0,"gold_loss":0.0,"damage_taken":33.0,"relics_obtained":["Molten Egg 2"]},{"cards_removed":["Doubt"],"damage_healed":0.0,"max_hp_gain":0.0,"max_hp_loss":0.0,"gold_gain":0.0,"event_name":"Golden Wing","player_choice":"Card Removal","floor":10.0,"gold_loss":0.0,"damage_taken":7.0},{"damage_healed":0.0,"max_hp_gain":0.0,"max_hp_loss":0.0,"gold_gain":0.0,"event_name":"Addict","player_choice":"Obtained Relic","floor":20.0,"gold_loss":85.0,"damage_taken":0.0,"relics_obtained":["Regal Pillow"]},{"cards_removed":["Bouncing Flask"],"damage_healed":0.0,"max_hp_gain":0.0,"max_hp_loss":0.0,"gold_gain":0.0,"event_name":"Bonfire Elementals","player_choice":"Offered Uncommon","floor":21.0,"gold_loss":0.0,"damage_taken":0.0}],"is_beta":false,"boss_relics":[{"not_picked":["Philosopher\u0027s Stone","White Beast Statue"],"picked":"Astrolabe"},{"not_picked":["Velvet Choker","Calling Bell"],"picked":"Empty Cage"}],"items_purged_floors":[11,28],"is_endless":false,"potions_floor_spawned":[1,4,14,19,22,25,31,33,37,38],"killed_by":"Transient","ascension_level":0}