{"gold_per_floor":[117,117,117,42,42,42,54,54,54,79,79,91,122,47,47,152,202,222,30,30,30,47,47,64,64,88,107,31,31,31,31,31,127,127,138,138,138,154,154,154,171,171,253,269,269],"floor_reached":45,"playtime":1323,"items_purged":[],"score":726,"play_id":"1c23c86c-0a40-4235-8b01-732a64237b92","local_time":"20190223131129","is_ascension_mode":true,"campfire_choices":[{"floor":6,"key":"REST"},{"data":"Catalyst","floor":8,"key":"SMITH"},{"floor":15,"key":"REST"},{"floor":30,"key":"REST"},{"floor":32,"key":"REST"},{"floor":40,"key":"REST"},{"floor":42,"key":"REST"}],"neow_cost":"NONE","seed_source_timestamp":530342480186500,"circlet_count":0,"master_deck":["AscendersBane","Defend_G","Defend_G","Defend_G+1","Defend_G","Defend_G","Strike_G+1","Strike_G","Strike_G","Strike_G","Strike_G","Survivor","Catalyst+1","Catalyst+1","Dash","Poisoned Stab","Dagger Spray","Terror","Burst","Adrenaline","Dagger Throw","Catalyst","Apotheosis+1","Deadly Poison+1","Noxious Fumes","Bullet Time","Well Laid Plans+1","Writhe","Calculated Gamble+1","Backstab+1"],"relics":["Ring of the Snake","NeowsBlessing","Boot","Ginger","Pen Nib","Torii","Tiny House","Mercury Hourglass","Centennial Puzzle","Eternal Feather","Sundial"],"potions_floor_usage":[13,22,22,27,35,35,45,45],"damage_taken":[{"damage":0,"enemies":"Cultist","floor":1,"turns":1},{"damage":0,"enemies":"Jaw Worm","floor":7,"turns":1},{"damage":0,"enemies":"Gremlin Nob","floor":10,"turns":1},{"damage":0,"enemies":"2 Louse","floor":12,"turns":2},{"damage":17,"enemies":"3 Sentries","floor":13,"turns":7},{"damage":28,"enemies":"The Guardian","floor":16,"turns":9},{"damage":10,"enemies":"Chosen","floor":18,"turns":5},{"damage":23,"enemies":"2 Thieves","floor":22,"turns":3},{"damage":14,"enemies":"Centurion and Healer","floor":24,"turns":4},{"damage":6,"enemies":"Cultist and Chosen","floor":27,"turns":4},{"damage":9,"enemies":"Champ","floor":33,"turns":4},{"damage":40,"enemies":"3 Darklings","floor":35,"turns":4},{"damage":2,"enemies":"Orb Walker","floor":38,"turns":3},{"damage":57,"enemies":"Jaw Worm Horde","floor":41,"turns":5},{"damage":54,"enemies":"Writhing Mass","floor":44,"turns":3},{"damage":20,"enemies":"Maw","floor":45,"turns":2}],"seed_played":"-5492692124886128948","potions_obtained":[{"floor":1,"key":"FearPotion"},{"floor":7,"key":"Block Potion"},{"floor":17,"key":"LiquidBronze"},{"floor":24,"key":"Strength Potion"},{"floor":27,"key":"Energy Potion"},{"floor":33,"key":"LiquidBronze"},{"floor":41,"key":"SneckoOil"},{"floor":44,"key":"Regen Potion"}],"is_trial":false,"path_per_floor":["M","?","?","$","?","R","M","R","T","E","?","M","E","$","R","B",null,"M","$","?","?","M","?","M","?","T","M","$","?","R","$","R","B",null,"M","?","?","M","?","R","M","R","T","M","M"],"character_chosen":"THE_SILENT","items_purchased":["Catalyst","Burst","Apotheosis","Noxious Fumes"],"campfire_rested":6,"item_purchase_floors":[4,14,19,28],"current_hp_per_floor":[63,49,49,49,49,70,70,70,70,70,70,70,53,53,70,42,68,58,58,58,75,52,52,38,24,24,18,18,18,42,42,66,57,74,34,34,34,32,52,80,23,62,62,8,0],"gold":269,"neow_bonus":"THREE_ENEMY_KILL","is_prod":false,"is_daily":false,"chose_seed":false,"campfire_upgraded":1,"win_rate":0,"timestamp":1550923889,"path_taken":["M","?","?","$","?","R","?","R","T","E","?","?","E","$","R","BOSS","M","$","?","?","M","?","?","?","T","M","$","?","R","$","R","BOSS","M","?","?","M","?","R","M","R","T","M","M"],"build_version":"2019-01-23","purchased_purges":0,"victory":false,"max_hp_per_floor":[70,70,70,70,70,70,70,70,70,70,70,70,70,70,70,70,75,75,75,75,75,75,75,75,80,80,80,80,80,80,80,80,80,80,80,80,80,80,80,80,80,80,80,80,80],"card_choices":[{"not_picked":["Slice","Dodge and Roll"],"picked":"Catalyst","floor":1},{"not_picked":["Leg Sweep","Dodge and Roll"],"picked":"Dash","floor":7},{"not_picked":["Blur","Dagger Throw"],"picked":"Poisoned Stab","floor":10},{"not_picked":["Dagger Throw","Concentrate"],"picked":"Dagger Spray","floor":12},{"not_picked":["Acrobatics","Sucker Punch"],"picked":"Terror","floor":13},{"not_picked":["Wraith Form v2","Tools of the Trade"],"picked":"Adrenaline","floor":16},{"not_picked":["Cloak And Dagger","Bane"],"picked":"Dagger Throw","floor":17},{"not_picked":["Storm of Steel","Well Laid Plans+1"],"picked":"Catalyst","floor":18},{"not_picked":["Slice","Acrobatics","Masterful Stab"],"picked":"SKIP","floor":22},{"not_picked":["Sucker Punch","Dagger Throw+1"],"picked":"Deadly Poison+1","floor":24},{"not_picked":["Blade Dance","Dodge and Roll","Tools of the Trade"],"picked":"SKIP","floor":27},{"not_picked":["Wraith Form v2","A Thousand Cuts"],"picked":"Bullet Time","floor":33},{"not_picked":["Dagger Spray","Sucker Punch","Well Laid Plans+1"],"picked":"SKIP","floor":35},{"not_picked":["PiercingWail+1","Poisoned Stab+1"],"picked":"Well Laid Plans+1","floor":38},{"not_picked":["Sucker Punch","Grand Finale"],"picked":"Calculated Gamble+1","floor":41},{"not_picked":["Heel Hook+1","Blade Dance"],"picked":"Backstab+1","floor":44}],"player_experience":1413659,"relics_obtained":[{"floor":9,"key":"Ginger"},{"floor":10,"key":"Pen Nib"},{"floor":13,"key":"Torii"},{"floor":26,"key":"Centennial Puzzle"},{"floor":43,"key":"Sundial"}],"event_choices":[{"damage_healed":0,"gold_gain":0,"player_choice":"Entered Light","damage_taken":14,"max_hp_gain":0,"max_hp_loss":0,"event_name":"Shining Light","floor":2,"gold_loss":0,"cards_upgraded":["Neutralize","Strike_G"]},{"damage_healed":0,"gold_gain":0,"player_choice":"Box","damage_taken":0,"relics_obtained":["Boot"],"max_hp_gain":0,"max_hp_loss":0,"event_name":"Big Fish","floor":3,"gold_loss":0,"cards_obtained":["Regret"]},{"damage_healed":0,"gold_gain":0,"player_choice":"Upgraded","damage_taken":0,"max_hp_gain":0,"max_hp_loss":0,"event_name":"Upgrade Shrine","floor":5,"gold_loss":0,"cards_upgraded":["Catalyst"]},{"cards_removed":["Regret"],"damage_healed":0,"gold_gain":0,"player_choice":"Removed Curses","damage_taken":0,"max_hp_gain":0,"max_hp_loss":0,"event_name":"Fountain of Cleansing","floor":11,"gold_loss":0},{"damage_healed":0,"gold_gain":0,"player_choice":"Opened","damage_taken":0,"relics_obtained":["Mercury Hourglass"],"max_hp_gain":0,"max_hp_loss":0,"event_name":"The Mausoleum","floor":20,"gold_loss":0,"cards_obtained":["Writhe"]},{"damage_healed":25,"gold_gain":0,"player_choice":"Heal","damage_taken":0,"max_hp_gain":0,"max_hp_loss":0,"event_name":"The Library","floor":21,"gold_loss":0},{"damage_healed":0,"gold_gain":0,"player_choice":"Forge","damage_taken":0,"max_hp_gain":0,"max_hp_loss":0,"event_name":"Accursed Blacksmith","floor":23,"gold_loss":0,"cards_upgraded":["Apotheosis"]},{"damage_healed":0,"gold_gain":0,"player_choice":"Shed Blood","damage_taken":19,"max_hp_gain":5,"max_hp_loss":0,"event_name":"Forgotten Altar","floor":25,"gold_loss":0},{"cards_removed":["Writhe"],"damage_healed":0,"gold_gain":0,"player_choice":"Purged","damage_taken":0,"max_hp_gain":0,"max_hp_loss":0,"event_name":"Purifier","floor":29,"gold_loss":0},{"damage_healed":0,"gold_gain":0,"player_choice":"Ignored","damage_taken":0,"max_hp_gain":0,"max_hp_loss":0,"event_name":"Mysterious Sphere","floor":36,"gold_loss":0},{"cards_removed":["Neutralize"],"damage_healed":0,"gold_gain":0,"player_choice":"Removed Attack","damage_taken":0,"max_hp_gain":0,"max_hp_loss":0,"event_name":"Falling","floor":37,"gold_loss":0},{"damage_healed":20,"gold_gain":0,"player_choice":"Writhe","damage_taken":0,"max_hp_gain":0,"max_hp_loss":0,"event_name":"Winding Halls","floor":39,"gold_loss":0,"cards_obtained":["Writhe"]}],"is_beta":false,"boss_relics":[{"not_picked":["Ring of the Serpent","Sozu"],"picked":"Tiny House"},{"not_picked":["HoveringKite","Cursed Key"],"picked":"Eternal Feather"}],"items_purged_floors":[],"is_endless":false,"potions_floor_spawned":[1,7,24,27,33,41,44],"killed_by":"Maw","ascension_level":10}