{"gold_per_floor":[116,129,204,204,217,246,246,246,246,267,267,267,280,303,303,422,422,435,453,453,453,453,467,480,480,480,480,492,525,537,554,554,649,649,659,674,599,612,712,712],"floor_reached":40,"playtime":2637,"items_purged":["Strike_B"],"score":474,"play_id":"9f022848-09f7-4adf-992f-79cb01b3d4fa","local_time":"20190416000239","is_ascension_mode":true,"campfire_choices":[{"data":"Zap","floor":7.0,"key":"SMITH"},{"floor":15.0,"key":"REST"},{"data":"Electrodynamics","floor":25.0,"key":"SMITH"},{"data":"Coolheaded","floor":27.0,"key":"SMITH"},{"floor":32.0,"key":"REST"}],"neow_cost":"NONE","seed_source_timestamp":0,"circlet_count":0,"master_deck":["Strike_B","Strike_B","Strike_B","Defend_B","Defend_B","Defend_B+1","Defend_B+1","Zap+1","Dualcast","Go for the Eyes","Turbo","Conserve Battery+1","All For One","Injury","Conserve Battery","Sunder","Electrodynamics+1","Coolheaded+1","Glacier","Genetic Algorithm","Pain","Streamline","Double Energy+1","BootSequence","Cold Snap","Compile Driver","Coolheaded+1","Buffer","Defragment","Defragment","Parasite","Cold Snap+1"],"special_seed":0,"relics":["Cracked Core","NeowsBlessing","Singing Bowl","Bloody Idol","Blood Vial","Blue Candle","Nuclear Battery","WarpedTongs","Anchor","Regal Pillow","Sozu","Incense Burner"],"potions_floor_usage":[40],"damage_taken":[{"damage":0.0,"enemies":"Cultist","floor":1.0,"turns":1.0},{"damage":0.0,"enemies":"2 Louse","floor":2.0,"turns":1.0},{"damage":0.0,"enemies":"Jaw Worm","floor":5.0,"turns":1.0},{"damage":30.0,"enemies":"3 Sentries","floor":6.0,"turns":8.0},{"damage":10.0,"enemies":"Large Slime","floor":10.0,"turns":5.0},{"damage":0.0,"enemies":"3 Louse","floor":13.0,"turns":4.0},{"damage":1.0,"enemies":"Blue Slaver","floor":14.0,"turns":5.0},{"damage":38.0,"enemies":"Hexaghost","floor":16.0,"turns":13.0},{"damage":26.0,"enemies":"3 Byrds","floor":18.0,"turns":5.0},{"damage":9.0,"enemies":"Chosen","floor":19.0,"turns":5.0},{"damage":21.0,"enemies":"Snake Plant","floor":23.0,"turns":6.0},{"damage":1.0,"enemies":"3 Cultists","floor":24.0,"turns":3.0},{"damage":4.0,"enemies":"Snecko","floor":28.0,"turns":4.0},{"damage":14.0,"enemies":"Gremlin Leader","floor":29.0,"turns":6.0},{"damage":17.0,"enemies":"Chosen and Byrds","floor":30.0,"turns":6.0},{"damage":6.0,"enemies":"Centurion and Healer","floor":31.0,"turns":6.0},{"damage":58.0,"enemies":"Automaton","floor":33.0,"turns":13.0},{"damage":10,"enemies":"3 Darklings","floor":35,"turns":7},{"damage":4,"enemies":"3 Shapes","floor":36,"turns":6},{"damage":56,"enemies":"Writhing Mass","floor":38,"turns":9},{"damage":2,"enemies":"Mind Bloom Boss Battle","floor":39,"turns":6},{"damage":35,"enemies":"Reptomancer","floor":40,"turns":2}],"seed_played":"4247335188616984647","potions_obtained":[{"floor":5.0,"key":"Swift Potion"},{"floor":10.0,"key":"Strength Potion"},{"floor":14.0,"key":"SteroidPotion"},{"floor":19.0,"key":"EssenceOfSteel"},{"floor":29.0,"key":"LiquidBronze"},{"floor":30.0,"key":"Explosive Potion"}],"is_trial":false,"path_per_floor":["M","M","?","?","M","E","R","?","T","M","?","T","M","M","R","B",null,"M","M","?","?","?","M","M","R","T","R","M","E","M","M","R","B",null,"M","M","$","M","?","E"],"character_chosen":"DEFECT","items_purchased":[],"campfire_rested":2,"item_purchase_floors":[],"current_hp_per_floor":[75,75,64,49,49,19,19,19,19,11,11,11,15,16,39,3,77,51,44,44,44,44,30,36,36,36,36,39,32,22,23,61,10,77,72,75,75,26,33,0],"gold":712,"neow_bonus":"THREE_ENEMY_KILL","is_prod":false,"is_daily":false,"chose_seed":false,"campfire_upgraded":3,"win_rate":0,"timestamp":1555398159,"path_taken":["M","?","?","?","M","E","R","?","T","M","?","?","M","M","R","BOSS","M","M","?","?","?","M","M","R","T","R","M","E","M","M","R","BOSS","M","M","$","M","?","E"],"build_version":"2019-01-23","purchased_purges":1,"victory":false,"max_hp_per_floor":[75,75,75,75,75,75,75,75,75,75,75,75,77,77,77,77,77,77,77,77,77,77,77,77,77,77,77,77,77,77,77,77,77,77,77,77,77,77,79,79],"card_choices":[{"not_picked":["Loop","Self Repair"],"picked":"Go for the Eyes","floor":1.0},{"not_picked":["Stack","Force Field"],"picked":"Turbo","floor":2.0},{"not_picked":["Darkness","Sunder"],"picked":"Conserve Battery","floor":5.0},{"not_picked":["Gash","Storm"],"picked":"All For One","floor":6.0},{"not_picked":["Coolheaded","Leap"],"picked":"Conserve Battery","floor":10.0},{"not_picked":["Undo","Stack","Rebound"],"picked":"Singing Bowl","floor":13.0},{"not_picked":["Rip and Tear","Turbo"],"picked":"Sunder","floor":14.0},{"not_picked":["Biased Cognition","All For One"],"picked":"Electrodynamics","floor":16.0},{"not_picked":["Beam Cell","Steam Power+1"],"picked":"Coolheaded","floor":18.0},{"not_picked":["Storm","Rebound"],"picked":"Glacier","floor":19.0},{"not_picked":["Compile Driver","Storm"],"picked":"Streamline","floor":23.0},{"not_picked":["Reprogram","Leap"],"picked":"Double Energy+1","floor":24.0},{"not_picked":["Fusion","Recycle"],"picked":"BootSequence","floor":28.0},{"not_picked":["Turbo","Leap"],"picked":"Cold Snap","floor":29.0},{"not_picked":["Force Field","Lockon+1"],"picked":"Compile Driver","floor":30.0},{"not_picked":["Fission","Consume"],"picked":"Coolheaded+1","floor":31.0},{"not_picked":["Meteor Strike","Amplify"],"picked":"Buffer","floor":33.0},{"not_picked":["Hologram+1","Ball Lightning+1"],"picked":"Defragment","floor":35},{"not_picked":["Hello World","Conserve Battery"],"picked":"Defragment","floor":36},{"not_picked":["Barrage+1","Stack"],"picked":"Cold Snap+1","floor":38},{"not_picked":["Stack","Turbo+1","Conserve Battery+1"],"picked":"Singing Bowl","floor":39}],"player_experience":307083,"relics_obtained":[{"floor":6.0,"key":"Singing Bowl"},{"floor":9.0,"key":"Blood Vial"},{"floor":12.0,"key":"Blue Candle"},{"floor":26.0,"key":"Anchor"},{"floor":29.0,"key":"Regal Pillow"},{"floor":39,"key":"Incense Burner"}],"event_choices":[{"damage_healed":0.0,"max_hp_gain":0.0,"max_hp_loss":0.0,"gold_gain":75.0,"event_name":"World of Goop","player_choice":"Gather Gold","floor":3.0,"gold_loss":0.0,"damage_taken":11.0},{"damage_healed":0.0,"max_hp_gain":0.0,"max_hp_loss":0.0,"gold_gain":0.0,"event_name":"Shining Light","player_choice":"Entered Light","floor":4.0,"gold_loss":0.0,"damage_taken":15.0,"cards_upgraded":["Defend_B","Defend_B"]},{"damage_healed":0.0,"max_hp_gain":0.0,"max_hp_loss":0.0,"gold_gain":0.0,"event_name":"Golden Idol","player_choice":"Take Wound","floor":8.0,"gold_loss":0.0,"damage_taken":0.0,"relics_obtained":["Golden Idol"],"cards_obtained":["Injury"]},{"damage_healed":0.0,"max_hp_gain":0.0,"max_hp_loss":0.0,"gold_gain":0.0,"event_name":"Living Wall","player_choice":"Grow","floor":11.0,"gold_loss":0.0,"damage_taken":0.0,"cards_upgraded":["Conserve Battery"]},{"damage_healed":0.0,"max_hp_gain":0.0,"max_hp_loss":0.0,"gold_gain":0.0,"event_name":"Forgotten Altar","player_choice":"Gave Idol","floor":20.0,"relics_lost":["Golden Idol"],"gold_loss":0.0,"damage_taken":0.0,"relics_obtained":["Bloody Idol"]},{"damage_healed":0.0,"max_hp_gain":0.0,"max_hp_loss":0.0,"gold_gain":0.0,"event_name":"The Library","player_choice":"Read","floor":21.0,"gold_loss":0.0,"damage_taken":0.0,"cards_obtained":["Genetic Algorithm"]},{"damage_healed":0.0,"max_hp_gain":0.0,"max_hp_loss":0.0,"gold_gain":0.0,"event_name":"Accursed Blacksmith","player_choice":"Rummage","floor":22.0,"gold_loss":0.0,"damage_taken":0.0,"relics_obtained":["WarpedTongs"],"cards_obtained":["Pain"]},{"damage_healed":0,"gold_gain":0,"player_choice":"Fight","damage_taken":0,"max_hp_gain":0,"max_hp_loss":0,"event_name":"MindBloom","floor":39,"gold_loss":0}],"is_beta":false,"boss_relics":[{"not_picked":["Fusion Hammer","FrozenCore"],"picked":"Nuclear Battery"},{"not_picked":["Snecko Eye","Coffee Dripper"],"picked":"Sozu"}],"items_purged_floors":[37],"is_endless":false,"potions_floor_spawned":[5,10,14,16,18,19,29,30,39],"killed_by":"Reptomancer","ascension_level":3}