{"gold_per_floor":[209,226,244,13,31,50,50,77,102,130,157,169,169,189,189,292,292,304,11,25,36,36,36],"floor_reached":23,"playtime":1444,"items_purged":["Strike_R","Strike_R"],"score":287,"play_id":"bba74bd3-8465-4a6b-bbb8-70888465a40d","local_time":"20181231010945","is_ascension_mode":true,"campfire_choices":[{"data":"Armaments","floor":7,"key":"SMITH"},{"floor":15,"key":"REST"}],"neow_cost":"NONE","seed_source_timestamp":110346111191100,"circlet_count":0,"master_deck":["Strike_R","Strike_R","Strike_R","Defend_R","Defend_R","Defend_R","Defend_R","Bash","Thunderclap","Clash","Clash","True Grit+1","Armaments+1","Cleave","Dark Embrace","Warcry+1","Inflame"],"relics":["Burning Blood","Membership Card","Bottled Lightning","Art of War","Odd Mushroom","Pen Nib","Fusion Hammer","Girya","Lee\u0027s Waffle"],"potions_floor_usage":[8,11,16,16,21,21,23],"damage_taken":[{"damage":1,"enemies":"Cultist","floor":1,"turns":3},{"damage":12,"enemies":"Small Slimes","floor":2,"turns":3},{"damage":0,"enemies":"2 Louse","floor":3,"turns":2},{"damage":1,"enemies":"Large Slime","floor":5,"turns":6},{"damage":8,"enemies":"Gremlin Gang","floor":6,"turns":6},{"damage":21,"enemies":"Lagavulin","floor":8,"turns":7},{"damage":5,"enemies":"The Mushroom Lair","floor":10,"turns":4},{"damage":25,"enemies":"Gremlin Nob","floor":11,"turns":4},{"damage":1,"enemies":"Blue Slaver","floor":12,"turns":3},{"damage":2,"enemies":"Exordium Wildlife","floor":14,"turns":3},{"damage":17,"enemies":"The Guardian","floor":16,"turns":7},{"damage":15,"enemies":"3 Byrds","floor":18,"turns":6},{"damage":16,"enemies":"Spheric Guardian","floor":20,"turns":4},{"damage":7,"enemies":"3 Cultists","floor":21,"turns":5},{"damage":76,"enemies":"Slavers","floor":23,"turns":4}],"seed_played":"-8932243051123204854","potions_obtained":[{"floor":6,"key":"EssenceOfSteel"},{"floor":8,"key":"GamblersBrew"},{"floor":10,"key":"AttackPotion"},{"floor":11,"key":"PowerPotion"},{"floor":16,"key":"AttackPotion"},{"floor":18,"key":"GamblersBrew"},{"floor":20,"key":"Weak Potion"}],"is_trial":false,"path_per_floor":["M","M","M","$","M","M","R","E","T","?","E","M","?","M","R","B",null,"M","$","M","M","$","E"],"character_chosen":"IRONCLAD","items_purchased":["Membership Card","Girya","Lee\u0027s Waffle"],"campfire_rested":1,"item_purchase_floors":[4,19,19],"current_hp_per_floor":[77,71,77,77,80,78,78,63,63,64,45,50,50,54,78,67,77,68,87,77,76,76,0],"gold":36,"neow_bonus":"HUNDRED_GOLD","is_prod":false,"is_daily":false,"chose_seed":false,"campfire_upgraded":1,"win_rate":0,"timestamp":1546214985,"path_taken":["M","?","M","$","M","M","R","E","T","?","E","M","?","M","R","BOSS","M","$","M","M","$","E"],"build_version":"2018-12-20","purchased_purges":2,"victory":false,"max_hp_per_floor":[80,80,80,80,80,80,80,80,80,80,80,80,80,80,80,80,80,80,87,87,87,87,87],"card_choices":[{"not_picked":["Warcry","Twin Strike"],"picked":"Thunderclap","floor":1},{"not_picked":["Bloodletting","Anger"],"picked":"Clash","floor":2},{"not_picked":["Wild Strike","Fiend Fire"],"picked":"Clash","floor":3},{"not_picked":["Corruption","Blood for Blood"],"picked":"True Grit","floor":5},{"not_picked":["Heavy Blade","Body Slam"],"picked":"Armaments","floor":6},{"not_picked":["Armaments","Warcry","Body Slam"],"picked":"SKIP","floor":8},{"not_picked":["Perfected Strike","Body Slam"],"picked":"Cleave","floor":10},{"not_picked":["Cleave","Sentinel","Hemokinesis"],"picked":"SKIP","floor":11},{"not_picked":["Ghostly Armor","Bloodletting","Sword Boomerang"],"picked":"SKIP","floor":12},{"not_picked":["Perfected Strike","Dark Embrace","Havoc"],"picked":"SKIP","floor":14},{"not_picked":["Brutality","Berserk"],"picked":"Dark Embrace","floor":16},{"not_picked":["Armaments","Thunderclap"],"picked":"Warcry+1","floor":18},{"not_picked":["Cleave","Armaments"],"picked":"Inflame","floor":20},{"not_picked":["Pummel+1","True Grit","Thunderclap"],"picked":"SKIP","floor":21}],"player_experience":1073110,"relics_obtained":[{"floor":8,"key":"Bottled Lightning"},{"floor":9,"key":"Art of War"},{"floor":10,"key":"Odd Mushroom"},{"floor":11,"key":"Pen Nib"}],"event_choices":[{"damage_healed":0,"gold_gain":0,"player_choice":"Fought Mushrooms","damage_taken":0,"max_hp_gain":0,"max_hp_loss":0,"event_name":"Mushrooms","floor":10,"gold_loss":0},{"damage_healed":0,"gold_gain":0,"player_choice":"Grow","damage_taken":0,"max_hp_gain":0,"max_hp_loss":0,"event_name":"Living Wall","floor":13,"gold_loss":0,"cards_upgraded":["True Grit"]}],"is_beta":false,"boss_relics":[{"not_picked":["Runic Pyramid","Runic Cube"],"picked":"Fusion Hammer"}],"items_purged_floors":[4,19],"is_endless":false,"potions_floor_spawned":[6,8,10,11,16,18,20],"killed_by":"Slavers","ascension_level":8}