{"gold_per_floor":[114,114,39,39,54,54,54,54,54,69,69,69,144,159,159,259,259,274,274,24,39,39,39,54,69,119,119,119,119,119,44,44,44],"floor_reached":33,"playtime":945,"items_purged":[],"score":306,"play_id":"b73c4432-e8ec-496b-bd02-e904fe482ec5","local_time":"20181227175118","daily_mods":["Specialized","Flight","Lethality"],"is_ascension_mode":false,"campfire_choices":[{"data":"Grand Finale","floor":6,"key":"SMITH"},{"data":"Grand Finale","floor":7,"key":"SMITH"},{"data":"Grand Finale","floor":8,"key":"SMITH"},{"data":"Defend_G","floor":11,"key":"SMITH"},{"data":"Defend_G","floor":15,"key":"SMITH"},{"data":"Survivor","floor":23,"key":"SMITH"},{"data":"Defend_G","floor":27,"key":"SMITH"},{"floor":32,"key":"REST"}],"neow_cost":"","seed_source_timestamp":0,"circlet_count":0,"master_deck":["Defend_G+1","Defend_G+1","Defend_G","Defend_G","Defend_G+1","Strike_G","Strike_G","Survivor+1","Neutralize","Grand Finale+1","Grand Finale+1","Grand Finale","Grand Finale+1","Grand Finale+1","Riddle With Holes+1","Caltrops+1","Concentrate+1"],"special_seed":17893,"relics":["Ring of the Snake","Potion Belt","Molten Egg 2","Astrolabe","Singing Bowl","Ornamental Fan","Bag of Marbles","MutagenicStrength"],"potions_floor_usage":[14,25,25,25],"damage_taken":[{"damage":8,"enemies":"Small Slimes","floor":1,"turns":3},{"damage":6,"enemies":"Jaw Worm","floor":5,"turns":3},{"damage":0,"enemies":"Cultist","floor":10,"turns":3},{"damage":0,"enemies":"Exordium Thugs","floor":14,"turns":3},{"damage":0,"enemies":"Slime Boss","floor":16,"turns":3},{"damage":13,"enemies":"2 Thieves","floor":18,"turns":3},{"damage":3,"enemies":"Chosen","floor":21,"turns":3},{"damage":28,"enemies":"Snake Plant","floor":24,"turns":3},{"damage":9,"enemies":"Snecko","floor":25,"turns":5},{"damage":64,"enemies":"Automaton","floor":33,"turns":4}],"seed_played":"-53600940269430925","potions_obtained":[{"floor":1,"key":"Explosive Potion"},{"floor":10,"key":"Regen Potion"},{"floor":16,"key":"GamblersBrew"},{"floor":24,"key":"LiquidBronze"}],"is_trial":false,"path_per_floor":["M","?","$","?","M","R","R","R","T","M","R","T","?","M","R","B",null,"M","?","$","M","T","R","M","M","T","R","$","?","?","$","R","B"],"character_chosen":"THE_SILENT","items_purchased":["GamblersBrew","Singing Bowl","GamblersBrew"],"campfire_rested":1,"item_purchase_floors":[3,20,31],"current_hp_per_floor":[62,62,62,62,56,56,56,56,56,56,56,56,45,54,54,54,70,57,70,70,69,69,69,43,36,36,36,36,36,36,36,58,0],"gold":44,"neow_bonus":"","is_prod":false,"is_daily":true,"chose_seed":false,"campfire_upgraded":7,"win_rate":0,"timestamp":1545961878,"path_taken":["M","?","$","?","?","R","R","R","T","?","R","?","?","M","R","BOSS","M","?","$","M","?","R","M","M","T","R","$","?","?","?","R","BOSS"],"build_version":"2018-12-20","purchased_purges":0,"victory":false,"max_hp_per_floor":[70,70,70,70,70,70,70,70,70,70,70,70,70,70,70,70,70,70,70,70,72,72,72,74,76,76,76,76,76,76,76,76,76],"card_choices":[{"not_picked":["PiercingWail","Slice","Prepared"],"picked":"SKIP","floor":1},{"not_picked":["Concentrate","PiercingWail","Underhanded Strike"],"picked":"SKIP","floor":5},{"not_picked":["Reflex","Slice","Distraction"],"picked":"SKIP","floor":10},{"not_picked":["Deflect","Predator+1","Bane+1"],"picked":"SKIP","floor":14},{"not_picked":["Eviscerate+1","Blade Dance+1","Slice+1"],"picked":"SKIP","floor":18},{"not_picked":["Underhanded Strike+1","Prepared","Flying Knee+1"],"picked":"Singing Bowl","floor":21},{"not_picked":["Calculated Gamble","Blur","Escape Plan"],"picked":"Singing Bowl","floor":24},{"not_picked":["Dagger Spray+1","Bane+1","Dash+1"],"picked":"Singing Bowl","floor":25}],"player_experience":133298,"relics_obtained":[{"floor":9,"key":"Potion Belt"},{"floor":12,"key":"Molten Egg 2"},{"floor":22,"key":"Ornamental Fan"},{"floor":26,"key":"Bag of Marbles"}],"event_choices":[{"damage_healed":0,"gold_gain":0,"player_choice":"Grow","damage_taken":0,"max_hp_gain":0,"max_hp_loss":0,"event_name":"Living Wall","floor":2,"gold_loss":0,"cards_upgraded":["Grand Finale"]},{"damage_healed":0,"gold_gain":0,"player_choice":"Fled","damage_taken":0,"max_hp_gain":0,"max_hp_loss":0,"event_name":"Scrap Ooze","floor":4,"gold_loss":0},{"damage_healed":0,"gold_gain":75,"player_choice":"Gather Gold","damage_taken":11,"max_hp_gain":0,"max_hp_loss":0,"event_name":"World of Goop","floor":13,"gold_loss":0},{"damage_healed":23,"gold_gain":0,"player_choice":"Heal","damage_taken":0,"max_hp_gain":0,"max_hp_loss":0,"event_name":"The Library","floor":19,"gold_loss":0},{"damage_healed":0,"gold_gain":0,"player_choice":"Ignored","damage_taken":0,"max_hp_gain":0,"max_hp_loss":0,"event_name":"The Mausoleum","floor":29,"gold_loss":0},{"damage_healed":0,"gold_gain":0,"player_choice":"Inject Mutagens","damage_taken":0,"relics_obtained":["MutagenicStrength"],"max_hp_gain":0,"max_hp_loss":0,"event_name":"Drug Dealer","floor":30,"gold_loss":0}],"is_beta":false,"boss_relics":[{"not_picked":["Black Star","Philosopher\u0027s Stone"],"picked":"Astrolabe"}],"items_purged_floors":[],"is_endless":false,"potions_floor_spawned":[1,10,16,24],"killed_by":"Automaton","ascension_level":0}