{"gold_per_floor":[16,16,29,29,39,67,80,80,80,80,96,116,116,145,145,219,219,239,6,6,19,36,36],"floor_reached":23,"playtime":1360,"items_purged":["Strike_B"],"score":406,"play_id":"7865e8e5-60c9-4384-9fd6-de9d77798f68","local_time":"20190504224051","is_ascension_mode":true,"campfire_choices":[{"data":"Zap","floor":10,"key":"SMITH"},{"floor":13,"key":"REST"},{"data":"Blizzard","floor":15,"key":"SMITH"}],"neow_cost":"NO_GOLD","seed_source_timestamp":665082352068424,"circlet_count":0,"master_deck":["AscendersBane","Defend_B","Defend_B","Defend_B","Zap+1","Dualcast","Conserve Battery","Compile Driver","Ball Lightning","Cold Snap","White Noise","Leap","Blizzard+1","Machine Learning","Sweeping Beam","Self Repair","Hologram"],"relics":["Cracked Core","Orichalcum","Sundial","PreservedInsect","Ornamental Fan","Coffee Dripper","Bronze Scales"],"potions_floor_usage":[6,16,21,23,23],"damage_taken":[{"damage":0,"enemies":"Small Slimes","floor":1,"turns":3},{"damage":0,"enemies":"2 Louse","floor":3,"turns":1},{"damage":0,"enemies":"Cultist","floor":5,"turns":4},{"damage":6,"enemies":"Lagavulin","floor":6,"turns":7},{"damage":0,"enemies":"Exordium Thugs","floor":7,"turns":3},{"damage":13,"enemies":"Large Slime","floor":11,"turns":3},{"damage":2,"enemies":"Blue Slaver","floor":12,"turns":3},{"damage":4,"enemies":"3 Sentries","floor":14,"turns":5},{"damage":6,"enemies":"Slime Boss","floor":16,"turns":8},{"damage":8,"enemies":"Spheric Guardian","floor":18,"turns":5},{"damage":18,"enemies":"Chosen","floor":21,"turns":4},{"damage":25,"enemies":"Centurion and Healer","floor":22,"turns":5},{"damage":24,"enemies":"Book of Stabbing","floor":23,"turns":2}],"seed_played":"1064249902730798066","potions_obtained":[{"floor":3,"key":"SkillPotion"},{"floor":11,"key":"Strength Potion"},{"floor":12,"key":"PowerPotion"},{"floor":16,"key":"Swift Potion"},{"floor":22,"key":"FearPotion"}],"is_trial":false,"path_per_floor":["M","?","M","?","M","E","M","?","T","R","M","M","R","E","R","B",null,"M","$","?","M","M","E"],"character_chosen":"DEFECT","items_purchased":["Bronze Scales"],"campfire_rested":1,"item_purchase_floors":[19],"current_hp_per_floor":[64,57,57,46,46,40,40,40,40,40,27,25,46,42,42,36,62,54,54,54,36,18,0],"gold":36,"neow_bonus":"REMOVE_TWO","is_prod":false,"is_daily":false,"chose_seed":false,"campfire_upgraded":2,"win_rate":0,"timestamp":1557024051,"path_taken":["M","?","M","?","M","E","M","?","T","R","M","M","R","E","R","BOSS","M","$","?","?","M","E"],"build_version":"2019-01-23","purchased_purges":1,"victory":false,"max_hp_per_floor":[71,71,71,71,71,71,71,71,71,71,71,71,71,71,71,71,71,71,71,71,71,71,71],"card_choices":[{"not_picked":["Turbo","Go for the Eyes"],"picked":"Conserve Battery","floor":1},{"not_picked":["Coolheaded","Rebound"],"picked":"Compile Driver","floor":3},{"not_picked":["Darkness","Coolheaded"],"picked":"Ball Lightning","floor":5},{"not_picked":["Seek","Darkness"],"picked":"Cold Snap","floor":6},{"not_picked":["Sweeping Beam","Force Field"],"picked":"White Noise","floor":7},{"not_picked":["Barrage","Scrape","Compile Driver"],"picked":"SKIP","floor":11},{"not_picked":["Go for the Eyes","Storm"],"picked":"Leap","floor":12},{"not_picked":["BootSequence","Compile Driver"],"picked":"Blizzard","floor":14},{"not_picked":["Reboot","Amplify"],"picked":"Machine Learning","floor":16},{"not_picked":["Compile Driver","Storm"],"picked":"Sweeping Beam","floor":18},{"not_picked":["Hello World","Sweeping Beam"],"picked":"Self Repair","floor":21},{"not_picked":["Leap","Sweeping Beam"],"picked":"Hologram","floor":22}],"player_experience":862317,"relics_obtained":[{"floor":6,"key":"Sundial"},{"floor":9,"key":"PreservedInsect"},{"floor":14,"key":"Ornamental Fan"}],"event_choices":[{"cards_removed":["Strike_B"],"damage_healed":0,"gold_gain":0,"player_choice":"Card Removal","damage_taken":7,"max_hp_gain":0,"max_hp_loss":0,"event_name":"Golden Wing","floor":2,"gold_loss":0},{"damage_healed":0,"gold_gain":0,"player_choice":"Success","damage_taken":11,"relics_obtained":["Orichalcum"],"max_hp_gain":0,"max_hp_loss":0,"event_name":"Scrap Ooze","floor":4,"gold_loss":0},{"damage_healed":0,"gold_gain":0,"player_choice":"Ignored","damage_taken":0,"max_hp_gain":0,"max_hp_loss":0,"event_name":"Liars Game","floor":8,"gold_loss":0},{"cards_removed":["Strike_B"],"damage_healed":0,"gold_gain":0,"player_choice":"Purged","damage_taken":0,"max_hp_gain":0,"max_hp_loss":0,"event_name":"Purifier","floor":20,"gold_loss":0}],"is_beta":false,"boss_relics":[{"not_picked":["FrozenCore","Runic Pyramid"],"picked":"Coffee Dripper"}],"items_purged_floors":[19],"is_endless":false,"potions_floor_spawned":[3,11,12,16,22],"killed_by":"Book of Stabbing","ascension_level":20}