{"gold_per_floor":[115,40,40,53,53,53,19,52,52,25,50,50,50,75,75,205,205,229,33,52,152,152,152,152,175,200,219,219,219,234,253,253,253],"floor_reached":33,"playtime":1619,"items_purged":["Regret"],"score":306,"play_id":"fa4a53fd-4d3f-4c4a-8b91-0708603435a7","local_time":"20181105220531","is_ascension_mode":true,"campfire_choices":[{"floor":6,"key":"DIG"},{"floor":13,"key":"REST"},{"floor":15,"key":"DIG"},{"floor":23,"key":"REST"},{"floor":28,"key":"REST"},{"floor":32,"key":"REST"}],"neow_cost":"CURSE","seed_source_timestamp":606892675438100,"circlet_count":0,"master_deck":["Bash","True Grit","Thunderclap","Infernal Blade","Headbutt","Inflame","Flame Barrier","Reaper","Burning Pact","Twin Strike","Havoc","Pommel Strike","Pommel Strike","Heavy Blade","Twin Strike","Infernal Blade","Entrench+1","Armaments+1","Corruption"],"relics":["Burning Blood","Shovel","Golden Idol","Juzu Bracelet","Paper Frog","Gambling Chip","Nunchaku","Pandora\u0027s Box","Strange Spoon","Blood Vial"],"potions_floor_usage":[16,18,25,25,33,33],"damage_taken":[{"damage":13,"enemies":"Small Slimes","floor":1,"turns":4},{"damage":8,"enemies":"Jaw Worm","floor":4,"turns":5},{"damage":39,"enemies":"Lagavulin","floor":8,"turns":8},{"damage":1,"enemies":"Cultist","floor":11,"turns":3},{"damage":8,"enemies":"Exordium Wildlife","floor":14,"turns":3},{"damage":51,"enemies":"The Guardian","floor":16,"turns":13},{"damage":11,"enemies":"2 Thieves","floor":18,"turns":3},{"damage":24,"enemies":"Spheric Guardian","floor":20,"turns":5},{"damage":22,"enemies":"Cultist and Chosen","floor":25,"turns":4},{"damage":45,"enemies":"Snake Plant","floor":27,"turns":5},{"damage":58,"enemies":"Sentry and Sphere","floor":30,"turns":6},{"damage":0,"enemies":"Snecko","floor":31,"turns":3},{"damage":52,"enemies":"Collector","floor":33,"turns":5}],"seed_played":"4121460389621682610","potions_obtained":[{"floor":8,"key":"SteroidPotion"},{"floor":14,"key":"Ancient Potion"},{"floor":16,"key":"Energy Potion"},{"floor":18,"key":"Explosive Potion"},{"floor":20,"key":"SteroidPotion"},{"floor":30,"key":"Block Potion"}],"is_trial":false,"path_per_floor":["M","$","?","M","?","R","$","E","T","$","M","?","R","M","R","B",null,"M","$","M","?","?","R","?","M","T","M","R","?","M","M","R","B"],"character_chosen":"IRONCLAD","items_purchased":["Infernal Blade","Headbutt","Strange Spoon"],"campfire_rested":4,"item_purchase_floors":[7,10,19],"current_hp_per_floor":[73,73,73,71,64,64,64,31,31,31,36,36,60,58,58,13,63,58,58,40,40,40,64,64,54,54,17,41,67,17,25,49,0],"gold":253,"neow_bonus":"ONE_RARE_RELIC","is_prod":false,"is_daily":false,"chose_seed":false,"campfire_upgraded":0,"win_rate":0,"timestamp":1541451931,"path_taken":["M","$","?","M","?","R","$","E","T","?","M","?","R","M","R","BOSS","M","?","M","?","?","R","?","M","T","M","R","?","M","M","R","BOSS"],"build_version":"2018-11-01","purchased_purges":1,"victory":false,"max_hp_per_floor":[80,80,80,80,80,80,80,80,80,80,80,80,80,80,80,80,80,80,80,80,80,80,80,80,80,80,80,80,80,80,80,80,80],"card_choices":[{"not_picked":["Armaments","Combust"],"picked":"True Grit","floor":1},{"not_picked":["Perfected Strike","Sentinel"],"picked":"Thunderclap","floor":4},{"not_picked":["Power Through","Iron Wave","Sentinel"],"picked":"SKIP","floor":8},{"not_picked":["Sword Boomerang","Reckless Charge","Headbutt"],"picked":"SKIP","floor":11},{"not_picked":["Warcry","Anger"],"picked":"Flame Barrier","floor":14},{"not_picked":["Immolate","Exhume"],"picked":"Reaper","floor":16},{"not_picked":["Searing Blow","Cleave+1"],"picked":"Entrench+1","floor":18},{"not_picked":["Pommel Strike","Infernal Blade"],"picked":"Armaments","floor":20},{"not_picked":["Clothesline","Cleave","Anger+1"],"picked":"SKIP","floor":25},{"not_picked":["Havoc","Whirlwind"],"picked":"Corruption","floor":27},{"not_picked":["Armaments","Clash","Wild Strike"],"picked":"SKIP","floor":30},{"not_picked":["Pommel Strike","Havoc","True Grit"],"picked":"SKIP","floor":31}],"player_experience":851544,"relics_obtained":[{"floor":6,"key":"Juzu Bracelet"},{"floor":8,"key":"Paper Frog"},{"floor":9,"key":"Gambling Chip"},{"floor":15,"key":"Nunchaku"},{"floor":26,"key":"Blood Vial"}],"event_choices":[{"damage_healed":0,"gold_gain":0,"player_choice":"Take Wound","damage_taken":0,"relics_obtained":["Golden Idol"],"max_hp_gain":0,"max_hp_loss":0,"event_name":"Golden Idol","floor":3,"gold_loss":0,"cards_obtained":["Injury"]},{"cards_removed":["Injury"],"damage_healed":0,"gold_gain":0,"player_choice":"Card Removal","damage_taken":7,"max_hp_gain":0,"max_hp_loss":0,"event_name":"Golden Wing","floor":5,"gold_loss":0},{"damage_healed":0,"gold_gain":0,"cards_transformed":["Strike_R"],"player_choice":"Transformed","damage_taken":0,"max_hp_gain":0,"max_hp_loss":0,"event_name":"Transmorgrifier","floor":12,"gold_loss":0,"cards_obtained":["Inflame"]},{"damage_healed":0,"gold_gain":100,"player_choice":"Pray","damage_taken":0,"max_hp_gain":0,"max_hp_loss":0,"event_name":"Golden Shrine","floor":21,"gold_loss":0},{"damage_healed":0,"gold_gain":0,"player_choice":"Ignored","damage_taken":0,"max_hp_gain":0,"max_hp_loss":0,"event_name":"Ghosts","floor":22,"gold_loss":0},{"damage_healed":0,"gold_gain":0,"player_choice":"Upgraded","damage_taken":0,"max_hp_gain":0,"max_hp_loss":0,"event_name":"Upgrade Shrine","floor":24,"gold_loss":0,"cards_upgraded":["Armaments"]},{"damage_healed":26,"gold_gain":0,"player_choice":"Heal","damage_taken":0,"max_hp_gain":0,"max_hp_loss":0,"event_name":"The Library","floor":29,"gold_loss":0}],"is_beta":false,"boss_relics":[{"not_picked":["Tiny House","Cursed Key"],"picked":"Pandora\u0027s Box"}],"items_purged_floors":[2],"is_endless":false,"potions_floor_spawned":[8,14,16,18,20,30],"killed_by":"Collector","ascension_level":5}