{"gold_per_floor":[109,109,140,159,198,198,31,31,80,115,115,127,186,222,222,222],"floor_reached":16,"playtime":789,"items_purged":["Injury"],"score":125,"play_id":"2ba6e274-4354-4e62-b601-6e0d750c975c","local_time":"20181230195535","is_ascension_mode":true,"campfire_choices":[{"data":"HandOfGreed","floor":6,"key":"SMITH"},{"data":"Sunder","floor":11,"key":"SMITH"},{"data":"Meteor Strike","floor":15,"key":"SMITH"}],"neow_cost":"CURSE","seed_source_timestamp":282232688181407,"circlet_count":0,"master_deck":["Strike_B","Strike_B","Strike_B","Strike_B","Defend_B","Defend_B","Defend_B","Defend_B","Zap","Dualcast","HandOfGreed+1","The Bomb","Redo","Hologram","White Noise","Steam","Sunder+1","Hologram","Redo","Doom and Gloom","Meteor Strike+1","Sweeping Beam"],"relics":["Cracked Core","Orichalcum","Mercury Hourglass"],"potions_floor_usage":[8,13],"damage_taken":[{"damage":0,"enemies":"Cultist","floor":1,"turns":2},{"damage":0,"enemies":"2 Louse","floor":3,"turns":2},{"damage":2,"enemies":"Jaw Worm","floor":4,"turns":4},{"damage":11,"enemies":"3 Louse","floor":5,"turns":4},{"damage":0,"enemies":"Large Slime","floor":10,"turns":3},{"damage":5,"enemies":"Looter","floor":12,"turns":2},{"damage":6,"enemies":"3 Sentries","floor":13,"turns":4},{"damage":7,"enemies":"3 Louse","floor":14,"turns":2},{"damage":27,"enemies":"The Guardian","floor":16,"turns":2}],"seed_played":"-7803085734673773120","potions_obtained":[{"floor":1,"key":"LiquidBronze"},{"floor":3,"key":"Ancient Potion"},{"floor":4,"key":"FocusPotion"},{"floor":8,"key":"Fruit Juice"},{"floor":8,"key":"Fire Potion"},{"floor":10,"key":"Fire Potion"},{"floor":14,"key":"FearPotion"}],"is_trial":false,"path_per_floor":["M","?","M","M","M","R","$","?","T","M","R","M","E","M","R","B"],"character_chosen":"DEFECT","items_purchased":["Sunder","Hologram"],"campfire_rested":0,"item_purchase_floors":[7,7],"current_hp_per_floor":[75,50,50,48,37,37,37,42,42,42,42,37,31,24,24,0],"gold":222,"neow_bonus":"RANDOM_COLORLESS_2","is_prod":false,"is_daily":false,"chose_seed":false,"campfire_upgraded":3,"win_rate":0,"timestamp":1546228535,"path_taken":["M","?","M","M","M","R","$","?","T","M","R","M","E","M","R","BOSS"],"build_version":"2018-12-20","purchased_purges":1,"victory":false,"max_hp_per_floor":[75,75,75,75,75,75,75,80,80,80,80,80,80,80,80,80],"card_choices":[{"not_picked":["Tempest","Gash"],"picked":"Redo","floor":1},{"not_picked":["Sweeping Beam","Static Discharge"],"picked":"Hologram","floor":3},{"not_picked":["Coolheaded","Conserve Battery"],"picked":"White Noise","floor":4},{"not_picked":["Thunder Strike","Glacier"],"picked":"Steam","floor":5},{"not_picked":["Capacitor","Coolheaded"],"picked":"Redo","floor":10},{"not_picked":["Hello World","Darkness"],"picked":"Doom and Gloom","floor":12},{"not_picked":["Rip and Tear","Self Repair"],"picked":"Meteor Strike","floor":13},{"not_picked":["Cold Snap","Coolheaded"],"picked":"Sweeping Beam","floor":14}],"player_experience":271490,"relics_obtained":[{"floor":13,"key":"Mercury Hourglass"}],"event_choices":[{"damage_healed":0,"gold_gain":0,"player_choice":"Success","damage_taken":25,"relics_obtained":["Orichalcum"],"max_hp_gain":0,"max_hp_loss":0,"event_name":"Scrap Ooze","floor":2,"gold_loss":0},{"damage_healed":0,"gold_gain":0,"player_choice":"Got Potions","damage_taken":0,"max_hp_gain":0,"max_hp_loss":0,"event_name":"Lab","floor":8,"gold_loss":0}],"is_beta":false,"boss_relics":[],"items_purged_floors":[7],"is_endless":false,"potions_floor_spawned":[1,3,4,10,14],"killed_by":"The Guardian","ascension_level":4}