{"gold_per_floor":[118,193,39,39,59,59,95,110,137,312,59,77,101,122,122,246,246,264,20,35,35,35,35,74,74,97,97,0,0,24,24,24,24],"floor_reached":33,"playtime":1790,"items_purged":["Doubt","Strike_B","Parasite"],"score":342,"play_id":"53d00005-b078-46d5-9400-030500a53e12","local_time":"20190126162040","is_ascension_mode":true,"campfire_choices":[{"floor":6,"key":"REST"},{"floor":15,"key":"REST"},{"floor":23,"key":"REST"},{"floor":25,"key":"REST"},{"floor":27,"key":"REST"},{"floor":32,"key":"REST"}],"neow_cost":"NONE","seed_source_timestamp":1461740081211055,"circlet_count":0,"master_deck":["Strike_B","Strike_B","Strike_B","Defend_B","Defend_B","Defend_B","Defend_B","Zap","Dualcast","Sunder","Cold Snap","Loop","Conserve Battery","Tempest","Mayhem","Hello World","Chill","Meteor Strike","Echo Form","Streamline","Ball Lightning","Turbo+1","Meteor Strike","Electrodynamics","Streamline","Streamline+1"],"relics":["Fusion Hammer","Juzu Bracelet","Golden Idol","Smiling Mask","Strawberry","Cursed Key","Lantern","Matryoshka","Vajra","Happy Flower"],"potions_floor_usage":[7,13,16,16,33],"damage_taken":[{"damage":2,"enemies":"Jaw Worm","floor":1,"turns":3},{"damage":2,"enemies":"Small Slimes","floor":5,"turns":2},{"damage":24,"enemies":"Gremlin Nob","floor":7,"turns":4},{"damage":1,"enemies":"2 Louse","floor":8,"turns":2},{"damage":1,"enemies":"Exordium Thugs","floor":12,"turns":3},{"damage":0,"enemies":"3 Louse","floor":13,"turns":1},{"damage":8,"enemies":"Blue Slaver","floor":14,"turns":2},{"damage":21,"enemies":"Slime Boss","floor":16,"turns":9},{"damage":10,"enemies":"Shell Parasite","floor":18,"turns":4},{"damage":27,"enemies":"2 Thieves","floor":20,"turns":4},{"damage":45,"enemies":"Book of Stabbing","floor":24,"turns":4},{"damage":16,"enemies":"Colosseum Slavers","floor":29,"turns":3},{"damage":8,"enemies":"Centurion and Healer","floor":30,"turns":4},{"damage":50,"enemies":"Automaton","floor":33,"turns":6}],"seed_played":"-611528627685551130","potions_obtained":[{"floor":5,"key":"SteroidPotion"},{"floor":8,"key":"AttackPotion"},{"floor":12,"key":"FocusPotion"},{"floor":14,"key":"LiquidBronze"},{"floor":30,"key":"EssenceOfSteel"}],"is_trial":false,"path_per_floor":["M","?","$","?","M","R","E","M","T","?","$","M","M","M","R","B",null,"M","$","M","?","$","R","E","R","T","R","$","?","M","$","R","B"],"character_chosen":"DEFECT","items_purchased":["Juzu Bracelet","Tempest","Mayhem","Lantern","Ball Lightning","Streamline"],"campfire_rested":6,"item_purchase_floors":[3,11,11,19,19,28],"current_hp_per_floor":[66,55,55,55,53,69,45,44,51,51,51,50,50,42,64,43,68,58,58,31,31,31,53,8,30,30,52,52,36,28,28,49,0],"gold":24,"neow_bonus":"BOSS_RELIC","is_prod":false,"is_daily":false,"chose_seed":false,"campfire_upgraded":0,"win_rate":0,"timestamp":1548548440,"path_taken":["M","?","$","?","M","R","E","M","T","?","?","M","M","M","R","BOSS","M","$","M","?","$","R","E","R","T","R","?","?","M","$","R","BOSS"],"build_version":"2019-01-23","purchased_purges":3,"victory":false,"max_hp_per_floor":[75,75,75,69,69,69,69,69,76,76,76,76,76,76,76,76,76,76,76,76,76,76,76,76,76,76,76,73,73,73,73,73,73],"card_choices":[{"not_picked":["Steam","Rip and Tear"],"picked":"Sunder","floor":1},{"not_picked":["Blizzard","Steam"],"picked":"Cold Snap","floor":5},{"not_picked":["Capacitor","Machine Learning"],"picked":"Loop","floor":7},{"not_picked":["Steam","Stack"],"picked":"Conserve Battery","floor":8},{"not_picked":["Coolheaded","Go for the Eyes"],"picked":"Hello World","floor":12},{"not_picked":["Streamline","Redo"],"picked":"Chill","floor":13},{"not_picked":["Conserve Battery","Ball Lightning"],"picked":"Meteor Strike","floor":14},{"not_picked":["Hyperbeam","Seek"],"picked":"Echo Form","floor":16},{"not_picked":["Hologram","Leap"],"picked":"Streamline","floor":18},{"not_picked":["Barrage","Stack"],"picked":"Turbo+1","floor":20},{"not_picked":["Barrage","Streamline"],"picked":"Electrodynamics","floor":24},{"not_picked":["Auto Shields","Cold Snap"],"picked":"Streamline+1","floor":30}],"player_experience":626723,"relics_obtained":[{"floor":7,"key":"Smiling Mask"},{"floor":9,"key":"Strawberry"},{"floor":24,"key":"Matryoshka"},{"floor":26,"key":"Vajra"},{"floor":26,"key":"Happy Flower"}],"event_choices":[{"damage_healed":0,"gold_gain":75,"player_choice":"Gather Gold","damage_taken":11,"max_hp_gain":0,"max_hp_loss":0,"event_name":"World of Goop","floor":2,"gold_loss":0},{"damage_healed":0,"gold_gain":0,"player_choice":"Lose Max HP","damage_taken":0,"relics_obtained":["Golden Idol"],"max_hp_gain":0,"max_hp_loss":6,"event_name":"Golden Idol","floor":4,"gold_loss":0},{"damage_healed":0,"gold_gain":175,"player_choice":"AGREE","damage_taken":0,"max_hp_gain":0,"max_hp_loss":0,"event_name":"Liars Game","floor":10,"gold_loss":0,"cards_obtained":["Doubt"]},{"damage_healed":0,"gold_gain":0,"player_choice":"Copied","damage_taken":0,"max_hp_gain":0,"max_hp_loss":0,"event_name":"Duplicator","floor":21,"gold_loss":0,"cards_obtained":["Meteor Strike"]},{"damage_healed":0,"gold_gain":0,"player_choice":"Fight","damage_taken":0,"max_hp_gain":0,"max_hp_loss":0,"event_name":"Colosseum","floor":29,"gold_loss":0},{"damage_healed":0,"gold_gain":0,"player_choice":"Fled From Nobs","damage_taken":0,"max_hp_gain":0,"max_hp_loss":0,"event_name":"Colosseum","floor":29,"gold_loss":0}],"is_beta":false,"boss_relics":[{"not_picked":["Snecko Eye","Ectoplasm"],"picked":"Cursed Key"}],"items_purged_floors":[11,19,28],"is_endless":false,"potions_floor_spawned":[5,8,12,14,29,30],"killed_by":"Automaton","ascension_level":6}