{"gold_per_floor":[111,52,72,72,72,72,85,113,113,113],"floor_reached":10,"playtime":469,"items_purged":[],"score":125,"play_id":"7c923f8e-63db-4f6e-b215-3e405ff0919f","local_time":"20190510170733","is_ascension_mode":true,"campfire_choices":[{"data":"Quick Slash","floor":6,"key":"SMITH"}],"neow_cost":"NONE","seed_source_timestamp":42601225064263,"circlet_count":0,"master_deck":["AscendersBane","Defend_G","Defend_G","Defend_G","Defend_G","Defend_G","Strike_G","Strike_G","Strike_G","Strike_G","Survivor","Neutralize","Prepared","Quick Slash+1","PiercingWail","Predator","Acrobatics"],"relics":["Ring of the Snake","NeowsBlessing","Bottled Lightning","Mummified Hand"],"potions_floor_usage":[8,10],"damage_taken":[{"damage":0,"enemies":"Small Slimes","floor":1,"turns":1},{"damage":0,"enemies":"2 Louse","floor":3,"turns":1},{"damage":0,"enemies":"Cultist","floor":7,"turns":1},{"damage":25,"enemies":"3 Sentries","floor":8,"turns":8},{"damage":51,"enemies":"Gremlin Nob","floor":10,"turns":4}],"seed_played":"4109957985073393936","potions_obtained":[{"floor":3,"key":"LiquidBronze"},{"floor":8,"key":"PowerPotion"}],"is_trial":false,"path_per_floor":["M","$","M","?","?","R","M","E","T","E"],"character_chosen":"THE_SILENT","items_purchased":["Quick Slash"],"campfire_rested":0,"item_purchase_floors":[2],"current_hp_per_floor":[59,59,59,59,59,59,59,34,34,0],"gold":113,"neow_bonus":"THREE_ENEMY_KILL","is_prod":false,"is_daily":false,"chose_seed":false,"campfire_upgraded":1,"win_rate":0,"timestamp":1557533253,"path_taken":["M","$","M","?","?","R","?","E","T","E"],"build_version":"2019-01-23","purchased_purges":0,"victory":false,"max_hp_per_floor":[66,66,66,66,66,66,66,66,66,66],"card_choices":[{"not_picked":["Poisoned Stab","Skewer"],"picked":"Prepared","floor":1},{"not_picked":["Skewer","All Out Attack"],"picked":"PiercingWail","floor":3},{"not_picked":["Cloak And Dagger","Deadly Poison"],"picked":"Predator","floor":7},{"not_picked":["Poisoned Stab","Cloak And Dagger"],"picked":"Acrobatics","floor":8}],"player_experience":1687530,"relics_obtained":[{"floor":8,"key":"Bottled Lightning"},{"floor":9,"key":"Mummified Hand"}],"event_choices":[{"damage_healed":0,"gold_gain":0,"player_choice":"Leave","damage_taken":0,"max_hp_gain":0,"max_hp_loss":0,"event_name":"The Cleric","floor":4,"gold_loss":0},{"cards_removed":["Strike_G"],"damage_healed":0,"gold_gain":0,"player_choice":"Offered Basic","damage_taken":0,"max_hp_gain":0,"max_hp_loss":0,"event_name":"Bonfire Elementals","floor":5,"gold_loss":0}],"is_beta":false,"boss_relics":[],"items_purged_floors":[],"is_endless":false,"potions_floor_spawned":[3,8],"killed_by":"Gremlin Nob","ascension_level":18}