{"gold_per_floor":[363,374,75,90,107,107,22,37,64,81,27,54,54,68,68,145,145,158,158,158,158,168,168,168],"floor_reached":24,"playtime":1508,"items_purged":["Strike_G"],"score":396,"play_id":"14909789-97f8-420e-9aec-bb53b6475687","local_time":"20190506045111","is_ascension_mode":true,"campfire_choices":[{"data":"Catalyst","floor":15,"key":"SMITH"},{"data":"Envenom","floor":23,"key":"SMITH"}],"neow_cost":"PERCENT_DAMAGE","seed_source_timestamp":773556494072080,"circlet_count":0,"master_deck":["AscendersBane","Defend_G+1","Defend_G+1","Defend_G+1","Defend_G+1","Defend_G+1","Strike_G+1","Strike_G+1","Strike_G+1","Survivor","Neutralize","Catalyst+1","Flechettes","Deflect","Poisoned Stab","Well Laid Plans","Backflip","PiercingWail","Poisoned Stab","Well Laid Plans","Envenom+1","Footwork","Writhe","PiercingWail"],"relics":["Ring of the Snake","ClockworkSouvenir","Oddly Smooth Stone","Pen Nib","Black Star","Happy Flower","Mercury Hourglass"],"potions_floor_usage":[8,8,16],"damage_taken":[{"damage":0,"enemies":"2 Louse","floor":1,"turns":3},{"damage":1,"enemies":"Cultist","floor":2,"turns":4},{"damage":7,"enemies":"Jaw Worm","floor":4,"turns":5},{"damage":0,"enemies":"2 Fungi Beasts","floor":5,"turns":5},{"damage":5,"enemies":"Exordium Wildlife","floor":8,"turns":5},{"damage":3,"enemies":"3 Louse","floor":10,"turns":4},{"damage":21,"enemies":"Lagavulin","floor":12,"turns":8},{"damage":2,"enemies":"2 Fungi Beasts","floor":14,"turns":3},{"damage":8,"enemies":"Hexaghost","floor":16,"turns":10},{"damage":5,"enemies":"Spheric Guardian","floor":18,"turns":6},{"damage":9,"enemies":"3 Byrds","floor":22,"turns":6},{"damage":44,"enemies":"Slavers","floor":24,"turns":6}],"seed_played":"-5370501303879655600","potions_obtained":[{"floor":2,"key":"Regen Potion"},{"floor":5,"key":"Explosive Potion"},{"floor":14,"key":"Dexterity Potion"}],"is_trial":false,"path_per_floor":["M","M","$","M","M","?","$","M","T","M","$","E","$","M","R","B",null,"M","?","T","?","M","R","E"],"character_chosen":"THE_SILENT","items_purchased":["ClockworkSouvenir","Well Laid Plans","PiercingWail"],"campfire_rested":0,"item_purchase_floors":[3,7,11],"current_hp_per_floor":[44,43,43,36,36,36,36,45,45,42,42,21,21,19,19,11,52,47,47,47,47,38,38,0],"gold":168,"neow_bonus":"TWO_FIFTY_GOLD","is_prod":false,"is_daily":false,"chose_seed":false,"campfire_upgraded":2,"win_rate":0,"timestamp":1557132671,"path_taken":["M","M","$","M","M","?","?","M","T","M","?","E","$","M","R","BOSS","M","?","?","?","M","R","E"],"build_version":"2019-01-23","purchased_purges":1,"victory":false,"max_hp_per_floor":[66,66,66,66,66,66,66,66,66,66,66,66,66,66,66,66,66,66,66,66,66,66,66,66],"card_choices":[{"not_picked":["Acrobatics","Blade Dance"],"picked":"Catalyst","floor":1},{"not_picked":["Cloak And Dagger","Dodge and Roll"],"picked":"Flechettes","floor":2},{"not_picked":["Outmaneuver","Bane"],"picked":"Deflect","floor":4},{"not_picked":["Setup","Reflex"],"picked":"Poisoned Stab","floor":5},{"not_picked":["Slice","Prepared"],"picked":"Backflip","floor":8},{"not_picked":["Prepared","Sucker Punch","Finisher"],"picked":"SKIP","floor":10},{"not_picked":["Reflex","Poisoned Stab","Riddle With Holes"],"picked":"SKIP","floor":12},{"not_picked":["Reflex","Riddle With Holes"],"picked":"Poisoned Stab","floor":12},{"not_picked":["Cloak And Dagger","Sucker Punch"],"picked":"Well Laid Plans","floor":14},{"not_picked":["Tools of the Trade","Phantasmal Killer"],"picked":"Envenom","floor":16},{"not_picked":["Expertise","Well Laid Plans"],"picked":"Footwork","floor":18},{"not_picked":["Caltrops+1","Dagger Throw"],"picked":"PiercingWail","floor":22}],"player_experience":896771,"relics_obtained":[{"floor":9,"key":"Oddly Smooth Stone"},{"floor":12,"key":"Pen Nib"},{"floor":20,"key":"Mercury Hourglass"}],"event_choices":[{"cards_removed":["Strike_G"],"damage_healed":0,"gold_gain":0,"player_choice":"Purged","damage_taken":0,"max_hp_gain":0,"max_hp_loss":0,"event_name":"Purifier","floor":6,"gold_loss":0},{"damage_healed":0,"gold_gain":0,"player_choice":"Opened","damage_taken":0,"relics_obtained":["Happy Flower"],"max_hp_gain":0,"max_hp_loss":0,"event_name":"The Mausoleum","floor":19,"gold_loss":0,"cards_obtained":["Writhe"]},{"damage_healed":0,"gold_gain":0,"player_choice":"Simplicity","damage_taken":0,"max_hp_gain":0,"max_hp_loss":0,"event_name":"Back to Basics","floor":21,"gold_loss":0,"cards_upgraded":["Defend_G","Defend_G","Defend_G","Defend_G","Defend_G","Strike_G","Strike_G","Strike_G"]}],"is_beta":false,"boss_relics":[{"not_picked":["Orrery","WristBlade"],"picked":"Black Star"}],"items_purged_floors":[3],"is_endless":false,"potions_floor_spawned":[2,5,14],"killed_by":"Slavers","ascension_level":20}