{"path_per_floor":["M","?","M","M","?","R","E","R","T","R","M","?","E","M","R","B",null,"M","T","$","M","?","R","?","E","T","$","?","?","$","$","R","B",null,"M","M","?","M","M","R","M","R","T","$","M","?","M","M","R"],"character_chosen":"IRONCLAD","items_purchased":["Paper Frog","Shrug It Off","Metallicize"],"gold_per_floor":[111,111,128,147,147,147,174,174,197,197,207,207,232,250,250,355,355,375,426,9,22,22,22,22,53,106,6,6,6,6,6,6,107,107,122,136,136,150,170,170,188,188,188,63,75,75,93,104,104],"floor_reached":50,"campfire_rested":5,"playtime":2738,"current_hp_per_floor":[80,64,65,71,64,64,34,58,58,58,56,56,51,57,57,28,80,70,70,70,76,76,76,76,13,13,13,13,13,13,13,52,32,80,80,63,63,25,13,52,16,55,55,55,58,80,80,29,68],"items_purged":["Strike_R","Strike_R","Strike_R"],"gold":104,"score":517,"play_id":"dcca323a-2341-4710-9538-39ff670dae57","local_time":"20180311231715","is_prod":false,"is_daily":false,"is_ascension_mode":true,"campfire_upgraded":4,"timestamp":1520835435,"path_taken":["M","?","M","?","?","R","E","R","T","R","M","?","E","M","R","BOSS","M","?","$","M","?","R","?","E","T","$","?","?","?","$","R","BOSS","M","M","?","M","M","R","M","R","T","$","M","?","M","M","R","BOSS"],"build_version":"2018-03-09","purchased_purges":4,"victory":false,"master_deck":["Strike_R","Defend_R+1","Defend_R+1","Defend_R","Defend_R","Bash","Thunderclap+1","Sword Boomerang","Pommel Strike+1","Flex+1","Clothesline+1","Purity","Pummel+1","Blood for Blood+1","Limit Break+1","Entrench","Shrug It Off","Metallicize","Anger+1","Dropkick+1","Power Through+1","Berserk","Twin Strike+1","Disarm+1","Cleave+1","Wild Strike+1","Twin Strike+1","Battle Trance+1"],"max_hp_per_floor":[80,80,80,80,80,80,80,80,80,80,80,80,80,80,80,80,80,80,80,80,80,80,80,80,80,80,80,80,80,80,80,80,80,80,80,80,80,80,80,80,80,80,80,80,80,80,80,80,80],"relics":["Black Blood","Bronze Scales","Molten Egg 2","Regal Pillow","Dodecahedron","Sozu","Ancient Tea Set","Paper Frog","Juzu Bracelet","Omamori","Ginger"],"card_choices":[{"not_picked":["Second Wind","Headbutt"],"picked":"Thunderclap"},{"not_picked":["Sentinel","Headbutt"],"picked":"Sword Boomerang"},{"not_picked":["Thunderclap","Wild Strike"],"picked":"Pommel Strike"},{"not_picked":["True Grit","Heavy Blade"],"picked":"Flex"},{"not_picked":["Feel No Pain","Sword Boomerang"],"picked":"Clothesline"},{"not_picked":["Body Slam","Hemokinesis"],"picked":"Blood for Blood"},{"not_picked":["Barricade","Impervious"],"picked":"Limit Break"},{"not_picked":["Shrug It Off","Havoc"],"picked":"Entrench"},{"not_picked":["Blood for Blood","Corruption"],"picked":"Anger"},{"not_picked":["Clash","Second Wind"],"picked":"Power Through"},{"not_picked":["Bludgeon","Limit Break"],"picked":"Berserk"},{"not_picked":["Entrench","Clash"],"picked":"Twin Strike"},{"not_picked":["Bloodletting","Clothesline"],"picked":"Disarm"},{"not_picked":["Sword Boomerang","Warcry"],"picked":"Cleave"},{"not_picked":["Sever Soul","Clothesline"],"picked":"Wild Strike"},{"not_picked":["Berserk","Sword Boomerang"],"picked":"Twin Strike"},{"not_picked":["Feel No Pain","Thunderclap"],"picked":"Battle Trance"}],"player_experience":167845,"potions_floor_usage":[16,33,50,50],"damage_taken":[{"damage":3.0,"enemies":"2 Louse","floor":1.0,"turns":3.0},{"damage":5.0,"enemies":"Small Slimes","floor":3.0,"turns":4.0},{"damage":0.0,"enemies":"Cultist","floor":4.0,"turns":3.0},{"damage":36.0,"enemies":"Lagavulin","floor":7.0,"turns":7.0},{"damage":8,"enemies":"Lots of Slimes","floor":11,"turns":3},{"damage":11,"enemies":"3 Sentries","floor":13,"turns":7},{"damage":0,"enemies":"Blue Slaver","floor":14,"turns":3},{"damage":35,"enemies":"The Guardian","floor":16,"turns":10},{"damage":16,"enemies":"Spheric Guardian","floor":18,"turns":3},{"damage":0,"enemies":"Chosen","floor":21,"turns":3},{"damage":69,"enemies":"Slavers","floor":25,"turns":5},{"damage":26,"enemies":"Champ","floor":33,"turns":12},{"damage":0,"enemies":"Orb Walker","floor":35,"turns":4},{"damage":27,"enemies":"3 Darklings","floor":36,"turns":7},{"damage":48,"enemies":"4 Shapes","floor":38,"turns":8},{"damage":22,"enemies":"Maw","floor":39,"turns":7},{"damage":46,"enemies":"3 Darklings","floor":41,"turns":5},{"damage":7,"enemies":"Sphere and 2 Shapes","floor":45,"turns":5},{"damage":0,"enemies":"Maw","floor":47,"turns":6},{"damage":61,"enemies":"4 Shapes","floor":48,"turns":11},{"damage":86,"enemies":"Donu and Deca","floor":50,"turns":7}],"event_choices":[{"event_name":"Shining Light","player_choice":"Entered Light","floor":2.0,"damage_taken":0.0},{"event_name":"Scrap Ooze","player_choice":"success","floor":5.0,"damage_taken":7.0},{"event_name":"Match and Keep!","player_choice":"2 cards matched","floor":12,"damage_taken":0},{"event_name":"The Library","player_choice":"Read","floor":22,"damage_taken":0},{"event_name":"Drug Dealer","player_choice":"Ignored","floor":24,"damage_taken":0},{"event_name":"Forgotten Altar","player_choice":"Smashed Altar","floor":28,"damage_taken":0},{"event_name":"Upgrade Shrine","player_choice":"Upgraded","floor":29,"damage_taken":0},{"event_name":"Mysterious Sphere","player_choice":"Ignore","floor":37,"damage_taken":0},{"event_name":"Wheel of Change","player_choice":"Full Heal","floor":46,"damage_taken":0}],"boss_relics":[{"not_picked":["Runic Pyramid","Tiny House"],"picked":"Sozu"},{"not_picked":["Runic Dome","White Beast Statue"],"picked":"Black Blood"}],"potions_floor_spawned":[1,4,13,16,18,35,45,47],"seed_played":"7704394178092440816","killed_by":"Donu and Deca","ascension_level":2,"is_trial":false}