{"gold_per_floor":[112,42,42,42,317,351,368,96,96,96,130,130,142,91,91,189,189,179,79,79,96,113,113],"floor_reached":23,"playtime":1410,"items_purged":["Regret","Shame"],"score":197,"play_id":"bbe95dc5-d2a4-4307-86f4-9b80cd15a080","local_time":"20181019021847","is_ascension_mode":false,"campfire_choices":[{"floor":10,"key":"REST"},{"data":"Evolve","floor":15,"key":"SMITH"}],"neow_cost":"NONE","seed_source_timestamp":186187401789800,"circlet_count":0,"master_deck":["Strike_R","Strike_R","Strike_R","Strike_R","Defend_R","Defend_R","Defend_R","Defend_R","Bash","True Grit","Heavy Blade","Armaments","Spot Weakness","Flex","Feed","Flex","Evolve+1","Metallicize","Armaments+1","Deep Breath","Power Through+1","Wild Strike","Juggernaut","Injury","Decay","Wild Strike+1","Deep Breath"],"relics":["Burning Blood","Happy Flower","StoneCalendar","Gremlin Horn","Pantograph","Calling Bell","War Paint","Darkstone Periapt","Girya"],"potions_floor_usage":[7,18,22],"damage_taken":[{"damage":6,"enemies":"Cultist","floor":1,"turns":3},{"damage":54,"enemies":"Lagavulin","floor":6,"turns":11},{"damage":12,"enemies":"Jaw Worm","floor":7,"turns":5},{"damage":30,"enemies":"3 Sentries","floor":11,"turns":7},{"damage":0,"enemies":"2 Louse","floor":13,"turns":2},{"damage":36,"enemies":"The Guardian","floor":16,"turns":11},{"damage":6,"enemies":"2 Thieves","floor":18,"turns":4},{"damage":21,"enemies":"Shell Parasite","floor":21,"turns":7},{"damage":29,"enemies":"Snake Plant","floor":22,"turns":5},{"damage":37,"enemies":"Centurion and Healer","floor":23,"turns":5}],"seed_played":"-9151764664182395564","potions_obtained":[{"floor":1,"key":"Regen Potion"},{"floor":13,"key":"Block Potion"},{"floor":16,"key":"SkillPotion"}],"is_trial":false,"path_per_floor":["M","$","?","?","?","E","M","$","T","R","E","?","M","$","R","B",null,"M","$","?","M","M"],"character_chosen":"IRONCLAD","items_purchased":["Heavy Blade","Armaments","Feed","Flex","Evolve","Wild Strike"],"campfire_rested":1,"item_purchase_floors":[2,2,8,8,8,14],"current_hp_per_floor":[80,80,80,80,80,32,38,38,38,62,38,38,47,47,47,42,83,86,86,70,58,35,0],"gold":113,"neow_bonus":"RANDOM_COMMON_RELIC","is_prod":false,"is_daily":false,"chose_seed":false,"campfire_upgraded":1,"win_rate":0,"timestamp":1539908327,"path_taken":["M","$","?","?","?","E","?","?","T","R","E","?","M","$","R","BOSS","M","$","?","M","?","M"],"build_version":"2018-10-11","purchased_purges":2,"victory":false,"max_hp_per_floor":[80,80,80,80,80,80,80,80,80,80,80,80,83,83,83,83,83,86,86,86,89,89,89],"card_choices":[{"not_picked":["Evolve","Clothesline"],"picked":"True Grit","floor":1},{"not_picked":["True Grit","Warcry"],"picked":"Spot Weakness","floor":6},{"not_picked":["Warcry","Thunderclap"],"picked":"Flex","floor":7},{"not_picked":["Headbutt","Iron Wave"],"picked":"Metallicize","floor":11},{"not_picked":["Bloodletting","Clash"],"picked":"Power Through","floor":13},{"not_picked":["Bludgeon","Dark Embrace"],"picked":"Juggernaut","floor":16},{"not_picked":["Sever Soul","Headbutt"],"picked":"Wild Strike+1","floor":18},{"not_picked":["Evolve","Cleave","Bloodletting+1"],"picked":"SKIP","floor":21},{"not_picked":["Immolate","True Grit","Anger"],"picked":"SKIP","floor":22}],"player_experience":718246,"relics_obtained":[{"floor":6,"key":"StoneCalendar"},{"floor":9,"key":"Gremlin Horn"},{"floor":11,"key":"Pantograph"},{"floor":17,"key":"War Paint"},{"floor":17,"key":"Darkstone Periapt"},{"floor":17,"key":"Girya"}],"event_choices":[{"event_name":"Bonfire Elementals","player_choice":"BASIC","floor":3,"damage_taken":0},{"event_name":"The Cleric","player_choice":"Leave","floor":4,"damage_taken":0},{"event_name":"Golden Shrine","player_choice":"Desecrate","floor":5,"damage_taken":0},{"event_name":"Match and Keep!","player_choice":"2 cards matched","floor":12,"damage_taken":0},{"event_name":"Knowing Skull","player_choice":"CARD ","floor":20,"damage_taken":0}],"is_beta":false,"boss_relics":[{"not_picked":["Astrolabe","Orrery"],"picked":"Calling Bell"}],"items_purged_floors":[8,19],"is_endless":false,"potions_floor_spawned":[1,13,16],"killed_by":"Centurion and Healer","ascension_level":0}