{"gold_per_floor":[117,69,81,256,271,271,271,281,281,307,307,160,186,200,200,304,304,321,321,321,221,236,236,253,286,286,286,31,44,77,77,77,179,179,196,214,214,214,229,229],"floor_reached":40,"playtime":2491,"items_purged":["Doubt","Strike_R"],"score":459,"play_id":"710275ab-fb9b-4a31-a21c-3bbaad4739e2","local_time":"20190219210806","is_ascension_mode":false,"campfire_choices":[{"data":"Armaments","floor":7,"key":"SMITH"},{"data":"Carnage","floor":11,"key":"SMITH"},{"floor":15,"key":"REST"},{"floor":23,"key":"REST"},{"floor":27,"key":"REST"},{"floor":32,"key":"REST"}],"neow_cost":"NONE","seed_source_timestamp":562092484931000,"circlet_count":0,"master_deck":["Strike_R","Strike_R","Defend_R","Defend_R","Defend_R","Defend_R","Bash","Forethought","Pommel Strike","Armaments+1","Carnage+1","Disarm","Headbutt","Demon Form","Reaper","Twin Strike+1","Pummel","Twin Strike","Battle Trance+1","Iron Wave+1","Flex","Madness","Madness","Exhume","Headbutt+1"],"relics":["Burning Blood","Omamori","Bottled Flame","Blood Vial","Bag of Marbles","Fusion Hammer","Calipers","Molten Egg 2","Oddly Smooth Stone","Shuriken","WingedGreaves","Busted Crown"],"potions_floor_usage":[10,16,25,33,40],"damage_taken":[{"damage":1,"enemies":"Jaw Worm","floor":1,"turns":3},{"damage":5,"enemies":"Small Slimes","floor":3,"turns":4},{"damage":8,"enemies":"2 Louse","floor":5,"turns":3},{"damage":15,"enemies":"Exordium Thugs","floor":8,"turns":5},{"damage":37,"enemies":"Lagavulin","floor":10,"turns":7},{"damage":27,"enemies":"Gremlin Nob","floor":13,"turns":4},{"damage":9,"enemies":"Exordium Wildlife","floor":14,"turns":4},{"damage":31,"enemies":"The Guardian","floor":16,"turns":9},{"damage":0,"enemies":"Spheric Guardian","floor":18,"turns":3},{"damage":11,"enemies":"3 Byrds","floor":22,"turns":5},{"damage":40,"enemies":"Shelled Parasite and Fungi","floor":24,"turns":6},{"damage":32,"enemies":"Slavers","floor":25,"turns":5},{"damage":11,"enemies":"Snake Plant","floor":29,"turns":4},{"damage":0,"enemies":"Gremlin Leader","floor":30,"turns":8},{"damage":81,"enemies":"Automaton","floor":33,"turns":11},{"damage":17,"enemies":"3 Darklings","floor":35,"turns":4},{"damage":6,"enemies":"3 Shapes","floor":36,"turns":4},{"damage":36,"enemies":"Writhing Mass","floor":39,"turns":6},{"damage":65,"enemies":"Reptomancer","floor":40,"turns":5}],"seed_played":"2294373735858009910","potions_obtained":[{"floor":8,"key":"Regen Potion"},{"floor":10,"key":"Energy Potion"},{"floor":13,"key":"SkillPotion"},{"floor":14,"key":"SteroidPotion"},{"floor":18,"key":"Weak Potion"},{"floor":30,"key":"SkillPotion"},{"floor":35,"key":"SneckoOil"}],"is_trial":false,"path_per_floor":["M","$","M","?","M","T","R","M","T","E","R","$","E","M","R","B",null,"M","?","?","$","M","R","M","E","T","R","$","M","E","?","R","B",null,"M","M","?","?","M","E"],"character_chosen":"IRONCLAD","items_purchased":["Armaments","Demon Form","Shuriken"],"campfire_rested":4,"item_purchase_floors":[2,12,28],"current_hp_per_floor":[80,80,80,80,78,78,78,69,69,52,52,52,33,32,56,33,80,80,65,65,65,64,85,57,33,33,58,58,61,85,85,85,16,85,74,85,74,74,54,0],"gold":229,"neow_bonus":"RANDOM_COLORLESS","is_prod":false,"is_daily":false,"chose_seed":false,"campfire_upgraded":2,"win_rate":0,"timestamp":1550639286,"path_taken":["M","$","M","?","M","?","R","M","T","E","R","?","E","M","R","BOSS","M","?","?","$","M","R","M","E","T","R","?","?","E","?","R","BOSS","M","M","?","?","?","E"],"build_version":"2019-01-23","purchased_purges":2,"victory":false,"max_hp_per_floor":[80,80,80,80,80,80,80,80,80,80,80,80,80,80,80,80,80,80,85,85,85,85,85,85,85,85,85,85,85,85,85,85,85,85,85,85,85,85,85,85],"card_choices":[{"not_picked":["Perfected Strike","Combust"],"picked":"Pommel Strike","floor":1},{"not_picked":["Warcry","Sentinel"],"picked":"Carnage","floor":3},{"not_picked":["Wild Strike","Warcry"],"picked":"Disarm","floor":5},{"not_picked":["Perfected Strike","Twin Strike","Sentinel"],"picked":"SKIP","floor":8},{"not_picked":["True Grit","Searing Blow"],"picked":"Headbutt","floor":10},{"not_picked":["Havoc","Sever Soul","Flex"],"picked":"SKIP","floor":13},{"not_picked":["Carnage","Havoc","Cleave"],"picked":"SKIP","floor":14},{"not_picked":["Bludgeon","Double Tap"],"picked":"Reaper","floor":16},{"not_picked":["Flex","Rage"],"picked":"Twin Strike+1","floor":18},{"not_picked":["Anger","Heavy Blade"],"picked":"Pummel","floor":22},{"not_picked":["Warcry+1","Pommel Strike"],"picked":"Twin Strike","floor":24},{"not_picked":["Second Wind","Twin Strike"],"picked":"Battle Trance+1","floor":25},{"not_picked":["Intimidate","Twin Strike+1"],"picked":"Iron Wave+1","floor":29},{"not_picked":["Rage","Carnage+1","Spot Weakness"],"picked":"SKIP","floor":30},{"not_picked":["Warcry+1"],"picked":"SKIP","floor":35},{"not_picked":["Clothesline+1"],"picked":"SKIP","floor":36},{"not_picked":[],"picked":"Headbutt+1","floor":39}],"player_experience":200679,"relics_obtained":[{"floor":6,"key":"Omamori"},{"floor":9,"key":"Bottled Flame"},{"floor":10,"key":"Blood Vial"},{"floor":13,"key":"Bag of Marbles"},{"floor":25,"key":"Molten Egg 2"},{"floor":26,"key":"Oddly Smooth Stone"},{"floor":30,"key":"WingedGreaves"}],"event_choices":[{"damage_healed":0,"gold_gain":175,"player_choice":"AGREE","damage_taken":0,"max_hp_gain":0,"max_hp_loss":0,"event_name":"Liars Game","floor":4,"gold_loss":0,"cards_obtained":["Doubt"]},{"damage_healed":0,"gold_gain":0,"player_choice":"Shed Blood","damage_taken":20,"max_hp_gain":5,"max_hp_loss":0,"event_name":"Forgotten Altar","floor":19,"gold_loss":0},{"damage_healed":0,"gold_gain":0,"player_choice":"Opened","damage_taken":0,"relics_obtained":["Calipers"],"max_hp_gain":0,"max_hp_loss":0,"event_name":"The Mausoleum","floor":20,"gold_loss":0,"cards_obtained":["Writhe"]},{"damage_healed":0,"gold_gain":0,"cards_transformed":["Strike_R"],"player_choice":"Transformed","damage_taken":0,"max_hp_gain":0,"max_hp_loss":0,"event_name":"Transmorgrifier","floor":31,"gold_loss":0,"cards_obtained":["Flex"]},{"damage_healed":0,"gold_gain":0,"player_choice":"Embrace Madness","damage_taken":11,"max_hp_gain":0,"max_hp_loss":0,"event_name":"Winding Halls","floor":37,"gold_loss":0,"cards_obtained":["Madness","Madness"]},{"damage_healed":0,"gold_gain":0,"cards_transformed":["Strike_R"],"player_choice":"Transformed","damage_taken":0,"max_hp_gain":0,"max_hp_loss":0,"event_name":"Transmorgrifier","floor":38,"gold_loss":0,"cards_obtained":["Exhume"]}],"is_beta":false,"boss_relics":[{"not_picked":["Astrolabe","Philosopher\u0027s Stone"],"picked":"Fusion Hammer"},{"not_picked":["Orrery","Mark of Pain"],"picked":"Busted Crown"}],"items_purged_floors":[12,21],"is_endless":false,"potions_floor_spawned":[8,10,13,14,18,30,35],"killed_by":"Reptomancer","ascension_level":0}