{"path_per_floor":["M","?","?","M","M","R","M","R","T","M","R","M","R","?","R","B",null,"M","M","?","?","M","E","R","E","T","R","T","R","M","$","R","B",null,"M","?","$","?","$","E","R"],"character_chosen":"THE_SILENT","items_purchased":["Ice Cream","Noxious Fumes","Bouncing Flask","Poisoned Stab"],"gold_per_floor":[116,66,66,86,98,98,68,68,93,110,110,127,127,127,127,228,228,248,268,268,268,286,314,314,347,370,370,370,370,389,29,29,127,127,146,146,146,146,56,90,90],"floor_reached":42,"campfire_rested":5,"playtime":2419,"current_hp_per_floor":[77,77,77,77,77,77,77,77,77,58,58,50,50,50,73,70,77,77,63,47,47,39,23,46,27,27,50,50,50,56,56,77,59,77,73,73,73,73,73,18,41],"items_purged":[],"gold":90,"score":440,"play_id":"cf248840-cbe0-4b0e-bca0-bd1eb2b44e40","is_prod":false,"is_daily":false,"is_ascension_mode":true,"campfire_upgraded":5,"path_taken":["M","?","?","M","M","R","?","R","T","M","R","?","R","?","R","BOSS","M","M","?","?","M","E","R","E","T","R","?","R","M","$","R","BOSS","M","?","$","?","?","E","R","E"],"build_version":"2018-02-22-PROD2","purchased_purges":2,"victory":false,"master_deck":["Survivor","Neutralize+1","Acrobatics+1","Backflip","Leg Sweep+1","Quick Slash","Terror","Noxious Fumes+1","Finisher","Unload","Doubt","Malaise","Footwork+1","Quick Slash+1","Tactician","Underhanded Strike+1","Deadly Poison","Noxious Fumes","Night Terror","Endless Agony","Bane","Deadly Poison","Dagger Spray","Cloak And Dagger","Deadly Poison","Quick Slash","Backflip+1","Corpse Explosion","Trip","Bouncing Flask","Poisoned Stab","Dagger Spray+1"],"max_hp_per_floor":[77,77,77,77,77,77,77,77,77,77,77,77,77,77,77,77,77,77,77,77,77,77,77,77,77,77,77,77,77,77,77,77,77,77,77,77,77,77,77,77,77],"relics":["Ring of the Snake","Omamori","Calling Bell","Thread and Needle","Toolbox","Mercury Hourglass","Enchiridion","Bird Faced Urn","Gremlin Horn","Snake Skull","Gambling Chip","Ice Cream","Pandora\u0027s Box","Ginger"],"card_choices":[{"not_picked":["All Out Attack","Sucker Punch"],"picked":"Acrobatics"},{"not_picked":["Prepared","Dagger Throw"],"picked":"Backflip"},{"not_picked":["Underhanded Strike","Distraction"],"picked":"Leg Sweep"},{"not_picked":["Riddle With Holes","Dodge and Roll"],"picked":"Quick Slash"},{"not_picked":["Bane","Slice"],"picked":"Terror"},{"not_picked":["Prepared","Predator"],"picked":"Noxious Fumes"},{"not_picked":["Phantasmal Killer","Storm of Steel"],"picked":"Unload"},{"not_picked":["Bane","Sucker Punch"],"picked":"Malaise"},{"not_picked":["Dagger Throw","Finisher"],"picked":"Footwork"},{"not_picked":["Dagger Spray","Deadly Poison"],"picked":"Quick Slash"},{"not_picked":["Phantasmal Killer","Accuracy"],"picked":"Tactician"},{"not_picked":["Deadly Poison","Cloak And Dagger"],"picked":"Underhanded Strike"},{"not_picked":["Masterful Stab","Blade Dance"],"picked":"Deadly Poison"},{"not_picked":["Phantasmal Killer","Venomology"],"picked":"Night Terror"},{"not_picked":["Dagger Spray","Deadly Poison"],"picked":"Backflip"},{"not_picked":["Doppelganger","Deflect"],"picked":"Dagger Spray"}],"player_experience":130892,"potions_floor_usage":[23,23,25,42,42],"damage_taken":[{"damage":0,"enemies":"Jaw Worm","floor":1,"turns":5},{"damage":0,"enemies":"Cultist","floor":4,"turns":4},{"damage":0,"enemies":"Small Slimes","floor":5,"turns":5},{"damage":0,"enemies":"Looter","floor":7,"turns":4},{"damage":19,"enemies":"Lots of Slimes","floor":10,"turns":6},{"damage":8,"enemies":"Exordium Thugs","floor":12,"turns":8},{"damage":3,"enemies":"The Guardian","floor":16,"turns":13},{"damage":0,"enemies":"Shell Parasite","floor":18,"turns":7},{"damage":14,"enemies":"Chosen","floor":19,"turns":5},{"damage":8,"enemies":"Centurion and Healer","floor":22,"turns":7},{"damage":16,"enemies":"Gremlin Leader","floor":23,"turns":5},{"damage":25,"enemies":"Slavers","floor":25,"turns":7},{"damage":0,"enemies":"Chosen and Byrds","floor":30,"turns":5},{"damage":20,"enemies":"Automaton","floor":33,"turns":10},{"damage":4,"enemies":"Orb Walker","floor":35,"turns":4},{"damage":59,"enemies":"Giant Head","floor":40,"turns":9},{"damage":61,"enemies":"2 Orb Walkers","floor":42,"turns":4}],"event_choices":[{"event_name":"The Cleric","player_choice":"Card Removal","floor":2,"damage_taken":0},{"event_name":"Wheel of Change","player_choice":"Card Removal","floor":3,"damage_taken":0},{"event_name":"Transmorgrifier","player_choice":"Transform","floor":14,"damage_taken":0},{"event_name":"Cursed Tome","player_choice":"Obtained Book","floor":20,"damage_taken":0},{"event_name":"Drug Dealer","player_choice":"Ignored","floor":21,"damage_taken":0},{"event_name":"Mysterious Sphere","player_choice":"Ignore","floor":36,"damage_taken":0},{"event_name":"Match and Keep!","player_choice":"2 cards matched","floor":38,"damage_taken":0}],"boss_relics":[{"not_picked":["Sozu","Black Star"],"picked":"Calling Bell"},{"not_picked":["Philosopher\u0027s Stone","Eternal Feather"],"picked":"Pandora\u0027s Box"}],"potions_floor_spawned":[1,5,22,23,40],"seed_played":"-2473061677320326689","killed_by":"2 Orb Walkers","ascension_level":2,"is_trial":false}