{"path_per_floor":["M","?","$","M","?","R","M","M","T","R","?","M","$","M","R","B",null,"M","?","$","M","M","R","M","R","T","M","R","M","E","M","R"],"character_chosen":"THE_SILENT","items_purchased":["Outmaneuver","Leg Sweep","Noxious Fumes"],"gold_per_floor":[114,114,68,81,81,81,100,121,121,121,121,141,66,79,79,209,209,230,230,120,95,120,120,136,136,136,149,149,168,201,214,214],"floor_reached":33,"campfire_rested":6,"playtime":2870,"current_hp_per_floor":[66,66,66,65,65,65,51,41,41,62,48,37,37,37,58,31,70,70,70,70,46,40,61,40,61,61,46,67,53,11,11,32],"items_purged":["Injury"],"gold":214,"play_id":"b2d2b8c0-606e-4391-b782-7b06569da2f2","is_prod":false,"is_daily":false,"is_ascension_mode":false,"campfire_upgraded":1,"path_taken":["M","?","$","?","?","R","M","M","T","R","?","?","$","M","R","BOSS","M","?","$","?","?","R","M","R","T","M","R","M","E","M","R","BOSS"],"build_version":"2018-02-01-PROD3","purchased_purges":1,"victory":false,"master_deck":["Defend_G","Defend_G","Defend_G","Defend_G+1","Defend_G","Strike_G","Strike_G","Strike_G","Strike_G","Strike_G","Survivor","Neutralize+1","Wraith Form+1","Underhanded Strike","Outmaneuver","Noxious Fumes","Backflip","Backstab","Blur","Leg Sweep","Deflect","Night Terror","Acrobatics+1","Deflect","Noxious Fumes","Endless Agony+1","Malaise+1","Footwork+1","Injury","Dash","Slice+1","Burst","Footwork+1"],"max_hp_per_floor":[70,70,70,70,70,70,70,70,70,70,70,70,70,70,70,70,70,70,70,70,70,70,70,70,70,70,70,70,70,70,70,70],"relics":["Ring of the Snake","Golden Idol","Centennial Puzzle","Cursed Key","Peace Pipe","Dodecahedron"],"card_choices":[{"not_picked":["Poisoned Stab","Bane"],"picked":"Underhanded Strike"},{"not_picked":["Bane","Reflex"],"picked":"Noxious Fumes"},{"not_picked":["Reflex","Crippling Poison"],"picked":"Backflip"},{"not_picked":["Noxious Fumes","Slice"],"picked":"Backstab"},{"not_picked":["Envenom","Predator"],"picked":"Blur"},{"not_picked":["Heel Hook","Backflip"],"picked":"Deflect"},{"not_picked":["Wraith Form","Glass Knife"],"picked":"Night Terror"},{"not_picked":["Malaise","Quick Slash"],"picked":"Acrobatics"},{"not_picked":["Flechettes","Prepared"],"picked":"Endless Agony"},{"not_picked":["Dagger Throw","Night Terror"],"picked":"Malaise"},{"not_picked":["Acrobatics","PiercingWail"],"picked":"Footwork"},{"not_picked":["Acrobatics","Sucker Punch"],"picked":"Dash"},{"not_picked":["Riddle With Holes","Backflip"],"picked":"Slice"},{"not_picked":["Underhanded Strike","Bouncing Flask"],"picked":"Burst"},{"not_picked":["Crippling Poison","Acrobatics"],"picked":"Footwork"}],"player_experience":43974,"potions_floor_usage":[16,16,30,31,31,31],"damage_taken":[{"damage":4,"enemies":"Cultist","floor":1,"turns":5},{"damage":1,"enemies":"2 Louse","floor":4,"turns":3},{"damage":14,"enemies":"Blue Slaver","floor":7,"turns":5},{"damage":10,"enemies":"2 Fungi Beasts","floor":8,"turns":5},{"damage":11,"enemies":"3 Louse","floor":12,"turns":4},{"damage":0,"enemies":"Large Slime","floor":14,"turns":5},{"damage":27,"enemies":"Slime Boss","floor":16,"turns":11},{"damage":0,"enemies":"Shell Parasite","floor":18,"turns":7},{"damage":24,"enemies":"2 Thieves","floor":21,"turns":5},{"damage":6,"enemies":"Snecko","floor":22,"turns":6},{"damage":21,"enemies":"Cultist and Chosen","floor":24,"turns":7},{"damage":15,"enemies":"Chosen and Byrds","floor":27,"turns":9},{"damage":14,"enemies":"3 Cultists","floor":29,"turns":5},{"damage":42,"enemies":"Gremlin Leader","floor":30,"turns":7},{"damage":0,"enemies":"Snake Plant","floor":31,"turns":4},{"damage":43,"enemies":"Automaton","floor":33,"turns":6}],"event_choices":[{"event_name":"Golden Idol","player_choice":"Take Wound","floor":2,"damage_taken":0},{"event_name":"Liars Game","player_choice":"disagreed","floor":5,"damage_taken":0},{"event_name":"Shining Light","player_choice":"Entered Light","floor":11,"damage_taken":0},{"event_name":"The Library","player_choice":"Read","floor":19,"damage_taken":0}],"boss_relics":[{"not_picked":["White Beast Statue","Orrery"],"picked":"Cursed Key"}],"potions_floor_spawned":[7,8,12,16,18,29,30],"seed_played":"-8734646385029602968","killed_by":"Automaton","ascension_level":0,"is_trial":false}