{"gold_per_floor":[113,188,73,73,0,32,32,63,63,63,63,63,63,63,63,158,458,469,450,473,473,398,398],"floor_reached":23,"playtime":649,"items_purged":[],"score":292,"play_id":"59caadc5-d4de-4f1e-9e39-0d38d3855f34","local_time":"20181114193759","is_ascension_mode":true,"campfire_choices":[{"floor":10,"key":"REST"},{"data":"Armaments","floor":12,"key":"SMITH"},{"data":"Demon Form","floor":15,"key":"SMITH"}],"neow_cost":"CURSE","seed_source_timestamp":6237224566200,"circlet_count":0,"master_deck":["Strike_R","Strike_R","Strike_R","Strike_R","Strike_R","Defend_R","Defend_R","Defend_R","Defend_R","Bash","Demon Form+1","Heavy Blade","Cleave","Flex","Sword Boomerang","Armaments+1","Limit Break","Injury","Pain","Writhe","Cleave","Headbutt"],"relics":["Burning Blood","Tiny Chest","Juzu Bracelet","Paper Frog","Gremlin Horn","Pantograph","Orichalcum","WarpedTongs","Calling Bell","Boot","Ornamental Fan","Old Coin","Omamori"],"potions_floor_usage":[6,6,8,19,23],"damage_taken":[{"damage":6,"enemies":"2 Louse","floor":1,"turns":4},{"damage":0,"enemies":"Lagavulin","floor":6,"turns":4},{"damage":35,"enemies":"3 Sentries","floor":8,"turns":6},{"damage":17,"enemies":"Slime Boss","floor":16,"turns":6},{"damage":29,"enemies":"Chosen","floor":18,"turns":5},{"damage":29,"enemies":"2 Thieves","floor":19,"turns":4},{"damage":35,"enemies":"Slavers","floor":23,"turns":2}],"seed_played":"1847299966081058309","potions_obtained":[{"floor":4,"key":"Block Potion"},{"floor":4,"key":"Strength Potion"},{"floor":4,"key":"AttackPotion"},{"floor":6,"key":"SpeedPotion"},{"floor":8,"key":"Dexterity Potion"},{"floor":19,"key":"PowerPotion"}],"is_trial":false,"path_per_floor":["M","?","$","?","$","E","?","E","T","R","?","R","T","?","R","B",null,"M","M","T","?","?","E"],"character_chosen":"IRONCLAD","items_purchased":["Tiny Chest","Cleave","Flex"],"campfire_rested":1,"item_purchase_floors":[3,5,5],"current_hp_per_floor":[72,61,61,61,61,67,67,38,38,62,59,59,59,59,59,69,77,54,31,31,31,31,0],"gold":398,"neow_bonus":"THREE_RARE_CARDS","is_prod":false,"is_daily":false,"chose_seed":false,"campfire_upgraded":2,"win_rate":0,"timestamp":1542220679,"path_taken":["M","?","$","?","$","E","?","E","T","R","?","R","?","?","R","BOSS","M","M","?","?","?","E"],"build_version":"2018-11-08","purchased_purges":0,"victory":false,"max_hp_per_floor":[80,80,80,80,80,80,80,80,80,80,80,80,80,80,80,80,80,80,80,80,80,80,80],"card_choices":[{"not_picked":["Double Tap","Bludgeon"],"picked":"Demon Form","floor":0},{"not_picked":["Warcry","Burning Pact"],"picked":"Heavy Blade","floor":1},{"not_picked":["Havoc","Armaments"],"picked":"Sword Boomerang","floor":6},{"not_picked":["True Grit","Warcry"],"picked":"Armaments","floor":8},{"not_picked":["Feed","Dark Embrace"],"picked":"Limit Break","floor":16},{"not_picked":["Twin Strike","True Grit"],"picked":"Cleave","floor":18},{"not_picked":["Flex","Clash"],"picked":"Headbutt","floor":19}],"player_experience":909981,"relics_obtained":[{"floor":6,"key":"Juzu Bracelet"},{"floor":8,"key":"Paper Frog"},{"floor":9,"key":"Gremlin Horn"},{"floor":13,"key":"Orichalcum"},{"floor":17,"key":"Boot"},{"floor":17,"key":"Ornamental Fan"},{"floor":17,"key":"Old Coin"},{"floor":20,"key":"Omamori"}],"event_choices":[{"damage_healed":0,"gold_gain":75,"player_choice":"Gather Gold","damage_taken":11,"max_hp_gain":0,"max_hp_loss":0,"event_name":"World of Goop","floor":2,"gold_loss":0},{"damage_healed":0,"gold_gain":0,"player_choice":"Got Potions","damage_taken":0,"max_hp_gain":0,"max_hp_loss":0,"event_name":"Lab","floor":4,"gold_loss":0},{"cards_removed":["Pain"],"damage_healed":0,"gold_gain":0,"player_choice":"Card Removal","damage_taken":0,"max_hp_gain":0,"max_hp_loss":0,"event_name":"Wheel of Change","floor":7,"gold_loss":0},{"damage_healed":0,"gold_gain":0,"player_choice":"Success","damage_taken":3,"relics_obtained":["Pantograph"],"max_hp_gain":0,"max_hp_loss":0,"event_name":"Scrap Ooze","floor":11,"gold_loss":0},{"damage_healed":0,"gold_gain":0,"player_choice":"Rummage","damage_taken":0,"relics_obtained":["WarpedTongs"],"max_hp_gain":0,"max_hp_loss":0,"event_name":"Accursed Blacksmith","floor":14,"gold_loss":0,"cards_obtained":["Pain"]},{"damage_healed":0,"gold_gain":0,"player_choice":"Smashed Altar","damage_taken":0,"max_hp_gain":0,"max_hp_loss":0,"event_name":"Forgotten Altar","floor":21,"gold_loss":0,"cards_obtained":["Decay"]},{"cards_removed":["Pain"],"damage_healed":0,"gold_gain":0,"player_choice":"Gave Gold","damage_taken":0,"max_hp_gain":0,"max_hp_loss":0,"event_name":"Beggar","floor":22,"gold_loss":75}],"is_beta":false,"boss_relics":[{"not_picked":["Sozu","Orrery"],"picked":"Calling Bell"}],"items_purged_floors":[],"is_endless":false,"potions_floor_spawned":[6,8,19],"killed_by":"Slavers","ascension_level":7}