{"gold_per_floor":[114,129,144,159,174,349,89,119,169,184,214,229,244,274,274,374,374,389,404,66,81,96,126,126,138,225,237,249,561,573,600,612,724,786,813,219,219,219,267,267,267,267,267,282,282,282,297,0,0,0],"floor_reached":51,"playtime":3010,"items_purged":[],"score":987,"play_id":"2251821a-cbe3-4f94-aa1f-e3303026c3d0","local_time":"20181230192417","daily_mods":["Cursed Run","Flight","Binary"],"is_ascension_mode":false,"campfire_choices":[{"data":"Sunder","floor":15,"key":"SMITH"},{"floor":24,"key":"DIG"},{"floor":25,"key":"DIG"},{"floor":27,"key":"DIG"},{"floor":29,"key":"DIG"},{"floor":32,"key":"DIG"},{"floor":40,"key":"DIG"},{"floor":41,"key":"DIG"},{"floor":42,"key":"DIG"},{"floor":45,"key":"DIG"},{"floor":49,"key":"DIG"}],"neow_cost":"","seed_source_timestamp":0,"circlet_count":0,"master_deck":["Strike_B+1","Strike_B+1","Strike_B+1","Defend_B+1","Defend_B+1","Defend_B+1","Defend_B+1","Zap","Dualcast","Compile Driver","Sweeping Beam","Ball Lightning","Cold Snap","Doubt","Cold Snap","Sunder+1","Violence","FTL","Injury","All For One","FTL+1","Go for the Eyes","Doubt","Hyperbeam","Gash","Sweeping Beam","Skim","Sweeping Beam","Lockon","Ball Lightning","Gash","Madness","Ball Lightning","Compile Driver","Ball Lightning","Doubt","Double Energy","Parasite","Seek","Melter+1","Sunder+1","Cold Snap+1","Enlightenment","Gash+1","Metamorphosis","Aggregate","Writhe","Go for the Eyes+1","Writhe","Ball Lightning+1","HandOfGreed+1","Dramatic Entrance+1","Mayhem","Parasite","Streamline+1","Writhe"],"special_seed":17896,"relics":["Cursed Key","Darkstone Periapt","Du-Vu Doll","Ornamental Fan","Smiling Mask","Symbiotic Virus","Cables","Orrery","Toolbox","Shovel","MawBank","Molten Egg 2","Matryoshka","Kunai","Old Coin","Enchiridion","Anchor","Tiny House","Bag of Preparation","Mango","Regal Pillow","Girya","Ice Cream","Happy Flower","Toxic Egg 2","DataDisk","Red Mask","Pear"],"potions_floor_usage":[22,22,33,39,39],"damage_taken":[{"damage":0,"enemies":"Small Slimes","floor":1,"turns":3},{"damage":3,"enemies":"Jaw Worm","floor":2,"turns":3},{"damage":0,"enemies":"2 Louse","floor":3,"turns":2},{"damage":5,"enemies":"Looter","floor":4,"turns":3},{"damage":0,"enemies":"2 Fungi Beasts","floor":5,"turns":2},{"damage":9,"enemies":"Gremlin Nob","floor":8,"turns":3},{"damage":0,"enemies":"Exordium Wildlife","floor":10,"turns":1},{"damage":2,"enemies":"3 Sentries","floor":11,"turns":4},{"damage":10,"enemies":"Blue Slaver","floor":12,"turns":2},{"damage":0,"enemies":"Large Slime","floor":13,"turns":2},{"damage":0,"enemies":"Gremlin Nob","floor":14,"turns":3},{"damage":24,"enemies":"The Guardian","floor":16,"turns":5},{"damage":0,"enemies":"3 Byrds","floor":18,"turns":2},{"damage":6,"enemies":"2 Thieves","floor":19,"turns":2},{"damage":12,"enemies":"Centurion and Healer","floor":21,"turns":3},{"damage":1,"enemies":"Snake Plant","floor":22,"turns":2},{"damage":27,"enemies":"Book of Stabbing","floor":23,"turns":4},{"damage":0,"enemies":"Snecko","floor":31,"turns":4},{"damage":13,"enemies":"Automaton","floor":33,"turns":7},{"damage":5,"enemies":"3 Darklings","floor":35,"turns":2},{"damage":25,"enemies":"2 Orb Walkers","floor":39,"turns":4},{"damage":0,"enemies":"Orb Walker","floor":44,"turns":2},{"damage":0,"enemies":"Writhing Mass","floor":47,"turns":3},{"damage":53,"enemies":"Time Eater","floor":50,"turns":8}],"seed_played":"-1256899049179470920","potions_obtained":[{"floor":2,"key":"FocusPotion"},{"floor":5,"key":"Regen Potion"},{"floor":12,"key":"Block Potion"},{"floor":22,"key":"Block Potion"},{"floor":34,"key":"Poison Potion"},{"floor":35,"key":"SpeedPotion"}],"is_trial":false,"path_per_floor":["M","M","M","M","M","?","$","E","T","M","E","M","M","E","R","B",null,"M","M","$","M","M","E","R","R","T","R","?","R","?","M","R","B",null,"M","$","?","?","?","R","R","R","T","M","R","?","M","?","R","B",null],"character_chosen":"DEFECT","items_purchased":["Cold Snap","Sunder","Violence","Gash","Toolbox","Madness","Cold Snap+1","Enlightenment","Bag of Preparation","Gash+1","Metamorphosis","Aggregate"],"campfire_rested":0,"item_purchase_floors":[7,7,7,20,20,20,36,36,36,36,36,36],"current_hp_per_floor":[75,72,72,67,67,73,73,64,70,70,68,58,58,58,58,40,93,93,87,87,75,79,52,52,52,58,58,58,58,42,42,42,35,110,105,105,105,116,105,105,105,105,111,111,111,101,107,107,117,70],"gold":0,"neow_bonus":"","is_prod":false,"is_daily":true,"chose_seed":false,"campfire_upgraded":1,"win_rate":0,"timestamp":1546226657,"path_taken":["M","M","M","M","M","?","$","E","T","M","E","M","M","E","R","BOSS","M","M","$","M","M","E","R","R","T","R","?","R","?","M","R","BOSS","M","$","?","?","?","R","R","R","T","?","R","?","M","?","R","BOSS"],"build_version":"2018-12-20","purchased_purges":0,"victory":true,"max_hp_per_floor":[75,75,75,75,75,81,81,81,87,87,87,87,87,87,87,93,93,93,93,93,93,93,93,93,93,99,99,99,99,99,99,99,105,110,110,110,110,116,130,130,130,130,136,136,136,136,142,142,152,158],"card_choices":[{"not_picked":["Go for the Eyes"],"picked":"Compile Driver","floor":1},{"not_picked":["Hologram"],"picked":"Sweeping Beam","floor":2},{"not_picked":["Coolheaded","Loop"],"picked":"SKIP","floor":3},{"not_picked":["Consume"],"picked":"Ball Lightning","floor":4},{"not_picked":["Coolheaded"],"picked":"Cold Snap","floor":5},{"not_picked":["Genetic Algorithm"],"picked":"FTL","floor":8},{"not_picked":["Undo","Auto Shields"],"picked":"SKIP","floor":10},{"not_picked":["Static Discharge"],"picked":"All For One","floor":11},{"not_picked":["Stack"],"picked":"FTL","floor":12},{"not_picked":["Reprogram","Chill"],"picked":"SKIP","floor":13},{"not_picked":["Steam Power"],"picked":"Go for the Eyes","floor":14},{"not_picked":["Electrodynamics"],"picked":"Hyperbeam","floor":16},{"not_picked":["Reprogram"],"picked":"Gash","floor":17},{"not_picked":["Steam"],"picked":"Sweeping Beam","floor":17},{"not_picked":["Coolheaded"],"picked":"Skim","floor":17},{"not_picked":["Amplify"],"picked":"Sweeping Beam","floor":17},{"not_picked":["Consume"],"picked":"Lockon","floor":18},{"not_picked":["Redo"],"picked":"Ball Lightning","floor":19},{"not_picked":["Multi-Cast"],"picked":"Ball Lightning","floor":21},{"not_picked":["Darkness"],"picked":"Compile Driver","floor":22},{"not_picked":["Tempest"],"picked":"Ball Lightning","floor":23},{"not_picked":["Steam Power"],"picked":"Double Energy","floor":31},{"not_picked":["Creative AI"],"picked":"Seek","floor":33},{"not_picked":["Heatsinks"],"picked":"Melter+1","floor":34},{"not_picked":["Force Field"],"picked":"Sunder+1","floor":35},{"not_picked":["Redo+1"],"picked":"Go for the Eyes+1","floor":39},{"not_picked":["Go for the Eyes+1"],"picked":"Ball Lightning+1","floor":44},{"not_picked":["The Bomb+1"],"picked":"HandOfGreed+1","floor":46},{"not_picked":["Good Instincts+1"],"picked":"Dramatic Entrance+1","floor":46},{"not_picked":["Secret Technique+1"],"picked":"Mayhem","floor":46},{"not_picked":["Rebound+1"],"picked":"Streamline+1","floor":47}],"player_experience":267620,"relics_obtained":[{"floor":8,"key":"Ornamental Fan"},{"floor":9,"key":"Smiling Mask"},{"floor":11,"key":"Symbiotic Virus"},{"floor":14,"key":"Cables"},{"floor":23,"key":"Shovel"},{"floor":24,"key":"MawBank"},{"floor":25,"key":"Molten Egg 2"},{"floor":26,"key":"Matryoshka"},{"floor":27,"key":"Kunai"},{"floor":29,"key":"Old Coin"},{"floor":30,"key":"Enchiridion"},{"floor":32,"key":"Anchor"},{"floor":39,"key":"Mango"},{"floor":40,"key":"Regal Pillow"},{"floor":41,"key":"Girya"},{"floor":42,"key":"Ice Cream"},{"floor":43,"key":"Happy Flower"},{"floor":43,"key":"Toxic Egg 2"},{"floor":45,"key":"DataDisk"},{"floor":49,"key":"Pear"}],"event_choices":[{"damage_healed":0,"gold_gain":175,"player_choice":"AGREE","damage_taken":0,"max_hp_gain":0,"max_hp_loss":0,"event_name":"Liars Game","floor":6,"gold_loss":0,"cards_obtained":["Doubt"]},{"damage_healed":0,"gold_gain":0,"player_choice":"Simplicity","damage_taken":0,"max_hp_gain":0,"max_hp_loss":0,"event_name":"Back to Basics","floor":28,"gold_loss":0,"cards_upgraded":["Strike_B","Strike_B","Strike_B","Strike_B","Defend_B","Defend_B","Defend_B","Defend_B"]},{"damage_healed":0,"gold_gain":0,"player_choice":"Obtained Book","damage_taken":16,"max_hp_gain":0,"max_hp_loss":0,"event_name":"Cursed Tome","floor":30,"gold_loss":0},{"cards_removed":["Strike_B"],"damage_healed":0,"gold_gain":0,"player_choice":"Removed Attack","damage_taken":0,"max_hp_gain":0,"max_hp_loss":0,"event_name":"Falling","floor":37,"gold_loss":0},{"damage_healed":28,"gold_gain":0,"player_choice":"Writhe","damage_taken":0,"max_hp_gain":0,"max_hp_loss":0,"event_name":"Winding Halls","floor":38,"gold_loss":0,"cards_obtained":["Writhe"]},{"damage_healed":0,"gold_gain":0,"player_choice":"Fight","damage_taken":0,"max_hp_gain":0,"max_hp_loss":0,"event_name":"Mysterious Sphere","floor":39,"gold_loss":0},{"damage_healed":0,"gold_gain":0,"player_choice":"Memory 3","damage_taken":10,"max_hp_gain":0,"max_hp_loss":0,"event_name":"SensoryStone","floor":46,"gold_loss":0},{"damage_healed":0,"gold_gain":0,"player_choice":"Paid","damage_taken":0,"relics_obtained":["Red Mask"],"max_hp_gain":0,"max_hp_loss":0,"event_name":"Tomb of Lord Red Mask","floor":48,"gold_loss":297}],"is_beta":false,"boss_relics":[{"not_picked":["Velvet Choker","Coffee Dripper"],"picked":"Orrery"},{"not_picked":["Lizard Tail","Inserter"],"picked":"Tiny House"}],"items_purged_floors":[],"is_endless":false,"potions_floor_spawned":[2,5,12,13,14,18,22,35],"ascension_level":0}