{"gold_per_floor":[111,127,77,77,53,92,67,85,111,125,145,145,165,178,178,303,303,328,135,135],"floor_reached":20,"playtime":739,"items_purged":[],"score":282,"play_id":"20a76850-8346-46a7-bc3f-73665a6998ca","local_time":"20190317231019","is_ascension_mode":true,"campfire_choices":[{"floor":12,"key":"REST"},{"floor":15,"key":"REST"}],"neow_cost":"NONE","seed_source_timestamp":276095624156399,"circlet_count":0,"master_deck":["AscendersBane","Strike_R","Strike_R","Strike_R","Strike_R","Defend_R","Defend_R","Defend_R","Defend_R","Bash","Pummel","Fire Breathing","Cleave","Battle Trance","Cleave","True Grit","Flame Barrier","Battle Trance","Dual Wield","Rampage","Limit Break","Apotheosis"],"relics":["Burning Blood","Golden Idol","Centennial Puzzle","Boot","Philosopher\u0027s Stone"],"potions_floor_usage":[6,10],"damage_taken":[{"damage":0,"enemies":"Cultist","floor":1,"turns":4},{"damage":11,"enemies":"Jaw Worm","floor":2,"turns":6},{"damage":43,"enemies":"Lagavulin","floor":6,"turns":8},{"damage":7,"enemies":"Small Slimes","floor":8,"turns":3},{"damage":9,"enemies":"Blue Slaver","floor":10,"turns":4},{"damage":5,"enemies":"Exordium Wildlife","floor":11,"turns":5},{"damage":10,"enemies":"Lots of Slimes","floor":13,"turns":2},{"damage":0,"enemies":"Large Slime","floor":14,"turns":4},{"damage":63,"enemies":"Slime Boss","floor":16,"turns":12},{"damage":46,"enemies":"Spheric Guardian","floor":18,"turns":6},{"damage":31,"enemies":"Shell Parasite","floor":20,"turns":3}],"seed_played":"6219893950644828476","potions_obtained":[{"floor":2,"key":"Block Potion"},{"floor":6,"key":"SteroidPotion"},{"floor":16,"key":"Energy Potion"}],"is_trial":false,"path_per_floor":["M","M","?","?","$","E","$","M","T","M","M","R","M","M","R","B",null,"M","$","M"],"character_chosen":"IRONCLAD","items_purchased":["Cleave","Cleave","Apotheosis"],"campfire_rested":2,"item_purchase_floors":[5,7,19],"current_hp_per_floor":[86,81,81,59,59,22,22,21,21,18,19,45,41,47,73,16,70,30,30,0],"gold":135,"neow_bonus":"TEN_PERCENT_HP_BONUS","is_prod":false,"is_daily":false,"chose_seed":false,"campfire_upgraded":0,"win_rate":0,"timestamp":1552860619,"path_taken":["M","?","?","?","?","E","$","?","T","M","M","R","M","M","R","BOSS","M","$","?"],"build_version":"2019-01-23","purchased_purges":0,"victory":false,"max_hp_per_floor":[88,88,88,88,88,88,88,88,88,88,88,88,88,88,88,88,88,88,88,88],"card_choices":[{"not_picked":["Clothesline","Second Wind"],"picked":"Pummel","floor":1},{"not_picked":["Warcry","Bloodletting"],"picked":"Fire Breathing","floor":2},{"not_picked":["Dropkick","Havoc"],"picked":"Battle Trance","floor":6},{"not_picked":["Clothesline","Sword Boomerang"],"picked":"True Grit","floor":8},{"not_picked":["Thunderclap","Shrug It Off"],"picked":"Flame Barrier","floor":10},{"not_picked":["Havoc","Heavy Blade"],"picked":"Battle Trance","floor":11},{"not_picked":["Twin Strike","Hemokinesis"],"picked":"Dual Wield","floor":13},{"not_picked":["Havoc","Warcry"],"picked":"Rampage","floor":14},{"not_picked":["Barricade","Bludgeon"],"picked":"Limit Break","floor":16},{"not_picked":["Anger","Twin Strike+1","Thunderclap"],"picked":"SKIP","floor":18}],"player_experience":1540126,"relics_obtained":[{"floor":6,"key":"Centennial Puzzle"},{"floor":9,"key":"Boot"}],"event_choices":[{"cards_removed":["Strike_R"],"damage_healed":0,"gold_gain":0,"player_choice":"Card Removal","damage_taken":0,"max_hp_gain":0,"max_hp_loss":0,"event_name":"The Cleric","floor":3,"gold_loss":50},{"damage_healed":0,"gold_gain":0,"player_choice":"Take Damage","damage_taken":22,"relics_obtained":["Golden Idol"],"max_hp_gain":0,"max_hp_loss":0,"event_name":"Golden Idol","floor":4,"gold_loss":0}],"is_beta":false,"boss_relics":[{"not_picked":["Ectoplasm","Snecko Eye"],"picked":"Philosopher\u0027s Stone"}],"items_purged_floors":[],"is_endless":false,"potions_floor_spawned":[2,6,16],"killed_by":"Shell Parasite","ascension_level":12}