{"gold_per_floor":[114,128,128,138,138,168,178,178,178,211,225,225,260,260,272,388,450,473,82,97,71,71,101,120,45,126,126],"floor_reached":27,"playtime":1035,"items_purged":[],"score":402,"play_id":"ca5f56bd-487d-422e-a479-671375f856f9","local_time":"20190322111055","is_ascension_mode":true,"campfire_choices":[{"floor":8,"key":"REST"},{"floor":12,"key":"REST"},{"floor":15,"key":"REST"}],"neow_cost":"NONE","seed_source_timestamp":165510899864900,"circlet_count":0,"master_deck":["AscendersBane","Strike_B","Defend_B","Defend_B","Defend_B","Defend_B+1","Zap","Dualcast","Loop","Defragment","Self Repair","Coolheaded","Ball Lightning","Loop","Double Energy","Double Energy","Electrodynamics+1","Leap","Redo","Loop+1","Turbo+1","Chaos+1","Redo+1","Turbo+1","Steam Power+1","Scrape"],"relics":["Cracked Core","NeowsBlessing","Lantern","Pear","Mummified Hand","Kunai","Frozen Egg 2","MawBank","Tiny House","Toxic Egg 2","Oddly Smooth Stone","The Courier"],"potions_floor_usage":[13,18,18,18,18,20,24],"damage_taken":[{"damage":0,"enemies":"Cultist","floor":1,"turns":1},{"damage":0,"enemies":"Jaw Worm","floor":2,"turns":1},{"damage":0,"enemies":"2 Louse","floor":4,"turns":1},{"damage":45,"enemies":"3 Sentries","floor":6,"turns":8},{"damage":9,"enemies":"Blue Slaver","floor":7,"turns":5},{"damage":18,"enemies":"Lagavulin","floor":10,"turns":6},{"damage":7,"enemies":"2 Fungi Beasts","floor":11,"turns":3},{"damage":25,"enemies":"3 Sentries","floor":13,"turns":7},{"damage":55,"enemies":"Slime Boss","floor":16,"turns":12},{"damage":16,"enemies":"Shell Parasite","floor":18,"turns":4},{"damage":4,"enemies":"3 Byrds","floor":20,"turns":2},{"damage":64,"enemies":"Gremlin Leader","floor":23,"turns":6},{"damage":1,"enemies":"Snecko","floor":24,"turns":4},{"damage":24,"enemies":"Snake Plant","floor":27,"turns":2}],"seed_played":"3796224161655058916","potions_obtained":[{"floor":1,"key":"SpeedPotion"},{"floor":6,"key":"LiquidBronze"},{"floor":16,"key":"EntropicBrew"},{"floor":17,"key":"SneckoOil"},{"floor":18,"key":"Ancient Potion"},{"floor":23,"key":"Explosive Potion"}],"is_trial":false,"path_per_floor":["M","M","?","M","?","E","M","R","T","E","M","R","E","T","R","B",null,"M","$","M","$","?","E","M","?","T","M"],"character_chosen":"DEFECT","items_purchased":["Toxic Egg 2","Loop+1","Turbo+1","Chaos+1","Turbo+1"],"campfire_rested":3,"item_purchase_floors":[19,19,19,19,21],"current_hp_per_floor":[68,68,68,68,61,33,31,56,56,45,45,70,52,52,77,29,76,67,67,70,70,70,13,19,19,19,0],"gold":126,"neow_bonus":"THREE_ENEMY_KILL","is_prod":false,"is_daily":false,"chose_seed":false,"campfire_upgraded":0,"win_rate":0,"timestamp":1553249455,"path_taken":["M","M","?","M","?","E","?","R","T","E","M","R","E","?","R","BOSS","M","$","?","$","?","E","M","?","T","M"],"build_version":"2019-01-23","purchased_purges":0,"victory":false,"max_hp_per_floor":[75,75,75,75,75,85,85,85,85,85,85,85,85,85,85,85,90,90,90,90,90,90,90,90,90,90,90],"card_choices":[{"not_picked":["Go for the Eyes","Sweeping Beam"],"picked":"Loop","floor":1},{"not_picked":["Conserve Battery","Rebound"],"picked":"Defragment","floor":2},{"not_picked":["Scrape","Steam"],"picked":"Self Repair","floor":4},{"not_picked":["Stack","Compile Driver"],"picked":"Coolheaded","floor":6},{"not_picked":["Recycle","Aggregate"],"picked":"Ball Lightning","floor":7},{"not_picked":["Blizzard","Cold Snap"],"picked":"Loop","floor":10},{"not_picked":["Sweeping Beam","FTL"],"picked":"Double Energy","floor":11},{"not_picked":["Stack","Sweeping Beam"],"picked":"Double Energy","floor":13},{"not_picked":["Thunder Strike","All For One"],"picked":"Electrodynamics+1","floor":16},{"not_picked":["Streamline","Sweeping Beam"],"picked":"Leap","floor":17},{"not_picked":["Sweeping Beam","Recycle"],"picked":"Redo","floor":18},{"not_picked":["Go for the Eyes","Cold Snap"],"picked":"Redo+1","floor":20},{"not_picked":["Recycle+1","Compile Driver"],"picked":"Steam Power+1","floor":23},{"not_picked":["Sweeping Beam","Beam Cell"],"picked":"Scrape","floor":24}],"player_experience":1561960,"relics_obtained":[{"floor":6,"key":"Pear"},{"floor":9,"key":"Mummified Hand"},{"floor":10,"key":"Kunai"},{"floor":13,"key":"Frozen Egg 2"},{"floor":14,"key":"MawBank"},{"floor":23,"key":"Oddly Smooth Stone"},{"floor":26,"key":"The Courier"}],"event_choices":[{"cards_removed":["Strike_B"],"damage_healed":0,"gold_gain":0,"player_choice":"Forget","damage_taken":0,"max_hp_gain":0,"max_hp_loss":0,"event_name":"Living Wall","floor":3,"gold_loss":0},{"damage_healed":0,"gold_gain":0,"player_choice":"Success","damage_taken":7,"relics_obtained":["Lantern"],"max_hp_gain":0,"max_hp_loss":0,"event_name":"Scrap Ooze","floor":5,"gold_loss":0},{"cards_removed":["Strike_B"],"damage_healed":0,"gold_gain":0,"player_choice":"Elegance","damage_taken":0,"max_hp_gain":0,"max_hp_loss":0,"event_name":"Back to Basics","floor":22,"gold_loss":0},{"cards_removed":["Strike_B"],"damage_healed":0,"gold_gain":0,"player_choice":"Gave Gold","damage_taken":0,"max_hp_gain":0,"max_hp_loss":0,"event_name":"Beggar","floor":25,"gold_loss":75}],"is_beta":false,"boss_relics":[{"not_picked":["Sozu","Runic Dome"],"picked":"Tiny House"}],"items_purged_floors":[],"is_endless":false,"potions_floor_spawned":[1,6,16,18,23],"killed_by":"Snake Plant","ascension_level":10}