{"gold_per_floor":[112,112,131,131,149,149,174,174,228,228,243,260,275,23,23,126,126,141,141,141,66,56,86,86,97,121,121],"floor_reached":27,"playtime":1967,"items_purged":["Steam"],"score":245,"play_id":"4c7ffad2-3683-41c9-a409-85f796a48c1b","local_time":"20181203000702","is_ascension_mode":true,"campfire_choices":[{"floor":6,"key":"RECALL"},{"floor":8,"key":"REST"},{"data":"Redo","floor":10,"key":"SMITH"},{"floor":15,"key":"REST"},{"floor":24,"key":"REST"}],"neow_cost":"NONE","seed_source_timestamp":650450275762000,"circlet_count":0,"master_deck":["Zap","Dualcast","Coolheaded","Redo+1","Conserve Battery","Amplify","Fusion","Chill","Capacitor","Defragment","Sunder","Creative AI","Compile Driver","Go for the Eyes","Stack","Reprogram","Streamline","Chaos","Hologram+1","Darkness","Turbo","Redo"],"relics":["Cracked Core","Art of War","Potion Belt","Lantern","Pandora\u0027s Box","Torii","Strawberry"],"potions_floor_usage":[3,7,7,7,11,11,11,16,22,25,27],"damage_taken":[{"damage":0,"enemies":"Small Slimes","floor":1,"turns":3},{"damage":1,"enemies":"Jaw Worm","floor":3,"turns":3},{"damage":2,"enemies":"2 Louse","floor":5,"turns":2},{"damage":22,"enemies":"Lagavulin","floor":7,"turns":7},{"damage":20,"enemies":"Gremlin Gang","floor":11,"turns":5},{"damage":10,"enemies":"Blue Slaver","floor":12,"turns":3},{"damage":8,"enemies":"2 Fungi Beasts","floor":13,"turns":5},{"damage":45,"enemies":"Hexaghost","floor":16,"turns":12},{"damage":12,"enemies":"Shell Parasite","floor":18,"turns":9},{"damage":4,"enemies":"2 Thieves","floor":22,"turns":4},{"damage":53,"enemies":"Slavers","floor":23,"turns":8},{"damage":9,"enemies":"Snake Plant","floor":25,"turns":5},{"damage":38,"enemies":"Gremlin Leader","floor":27,"turns":3}],"seed_played":"3827424141965687543","potions_obtained":[{"floor":0,"key":"LiquidBronze"},{"floor":0,"key":"EntropicBrew"},{"floor":0,"key":"LiquidBronze"},{"floor":1,"key":"Explosive Potion"},{"floor":7,"key":"SkillPotion"},{"floor":11,"key":"SteroidPotion"},{"floor":16,"key":"Block Potion"},{"floor":23,"key":"Block Potion"},{"floor":25,"key":"Swift Potion"}],"is_trial":false,"path_per_floor":["M","?","M","?","M","R","E","R","T","R","M","M","M","$","R","B",null,"M","$","?","$","M","E","R","M","T","E"],"character_chosen":"DEFECT","items_purchased":["Defragment","Sunder","Lantern"],"campfire_rested":3,"item_purchase_floors":[14,14,14],"current_hp_per_floor":[75,75,74,67,65,65,43,65,65,65,45,35,27,27,49,4,75,63,63,68,68,64,11,33,24,31,0],"gold":121,"neow_bonus":"THREE_SMALL_POTIONS","is_prod":false,"is_daily":false,"chose_seed":false,"campfire_upgraded":1,"win_rate":0,"timestamp":1543792022,"path_taken":["M","?","M","?","?","R","E","R","T","R","M","M","M","$","R","BOSS","M","$","?","$","?","E","R","M","T","E"],"build_version":"2018-11-15","purchased_purges":1,"victory":false,"max_hp_per_floor":[75,75,75,75,75,75,75,75,75,75,75,75,75,75,75,75,75,75,75,75,75,75,75,75,75,82,82],"card_choices":[{"not_picked":["Stack","Leap"],"picked":"Coolheaded","floor":1},{"not_picked":["Rip and Tear","Lockon"],"picked":"Redo","floor":3},{"not_picked":["Stack","Beam Cell"],"picked":"Conserve Battery","floor":5},{"not_picked":["Go for the Eyes","Compile Driver"],"picked":"Amplify","floor":7},{"not_picked":["Sweeping Beam","Turbo"],"picked":"Fusion","floor":11},{"not_picked":["Rip and Tear","Leap"],"picked":"Chill","floor":12},{"not_picked":["Blizzard","Cold Snap"],"picked":"Capacitor","floor":13},{"not_picked":["Seek","Reboot"],"picked":"Creative AI","floor":16},{"not_picked":["Sweeping Beam","Fusion"],"picked":"Hologram+1","floor":18},{"not_picked":["Genetic Algorithm","Streamline"],"picked":"Darkness","floor":22},{"not_picked":["Conserve Battery","Hello World"],"picked":"Turbo","floor":23},{"not_picked":["Sweeping Beam","Beam Cell"],"picked":"Redo","floor":25}],"player_experience":1037787,"relics_obtained":[{"floor":7,"key":"Potion Belt"},{"floor":23,"key":"Torii"},{"floor":26,"key":"Strawberry"}],"event_choices":[{"damage_healed":0,"gold_gain":0,"player_choice":"Box","damage_taken":0,"relics_obtained":["Art of War"],"max_hp_gain":0,"max_hp_loss":0,"event_name":"Big Fish","floor":2,"gold_loss":0,"cards_obtained":["Regret"]},{"cards_removed":["Regret"],"damage_healed":0,"gold_gain":0,"player_choice":"Card Removal","damage_taken":7,"max_hp_gain":0,"max_hp_loss":0,"event_name":"Golden Wing","floor":4,"gold_loss":0},{"cards_removed":["Compile Driver"],"damage_healed":5,"gold_gain":0,"player_choice":"Offered Common","damage_taken":0,"max_hp_gain":0,"max_hp_loss":0,"event_name":"Bonfire Elementals","floor":20,"gold_loss":0},{"cards_removed":["Compile Driver"],"damage_healed":5,"gold_gain":0,"player_choice":"Offered Special","damage_taken":0,"max_hp_gain":0,"max_hp_loss":0,"event_name":"Bonfire Elementals","floor":20,"gold_loss":0}],"is_beta":false,"boss_relics":[{"not_picked":["Astrolabe","Lizard Tail"],"picked":"Pandora\u0027s Box"}],"items_purged_floors":[21],"is_endless":false,"potions_floor_spawned":[1,7,11,16,23,25],"killed_by":"Gremlin Leader","ascension_level":1}