{"gold_per_floor":[114,129,129,96,96,96,126,126,151,40,52,66,93,111,111,216,216,236,37,37,37,56,56],"floor_reached":23,"playtime":1105,"items_purged":["Pain"],"score":321,"play_id":"d0c62cca-d8d7-44ee-a36f-6bb04c9aed49","local_time":"20190124232150","is_ascension_mode":true,"campfire_choices":[{"data":"Armaments","floor":6,"key":"SMITH"},{"data":"Body Slam","floor":8,"key":"SMITH"},{"floor":15,"key":"REST"}],"neow_cost":"NONE","seed_source_timestamp":106228809394700,"circlet_count":0,"master_deck":["AscendersBane","Strike_R","Strike_R","Strike_R","Strike_R","Strike_R","Defend_R","Defend_R","Defend_R","Defend_R","Bash","Second Wind","Armaments+1","Sentinel","Bash","Flex","Rage","Body Slam+1","Inflame","Metallicize","Battle Trance","Headbutt","Dark Embrace","Corruption+1","Writhe"],"relics":["Burning Blood","NeowsBlessing","WarpedTongs","Singing Bowl","Pen Nib","Fusion Hammer","Toy Ornithopter","Frozen Egg 2","Nloth\u0027s Gift"],"potions_floor_usage":[12,16,23],"damage_taken":[{"damage":0,"enemies":"Jaw Worm","floor":1,"turns":1},{"damage":0,"enemies":"Cultist","floor":2,"turns":1},{"damage":1,"enemies":"Gremlin Nob","floor":7,"turns":1},{"damage":0,"enemies":"2 Louse","floor":11,"turns":2},{"damage":34,"enemies":"Gremlin Gang","floor":12,"turns":6},{"damage":13,"enemies":"Exordium Thugs","floor":14,"turns":4},{"damage":30,"enemies":"Slime Boss","floor":16,"turns":10},{"damage":8,"enemies":"Spheric Guardian","floor":18,"turns":5},{"damage":15,"enemies":"Chosen","floor":22,"turns":5},{"damage":90,"enemies":"Gremlin Leader","floor":23,"turns":4}],"seed_played":"-5043482103024658171","potions_obtained":[{"floor":1,"key":"Regen Potion"},{"floor":2,"key":"Fire Potion"},{"floor":12,"key":"Swift Potion"},{"floor":18,"key":"EssenceOfSteel"}],"is_trial":false,"path_per_floor":["M","M","?","$","?","R","E","R","T","$","M","M","T","M","R","B",null,"M","$","?","?","M","E"],"character_chosen":"IRONCLAD","items_purchased":["Rage","Inflame","Toy Ornithopter"],"campfire_rested":1,"item_purchase_floors":[4,10,19],"current_hp_per_floor":[78,80,80,80,80,80,80,80,80,80,80,52,52,45,69,45,71,69,69,69,69,62,0],"gold":56,"neow_bonus":"THREE_ENEMY_KILL","is_prod":false,"is_daily":false,"chose_seed":false,"campfire_upgraded":2,"win_rate":0,"timestamp":1548368510,"path_taken":["M","M","?","?","?","R","E","R","T","$","M","?","?","M","R","BOSS","M","$","?","?","M","E"],"build_version":"2019-01-23","purchased_purges":1,"victory":false,"max_hp_per_floor":[80,80,80,80,80,80,80,80,80,80,80,80,80,80,80,80,80,80,80,80,80,82,82],"card_choices":[{"not_picked":["Corruption","Feel No Pain"],"picked":"Second Wind","floor":1},{"not_picked":["Hemokinesis","Body Slam"],"picked":"Armaments","floor":2},{"not_picked":["Flex","Blood for Blood"],"picked":"Body Slam","floor":7},{"not_picked":["Wild Strike","Reckless Charge"],"picked":"Metallicize","floor":11},{"not_picked":["Burning Pact","Sever Soul"],"picked":"Battle Trance","floor":12},{"not_picked":["Burning Pact","Warcry"],"picked":"Headbutt","floor":14},{"not_picked":["Fiend Fire","Double Tap"],"picked":"Dark Embrace","floor":16},{"not_picked":["Headbutt","Sever Soul"],"picked":"Corruption+1","floor":18},{"not_picked":["Battle Trance","Sword Boomerang+1","Flex"],"picked":"Singing Bowl","floor":22}],"player_experience":1288913,"relics_obtained":[{"floor":7,"key":"Singing Bowl"},{"floor":9,"key":"Ancient Tea Set"},{"floor":13,"key":"Pen Nib"}],"event_choices":[{"damage_healed":0,"gold_gain":0,"player_choice":"3 cards matched","damage_taken":0,"max_hp_gain":0,"max_hp_loss":0,"event_name":"Match and Keep!","floor":3,"gold_loss":0,"cards_obtained":["Sentinel","Bash","Flex"]},{"damage_healed":0,"gold_gain":0,"player_choice":"Rummage","damage_taken":0,"relics_obtained":["WarpedTongs"],"max_hp_gain":0,"max_hp_loss":0,"event_name":"Accursed Blacksmith","floor":5,"gold_loss":0,"cards_obtained":["Pain"]},{"damage_healed":0,"gold_gain":0,"player_choice":"Opened","damage_taken":0,"relics_obtained":["Frozen Egg 2"],"max_hp_gain":0,"max_hp_loss":0,"event_name":"The Mausoleum","floor":20,"gold_loss":0,"cards_obtained":["Writhe"]},{"damage_healed":0,"gold_gain":0,"player_choice":"Traded Relic","damage_taken":0,"relics_obtained":["Nloth\u0027s Gift"],"max_hp_gain":0,"max_hp_loss":0,"event_name":"N\u0027loth","floor":21,"relics_lost":["Ancient Tea Set"],"gold_loss":0}],"is_beta":false,"boss_relics":[{"not_picked":["Astrolabe","Ectoplasm"],"picked":"Fusion Hammer"}],"items_purged_floors":[10],"is_endless":false,"potions_floor_spawned":[1,2,12,18],"killed_by":"Gremlin Leader","ascension_level":10}