{"gold_per_floor":[110,110,110,110,210,241,241,260,260,285,285,299,312,340,340,444,444,461,474,109,122,122,122,140,140,212,212,65,65,65,99,99,201,201,211,55,55,55,110,110,210,225,299,333,10,10,22,22,22,22,22,22,22,56,56],"floor_reached":55,"playtime":2779,"items_purged":["Strike_R","Strike_R+1"],"score":1015,"play_id":"1ff7a04b-6ba9-4a34-80dd-f6f5d06fbe89","local_time":"20190429121318","is_ascension_mode":true,"campfire_choices":[{"data":"Bash","floor":7,"key":"SMITH"},{"data":"Hemokinesis","floor":11,"key":"SMITH"},{"data":"Armaments","floor":15,"key":"SMITH"},{"floor":23,"key":"REST"},{"data":"Demon Form","floor":29,"key":"SMITH"},{"data":"Bloodletting","floor":32,"key":"SMITH"},{"data":"Feel No Pain","floor":40,"key":"SMITH"},{"floor":46,"key":"RECALL"},{"floor":49,"key":"REST"},{"data":"Corruption","floor":52,"key":"SMITH"}],"neow_cost":"NONE","seed_source_timestamp":1565973422277600,"circlet_count":0,"master_deck":["Strike_R+1","Strike_R+1","Defend_R+1","Defend_R+1","Defend_R+1","Bash+1","Iron Wave+1","Shrug It Off","Hemokinesis+1","Pommel Strike","Bloodletting+1","Armaments+1","Immolate","Demon Form+1","Pummel","Clothesline+1","Shrug It Off","Heavy Blade+1","Thunderclap","Limit Break","Corruption+1","Brutality","Feel No Pain+1","Flame Barrier","Feel No Pain+1","Demon Form+1","Infernal Blade+1","Flame Barrier+1","Double Tap","Pummel","Headbutt+1","Impervious"],"relics":["Burning Blood","NeowsBlessing","Centennial Puzzle","Lantern","Paper Frog","Oddly Smooth Stone","Bottled Lightning","Philosopher\u0027s Stone","Self Forming Clay","Kunai","MutagenicStrength","Juzu Bracelet","Orichalcum","Busted Crown","Shovel","Magic Flower","Art of War","Bag of Preparation"],"potions_floor_usage":[16,54,55,55,55],"damage_taken":[{"damage":0,"enemies":"Jaw Worm","floor":1,"turns":1},{"damage":0,"enemies":"Lagavulin","floor":6,"turns":1},{"damage":0,"enemies":"2 Louse","floor":8,"turns":1},{"damage":19,"enemies":"Gremlin Nob","floor":10,"turns":3},{"damage":2,"enemies":"Small Slimes","floor":12,"turns":2},{"damage":5,"enemies":"Exordium Thugs","floor":13,"turns":3},{"damage":17,"enemies":"3 Sentries","floor":14,"turns":7},{"damage":56,"enemies":"Hexaghost","floor":16,"turns":11},{"damage":24,"enemies":"Shell Parasite","floor":18,"turns":5},{"damage":6,"enemies":"Spheric Guardian","floor":19,"turns":3},{"damage":24,"enemies":"Shelled Parasite and Fungi","floor":21,"turns":5},{"damage":16,"enemies":"Colosseum Slavers","floor":22,"turns":3},{"damage":5,"enemies":"Centurion and Healer","floor":24,"turns":3},{"damage":7,"enemies":"Book of Stabbing","floor":31,"turns":4},{"damage":9,"enemies":"Champ","floor":33,"turns":9},{"damage":4,"enemies":"3 Darklings","floor":35,"turns":3},{"damage":44,"enemies":"2 Orb Walkers","floor":39,"turns":6},{"damage":6,"enemies":"Mind Bloom Boss Battle","floor":41,"turns":5},{"damage":4,"enemies":"Orb Walker","floor":42,"turns":3},{"damage":7,"enemies":"Giant Head","floor":44,"turns":5},{"damage":19,"enemies":"Jaw Worm Horde","floor":47,"turns":4},{"damage":50,"enemies":"Donu and Deca","floor":50,"turns":8},{"damage":30,"enemies":"Shield and Spear","floor":54,"turns":4},{"damage":54,"enemies":"The Heart","floor":55,"turns":5}],"seed_played":"-7325582494502902767","potions_obtained":[{"floor":1,"key":"Swift Potion"},{"floor":10,"key":"Energy Potion"},{"floor":13,"key":"Dexterity Potion"},{"floor":14,"key":"FairyPotion"},{"floor":16,"key":"Dexterity Potion"},{"floor":41,"key":"LiquidBronze"},{"floor":54,"key":"BloodPotion"}],"is_trial":false,"path_per_floor":["M","?","?","?","?","E","R","M","T","E","R","M","M","E","R","B",null,"M","M","$","M","?","R","M","?","T","?","$","R","?","E","R","B",null,"M","$","?","?","?","R","?","M","T","E","$","R","M","?","R","B",null,"R","$","E","B"],"character_chosen":"IRONCLAD","items_purchased":["Self Forming Clay","Shrug It Off","Limit Break","Flame Barrier","Feel No Pain","Double Tap","Pummel"],"campfire_rested":2,"item_purchase_floors":[20,20,28,36,36,45,45],"current_hp_per_floor":[78,71,64,64,64,70,70,76,76,63,63,67,68,57,57,7,62,44,44,44,26,16,40,41,41,41,41,41,41,41,40,40,37,69,71,71,71,71,33,33,33,38,38,40,40,40,30,30,54,13,63,63,63,42,0],"gold":56,"neow_bonus":"THREE_ENEMY_KILL","is_prod":false,"is_daily":false,"chose_seed":false,"campfire_upgraded":7,"win_rate":0,"timestamp":1556565198,"path_taken":["M","?","?","?","?","E","R","M","T","E","R","M","M","E","R","BOSS","M","M","$","M","?","R","M","?","T","?","$","R","?","E","R","BOSS","M","$","?","?","?","R","?","M","T","E","$","R","M","?","R","BOSS","R","$","E","BOSS"],"build_version":"2019-01-23","purchased_purges":2,"victory":false,"max_hp_per_floor":[80,80,80,80,80,80,80,80,80,80,80,80,80,80,80,80,80,80,80,80,80,80,80,80,80,80,80,80,80,80,80,80,80,80,80,80,80,80,80,80,80,80,80,80,80,80,80,80,80,80,80,80,80,80,80],"card_choices":[{"not_picked":["Flex","Perfected Strike"],"picked":"Iron Wave","floor":1},{"not_picked":["Anger","Power Through"],"picked":"Shrug It Off","floor":6},{"not_picked":["Corruption","Clothesline"],"picked":"Hemokinesis","floor":8},{"not_picked":["Infernal Blade","Dual Wield"],"picked":"Pommel Strike","floor":10},{"not_picked":["Hemokinesis","Perfected Strike"],"picked":"Bloodletting","floor":12},{"not_picked":["Iron Wave","Body Slam"],"picked":"Armaments","floor":13},{"not_picked":["Dropkick","Combust"],"picked":"Immolate","floor":14},{"not_picked":["Brutality","Exhume"],"picked":"Demon Form","floor":16},{"not_picked":["Clothesline","Blood for Blood"],"picked":"Pummel","floor":18},{"not_picked":["Cleave","Rampage"],"picked":"Clothesline+1","floor":19},{"not_picked":["Havoc","Warcry"],"picked":"Heavy Blade+1","floor":21},{"not_picked":["Cleave+1","Infernal Blade"],"picked":"Thunderclap","floor":24},{"not_picked":["Dual Wield","Warcry"],"picked":"Corruption","floor":31},{"not_picked":["Juggernaut","Barricade"],"picked":"Brutality","floor":33},{"not_picked":[],"picked":"Feel No Pain","floor":35},{"not_picked":[],"picked":"Infernal Blade+1","floor":39},{"not_picked":[],"picked":"Flame Barrier+1","floor":42},{"not_picked":["True Grit"],"picked":"SKIP","floor":44},{"not_picked":[],"picked":"Headbutt+1","floor":47},{"not_picked":[],"picked":"Impervious","floor":54}],"player_experience":404524,"relics_obtained":[{"floor":6,"key":"Lantern"},{"floor":9,"key":"Paper Frog"},{"floor":10,"key":"Oddly Smooth Stone"},{"floor":14,"key":"Bottled Lightning"},{"floor":26,"key":"Kunai"},{"floor":31,"key":"Orichalcum"},{"floor":39,"key":"Shovel"},{"floor":41,"key":"Magic Flower"},{"floor":44,"key":"Art of War"},{"floor":54,"key":"Bag of Preparation"}],"event_choices":[{"cards_removed":["Strike_R"],"damage_healed":0,"gold_gain":0,"player_choice":"Card Removal","damage_taken":7,"max_hp_gain":0,"max_hp_loss":0,"event_name":"Golden Wing","floor":2,"gold_loss":0},{"damage_healed":0,"gold_gain":0,"player_choice":"Success","damage_taken":7,"relics_obtained":["Centennial Puzzle"],"max_hp_gain":0,"max_hp_loss":0,"event_name":"Scrap Ooze","floor":3,"gold_loss":0},{"damage_healed":0,"gold_gain":0,"player_choice":"Grow","damage_taken":0,"max_hp_gain":0,"max_hp_loss":0,"event_name":"Living Wall","floor":4,"gold_loss":0,"cards_upgraded":["Iron Wave"]},{"damage_healed":0,"gold_gain":100,"player_choice":"Pray","damage_taken":0,"max_hp_gain":0,"max_hp_loss":0,"event_name":"Golden Shrine","floor":5,"gold_loss":0},{"damage_healed":0,"gold_gain":0,"player_choice":"Fight","damage_taken":0,"max_hp_gain":0,"max_hp_loss":0,"event_name":"Colosseum","floor":22,"gold_loss":0},{"damage_healed":0,"gold_gain":0,"player_choice":"Fled From Nobs","damage_taken":0,"max_hp_gain":0,"max_hp_loss":0,"event_name":"Colosseum","floor":22,"gold_loss":0},{"damage_healed":0,"gold_gain":0,"player_choice":"Simplicity","damage_taken":0,"max_hp_gain":0,"max_hp_loss":0,"event_name":"Back to Basics","floor":25,"gold_loss":0,"cards_upgraded":["Strike_R","Strike_R","Strike_R","Defend_R","Defend_R","Defend_R","Defend_R"]},{"damage_healed":0,"gold_gain":0,"player_choice":"Inject Mutagens","damage_taken":0,"relics_obtained":["MutagenicStrength"],"max_hp_gain":0,"max_hp_loss":0,"event_name":"Drug Dealer","floor":27,"gold_loss":0},{"damage_healed":0,"gold_gain":0,"player_choice":"Opened","damage_taken":0,"relics_obtained":["Juzu Bracelet"],"max_hp_gain":0,"max_hp_loss":0,"event_name":"The Mausoleum","floor":30,"gold_loss":0},{"cards_removed":["Defend_R"],"damage_healed":0,"gold_gain":0,"player_choice":"Removed Skill","damage_taken":0,"max_hp_gain":0,"max_hp_loss":0,"event_name":"Falling","floor":37,"gold_loss":0},{"damage_healed":0,"gold_gain":0,"player_choice":"Copied","damage_taken":0,"max_hp_gain":0,"max_hp_loss":0,"event_name":"Duplicator","floor":38,"gold_loss":0,"cards_obtained":["Demon Form"]},{"damage_healed":0,"gold_gain":0,"player_choice":"Fight","damage_taken":0,"max_hp_gain":0,"max_hp_loss":0,"event_name":"Mysterious Sphere","floor":39,"gold_loss":0},{"damage_healed":0,"gold_gain":0,"player_choice":"Fight","damage_taken":0,"max_hp_gain":0,"max_hp_loss":0,"event_name":"MindBloom","floor":41,"gold_loss":0},{"damage_healed":0,"gold_gain":0,"player_choice":"Forge","damage_taken":0,"max_hp_gain":0,"max_hp_loss":0,"event_name":"Accursed Blacksmith","floor":48,"gold_loss":0,"cards_upgraded":["Feel No Pain"]}],"is_beta":false,"boss_relics":[{"not_picked":["Runic Dome","Runic Cube"],"picked":"Philosopher\u0027s Stone"},{"not_picked":["Astrolabe","Eternal Feather"],"picked":"Busted Crown"}],"items_purged_floors":[20,45],"is_endless":false,"potions_floor_spawned":[1,10,13,14,16,24,33,41,42,44,54],"killed_by":"The Heart","ascension_level":7}