{"gold_per_floor":[119,139,139,139,214,244,244,256,282,313,333,348,30,48,48,48],"floor_reached":16,"playtime":765,"items_purged":[],"score":112,"play_id":"afbdeeb5-f04f-41d4-8e68-c31b0329e77a","local_time":"20181007214448","is_ascension_mode":false,"campfire_choices":[{"floor":7,"key":"REST"},{"data":"1","floor":15,"key":"LIFT"}],"neow_cost":"","seed_source_timestamp":115379057389800,"circlet_count":0,"master_deck":["Strike_R","Strike_R","Strike_R","Strike_R","Strike_R","Defend_R","Defend_R","Defend_R","Defend_R","Bash","Spot Weakness","Cleave","Shrug It Off","Shrug It Off","Body Slam","Flex","Inflame"],"relics":["Burning Blood","Smiling Mask","Dream Catcher","Happy Flower","Ancient Tea Set","Girya"],"potions_floor_usage":[6,10],"damage_taken":[{"damage":12,"enemies":"Small Slimes","floor":1,"turns":3},{"damage":0,"enemies":"2 Louse","floor":2,"turns":3},{"damage":54,"enemies":"Lagavulin","floor":6,"turns":8},{"damage":0,"enemies":"Jaw Worm","floor":8,"turns":5},{"damage":14,"enemies":"Gremlin Nob","floor":10,"turns":4},{"damage":2,"enemies":"2 Fungi Beasts","floor":11,"turns":3},{"damage":16,"enemies":"Large Slime","floor":12,"turns":7},{"damage":0,"enemies":"Lots of Slimes","floor":14,"turns":4},{"damage":47,"enemies":"Hexaghost","floor":16,"turns":11}],"seed_played":"-7738356750432708610","potions_obtained":[{"floor":1,"key":"AttackPotion"},{"floor":8,"key":"Energy Potion"}],"is_trial":false,"path_per_floor":["M","M","?","?","?","E","R","M","T","E","M","M","$","M","R"],"character_chosen":"IRONCLAD","items_purchased":["Girya","Flex"],"campfire_rested":1,"item_purchase_floors":[13,13],"current_hp_per_floor":[74,80,80,80,69,21,45,51,51,43,47,37,37,43,43,0],"gold":48,"neow_bonus":"","is_prod":false,"is_daily":false,"chose_seed":false,"campfire_upgraded":0,"win_rate":0,"timestamp":1538941488,"path_taken":["M","M","?","?","?","E","R","M","T","E","M","?","?","?","R","BOSS"],"build_version":"2018-10-04v2","purchased_purges":0,"victory":false,"max_hp_per_floor":[80,80,80,80,80,80,80,80,80,80,80,80,80,80,80,80],"card_choices":[{"not_picked":["Havoc","Flame Barrier"],"picked":"Spot Weakness","floor":1},{"not_picked":["Wild Strike","Clothesline"],"picked":"Cleave","floor":2},{"not_picked":["Iron Wave","True Grit"],"picked":"Shrug It Off","floor":6},{"not_picked":["Clash","Sword Boomerang"],"picked":"Shrug It Off","floor":7},{"not_picked":["Brutality","Shrug It Off","Wild Strike"],"picked":"SKIP","floor":8},{"not_picked":["Twin Strike","Iron Wave","Searing Blow"],"picked":"SKIP","floor":10},{"not_picked":["Whirlwind","Wild Strike"],"picked":"Body Slam","floor":11},{"not_picked":["Evolve","Reckless Charge","Sword Boomerang"],"picked":"SKIP","floor":12},{"not_picked":["Uppercut","Warcry"],"picked":"Inflame","floor":14}],"player_experience":574417,"relics_obtained":[{"floor":6,"key":"Dream Catcher"},{"floor":9,"key":"Happy Flower"},{"floor":10,"key":"Ancient Tea Set"}],"event_choices":[{"event_name":"Big Fish","player_choice":"Box","floor":3,"damage_taken":0},{"event_name":"Living Wall","player_choice":"Forget","floor":4,"damage_taken":0},{"event_name":"World of Goop","player_choice":"Gather Gold","floor":5,"damage_taken":0}],"is_beta":false,"boss_relics":[],"items_purged_floors":[],"is_endless":false,"potions_floor_spawned":[1,8],"killed_by":"Hexaghost","ascension_level":0}