{"gold_per_floor":[110,121,121,139,157,182,182,201,201,5,5,5,5,5,5,101,101,117,131,46,46,0,0,0,33,104,123,155,175,200,215,215,312,312,322,322,334,349,349,349,359,359,359,384,396,415,61,61,61,61],"floor_reached":51,"playtime":3576,"items_purged":["Strike_G"],"score":1121,"play_id":"c0ac7686-5562-412e-a53e-2c3b8811a4e9","local_time":"20190505223754","is_ascension_mode":true,"campfire_choices":[{"data":"Neutralize","floor":7.0,"key":"SMITH"},{"floor":11.0,"key":"REST"},{"data":"Footwork","floor":13.0,"key":"SMITH"},{"data":"Dodge and Roll","floor":15.0,"key":"SMITH"},{"data":"Catalyst","floor":23,"key":"SMITH"},{"data":"Deadly Poison","floor":32,"key":"SMITH"},{"data":"Dark Shackles","floor":40,"key":"SMITH"},{"data":"Well Laid Plans","floor":42,"key":"SMITH"},{"data":"Wraith Form v2","floor":49,"key":"SMITH"}],"neow_cost":"NONE","seed_source_timestamp":0,"circlet_count":0,"master_deck":["Defend_G","Defend_G","Defend_G","Defend_G","Defend_G","Survivor","Neutralize+1","Deadly Poison+1","Well Laid Plans+1","Dodge and Roll+1","Footwork+1","Cloak And Dagger","Malaise","Night Terror+1","PiercingWail+1","Dagger Spray+1","Catalyst+1","Dodge and Roll","Poisoned Stab","Corpse Explosion","Leg Sweep","Backflip+1","Catalyst+1","After Image","Setup+1","Dark Shackles+1","Panacea","Prepared","Crippling Poison","Footwork+1","Calculated Gamble+1","Wraith Form v2+1"],"special_seed":0,"relics":["Ring of the Snake","Sundial","Letter Opener","TwistedFunnel","Pen Nib","Astrolabe","Meat on the Bone","Enchiridion","Potion Belt","Omamori","Bottled Flame","Centennial Puzzle","PreservedInsect","Cursed Key","Art of War","Pantograph","Lantern"],"potions_floor_usage":[],"damage_taken":[{"damage":0.0,"enemies":"Cultist","floor":1.0,"turns":4.0},{"damage":0.0,"enemies":"2 Louse","floor":2.0,"turns":3.0},{"damage":0.0,"enemies":"Jaw Worm","floor":4.0,"turns":6.0},{"damage":4.0,"enemies":"3 Louse","floor":5.0,"turns":8.0},{"damage":41.0,"enemies":"Gremlin Nob","floor":6.0,"turns":5.0},{"damage":0.0,"enemies":"Large Slime","floor":8.0,"turns":6.0},{"damage":2.0,"enemies":"Hexaghost","floor":16.0,"turns":12.0},{"damage":5,"enemies":"Shell Parasite","floor":18,"turns":7},{"damage":9,"enemies":"Chosen","floor":19,"turns":6},{"damage":0,"enemies":"Gremlin Leader","floor":25,"turns":7},{"damage":6,"enemies":"Sentry and Sphere","floor":27,"turns":8},{"damage":12,"enemies":"Book of Stabbing","floor":28,"turns":9},{"damage":2,"enemies":"Centurion and Healer","floor":29,"turns":7},{"damage":12,"enemies":"Gremlin Leader","floor":30,"turns":4},{"damage":6,"enemies":"3 Cultists","floor":31,"turns":3},{"damage":8,"enemies":"Automaton","floor":33,"turns":12},{"damage":0,"enemies":"3 Shapes","floor":35,"turns":4},{"damage":0,"enemies":"Orb Walker","floor":37,"turns":4},{"damage":0,"enemies":"Transient","floor":38,"turns":5},{"damage":2,"enemies":"Spire Growth","floor":41,"turns":4},{"damage":0,"enemies":"Reptomancer","floor":44,"turns":2},{"damage":4,"enemies":"3 Darklings","floor":45,"turns":3},{"damage":0,"enemies":"Writhing Mass","floor":46,"turns":4},{"damage":0,"enemies":"Time Eater","floor":50,"turns":4}],"seed_played":"-4107439823702453834","potions_obtained":[{"floor":1.0,"key":"SteroidPotion"},{"floor":4.0,"key":"EssenceOfSteel"},{"floor":5.0,"key":"Strength Potion"},{"floor":8.0,"key":"GhostInAJar"},{"floor":27,"key":"Fire Potion"},{"floor":29,"key":"Strength Potion"},{"floor":35,"key":"GhostInAJar"}],"is_trial":false,"path_per_floor":["M","M","?","M","M","E","R","M","T","$","R","$","R","?","R","B",null,"M","M","?","?","?","R","T","E","T","M","E","M","E","M","R","B",null,"M","?","M","M","?","R","M","R","T","E","M","M","$","?","R","B",null],"character_chosen":"THE_SILENT","items_purchased":["TwistedFunnel","Wraith Form v2","Lantern"],"campfire_rested":1,"item_purchase_floors":[10,47,47],"current_hp_per_floor":[70,70,70,70,66,25,25,25,25,25,48,48,48,41,41,39,68,63,54,54,38,38,38,38,50,50,44,44,42,42,48,48,40,68,68,58,58,58,58,58,56,56,56,56,52,52,52,52,52,73],"gold":61,"neow_bonus":"TEN_PERCENT_HP_BONUS","is_prod":false,"is_daily":false,"chose_seed":false,"campfire_upgraded":8,"win_rate":0,"timestamp":1557121074,"path_taken":["M","?","?","M","M","E","R","M","T","?","R","$","R","?","R","BOSS","M","M","?","?","?","R","?","E","T","M","E","M","E","M","R","BOSS","M","?","M","M","?","R","M","R","T","E","M","M","$","?","R","BOSS"],"build_version":"2019-01-23","purchased_purges":1,"victory":true,"max_hp_per_floor":[77,77,77,77,77,77,77,77,77,77,77,77,77,77,77,77,77,77,77,77,77,77,77,77,77,77,77,77,77,77,77,77,77,77,77,77,77,77,73,73,73,73,73,73,73,73,73,73,73,73],"card_choices":[{"not_picked":["Calculated Gamble","Flying Knee"],"picked":"Deadly Poison","floor":1.0},{"not_picked":["Caltrops","Distraction"],"picked":"Well Laid Plans","floor":2.0},{"not_picked":["Masterful Stab","Acrobatics"],"picked":"Dodge and Roll","floor":4.0},{"not_picked":["Backflip","Flying Knee"],"picked":"Predator","floor":5.0},{"not_picked":["Underhanded Strike","Heel Hook"],"picked":"Footwork","floor":6.0},{"not_picked":["Grand Finale","Slice"],"picked":"Cloak And Dagger","floor":8.0},{"not_picked":["Glass Knife","Wraith Form v2"],"picked":"Malaise","floor":16.0},{"not_picked":["Slice","Escape Plan"],"picked":"Catalyst","floor":18},{"not_picked":["Bane+1","Prepared+1"],"picked":"Dodge and Roll","floor":19},{"not_picked":["Prepared+1","Deadly Poison"],"picked":"Poisoned Stab","floor":25},{"not_picked":["Flying Knee","Bane"],"picked":"Corpse Explosion","floor":27},{"not_picked":["Backstab+1","Deadly Poison"],"picked":"Leg Sweep","floor":28},{"not_picked":["Eviscerate","Outmaneuver"],"picked":"Backflip+1","floor":29},{"not_picked":["Infinite Blades+1","Flechettes","Predator"],"picked":"SKIP","floor":30},{"not_picked":["Infinite Blades","Acrobatics"],"picked":"Catalyst+1","floor":31},{"not_picked":["Corpse Explosion","Wraith Form v2"],"picked":"After Image","floor":33},{"not_picked":["Flechettes+1","Sucker Punch"],"picked":"Setup+1","floor":35},{"not_picked":["Mind Blast","Mayhem"],"picked":"Dark Shackles","floor":36},{"not_picked":["Enlightenment","Good Instincts"],"picked":"Panacea","floor":36},{"not_picked":["Cloak And Dagger","Dagger Spray+1"],"picked":"Prepared","floor":37},{"not_picked":["Terror+1","Expertise"],"picked":"Crippling Poison","floor":38},{"not_picked":["Dagger Throw+1","Prepared"],"picked":"Footwork+1","floor":41},{"not_picked":["Deflect+1","Poisoned Stab"],"picked":"Calculated Gamble+1","floor":44},{"not_picked":["Slice+1","Heel Hook+1","Quick Slash+1"],"picked":"SKIP","floor":45},{"not_picked":["Outmaneuver+1","Dodge and Roll","Sucker Punch"],"picked":"SKIP","floor":46}],"player_experience":435187,"relics_obtained":[{"floor":6.0,"key":"Sundial"},{"floor":9.0,"key":"Letter Opener"},{"floor":21,"key":"Enchiridion"},{"floor":24,"key":"Potion Belt"},{"floor":25,"key":"Omamori"},{"floor":26,"key":"Bottled Flame"},{"floor":28,"key":"Centennial Puzzle"},{"floor":30,"key":"PreservedInsect"},{"floor":43,"key":"Art of War"},{"floor":44,"key":"Pantograph"}],"event_choices":[{"cards_removed":["Strike_G"],"damage_healed":0.0,"max_hp_gain":0.0,"max_hp_loss":0.0,"gold_gain":0.0,"event_name":"Wheel of Change","player_choice":"Card Removal","floor":3.0,"gold_loss":0.0,"damage_taken":0.0},{"damage_healed":0.0,"max_hp_gain":0.0,"max_hp_loss":0.0,"gold_gain":0.0,"event_name":"Scrap Ooze","player_choice":"Success","floor":14.0,"gold_loss":0.0,"damage_taken":7.0,"relics_obtained":["Pen Nib"]},{"damage_healed":0,"gold_gain":0,"player_choice":"Obtained Relic","damage_taken":0,"relics_obtained":["Meat on the Bone"],"max_hp_gain":0,"max_hp_loss":0,"event_name":"Addict","floor":20,"gold_loss":85},{"damage_healed":0,"gold_gain":0,"player_choice":"Obtained Book","damage_taken":16,"max_hp_gain":0,"max_hp_loss":0,"event_name":"Cursed Tome","floor":21,"gold_loss":0},{"damage_healed":0,"gold_gain":0,"player_choice":"Paid Fearfully","damage_taken":0,"max_hp_gain":0,"max_hp_loss":0,"event_name":"Masked Bandits","floor":22,"gold_loss":46},{"damage_healed":0,"gold_gain":0,"player_choice":"Memory 3","damage_taken":10,"max_hp_gain":0,"max_hp_loss":0,"event_name":"SensoryStone","floor":36,"gold_loss":0},{"damage_healed":0,"gold_gain":0,"player_choice":"Max HP","damage_taken":0,"max_hp_gain":0,"max_hp_loss":4,"event_name":"Winding Halls","floor":39,"gold_loss":0},{"cards_removed":["Predator"],"damage_healed":0,"gold_gain":0,"player_choice":"Removed Attack","damage_taken":0,"max_hp_gain":0,"max_hp_loss":0,"event_name":"Falling","floor":48,"gold_loss":0}],"is_beta":false,"boss_relics":[{"not_picked":["Velvet Choker","White Beast Statue"],"picked":"Astrolabe"},{"not_picked":["Eternal Feather","Tiny House"],"picked":"Cursed Key"}],"items_purged_floors":[47],"is_endless":false,"potions_floor_spawned":[1,4,5,8,18,27,29,31,35,44,46],"ascension_level":7}