{"gold_per_floor":[112,24,39,4,4,39,57,77,77,77,77,77,157,181,181,312,312,333,333,353,278,40,40],"floor_reached":23,"playtime":885,"items_purged":[],"score":370,"play_id":"3fb64d6c-b133-4580-86cc-28f10fa9cc0e","local_time":"20190403162220","is_ascension_mode":true,"campfire_choices":[{"floor":10,"key":"REST"},{"floor":12,"key":"REST"},{"data":"Storm","floor":15,"key":"SMITH"}],"neow_cost":"NONE","seed_source_timestamp":675715919458800,"circlet_count":0,"master_deck":["AscendersBane","Strike_B+1","Strike_B+1","Strike_B+1","Defend_B","Defend_B","Zap","Dualcast","Storm+1","Sunder+1","Redo","Cold Snap","Electrodynamics","Chill","Conserve Battery","Tempest","Biased Cognition","Undo+1","Self Repair+1","Capacitor+1","White Noise","Double Energy","Static Discharge"],"relics":["Cracked Core","Whetstone","Gremlin Horn","Golden Idol","Astrolabe","Strange Spoon"],"potions_floor_usage":[14,16,20,23,23],"damage_taken":[{"damage":5,"enemies":"2 Louse","floor":1,"turns":2},{"damage":10,"enemies":"Small Slimes","floor":3,"turns":3},{"damage":29,"enemies":"3 Sentries","floor":6,"turns":7},{"damage":5,"enemies":"Jaw Worm","floor":7,"turns":2},{"damage":6,"enemies":"3 Louse","floor":8,"turns":3},{"damage":5,"enemies":"Exordium Wildlife","floor":14,"turns":3},{"damage":0,"enemies":"Slime Boss","floor":16,"turns":7},{"damage":23,"enemies":"Spheric Guardian","floor":18,"turns":4},{"damage":27,"enemies":"Colosseum Slavers","floor":19,"turns":2},{"damage":8,"enemies":"Shell Parasite","floor":20,"turns":6},{"damage":30,"enemies":"Slavers","floor":23,"turns":2}],"seed_played":"3509656840489158207","potions_obtained":[{"floor":1,"key":"Ancient Potion"},{"floor":3,"key":"Strength Potion"},{"floor":14,"key":"Strength Potion"},{"floor":18,"key":"Fire Potion"},{"floor":20,"key":"Energy Potion"}],"is_trial":false,"path_per_floor":["M","$","M","?","?","E","M","M","T","R","?","R","?","M","R","B",null,"M","?","M","?","$","E"],"character_chosen":"DEFECT","items_purchased":["Sunder","Redo","Strange Spoon","Static Discharge"],"campfire_rested":2,"item_purchase_floors":[2,2,22,22],"current_hp_per_floor":[70,70,60,80,64,35,30,24,24,48,48,72,72,67,67,67,78,55,28,30,30,30,0],"gold":40,"neow_bonus":"TEN_PERCENT_HP_BONUS","is_prod":false,"is_daily":false,"chose_seed":false,"campfire_upgraded":1,"win_rate":0,"timestamp":1554301340,"path_taken":["M","$","M","?","?","E","M","M","T","R","?","R","?","M","R","BOSS","M","?","M","?","$","E"],"build_version":"2019-01-23","purchased_purges":0,"victory":false,"max_hp_per_floor":[82,82,82,82,82,82,82,82,82,82,82,82,82,82,82,82,82,82,82,82,82,82,82],"card_choices":[{"not_picked":["Sweeping Beam","Gash"],"picked":"Storm","floor":1},{"not_picked":["Coolheaded","Capacitor"],"picked":"Cold Snap","floor":3},{"not_picked":["Self Repair","Chill"],"picked":"Electrodynamics","floor":6},{"not_picked":["Sweeping Beam","Skim"],"picked":"Chill","floor":7},{"not_picked":["Lockon","Sweeping Beam"],"picked":"Conserve Battery","floor":8},{"not_picked":["Streamline","Fusion"],"picked":"Tempest","floor":14},{"not_picked":["Buffer","Amplify"],"picked":"Biased Cognition","floor":16},{"not_picked":["Sweeping Beam","Go for the Eyes+1"],"picked":"White Noise","floor":18},{"not_picked":["Stack","Redo+1"],"picked":"Double Energy","floor":20}],"player_experience":1595369,"relics_obtained":[{"floor":6,"key":"Whetstone"},{"floor":9,"key":"Gremlin Horn"}],"event_choices":[{"damage_healed":20,"gold_gain":0,"player_choice":"Healed","damage_taken":0,"max_hp_gain":0,"max_hp_loss":0,"event_name":"The Cleric","floor":4,"gold_loss":35},{"damage_healed":0,"gold_gain":0,"player_choice":"Entered Light","damage_taken":16,"max_hp_gain":0,"max_hp_loss":0,"event_name":"Shining Light","floor":5,"gold_loss":0,"cards_upgraded":["Strike_B","Sunder"]},{"damage_healed":0,"gold_gain":0,"player_choice":"Take Wound","damage_taken":0,"relics_obtained":["Golden Idol"],"max_hp_gain":0,"max_hp_loss":0,"event_name":"Golden Idol","floor":11,"gold_loss":0,"cards_obtained":["Injury"]},{"damage_healed":0,"gold_gain":80,"player_choice":"Gained Gold","damage_taken":0,"max_hp_gain":0,"max_hp_loss":0,"event_name":"Golden Wing","floor":13,"gold_loss":0},{"damage_healed":0,"gold_gain":0,"player_choice":"Fight","damage_taken":0,"max_hp_gain":0,"max_hp_loss":0,"event_name":"Colosseum","floor":19,"gold_loss":0},{"damage_healed":0,"gold_gain":0,"player_choice":"Fled From Nobs","damage_taken":0,"max_hp_gain":0,"max_hp_loss":0,"event_name":"Colosseum","floor":19,"gold_loss":0},{"cards_removed":["Injury"],"damage_healed":0,"gold_gain":0,"player_choice":"Gave Gold","damage_taken":0,"max_hp_gain":0,"max_hp_loss":0,"event_name":"Beggar","floor":21,"gold_loss":75}],"is_beta":false,"boss_relics":[{"not_picked":["Sozu","Snecko Eye"],"picked":"Astrolabe"}],"items_purged_floors":[],"is_endless":false,"potions_floor_spawned":[1,3,7,14,18,20],"killed_by":"Slavers","ascension_level":11}