{"gold_per_floor":[110,110,80,37,49,83,83,114,126,158,170,200,229,316,328,340],"floor_reached":16,"playtime":419,"items_purged":[],"score":270,"play_id":"5d03d151-1b6c-49f0-94be-f824d5609760","local_time":"20190514154136","is_ascension_mode":true,"campfire_choices":[{"data":"Deadly Poison","floor":7,"key":"SMITH"},{"data":"Neutralize","floor":11,"key":"SMITH"},{"floor":15,"key":"REST"}],"neow_cost":"NONE","seed_source_timestamp":347378120535622,"circlet_count":0,"master_deck":["AscendersBane","Defend_G","Defend_G","Defend_G","Defend_G","Defend_G","Strike_G","Strike_G","Strike_G","Strike_G","Strike_G","Survivor","Neutralize+1","Deadly Poison+1","Well Laid Plans","Well Laid Plans","PiercingWail","Caltrops"],"relics":["Ring of the Snake","NeowsBlessing","Shuriken","MawBank","Matryoshka"],"potions_floor_usage":[16],"damage_taken":[{"damage":0,"enemies":"Small Slimes","floor":1,"turns":1},{"damage":0,"enemies":"2 Louse","floor":5,"turns":1},{"damage":0,"enemies":"Gremlin Nob","floor":6,"turns":1},{"damage":37,"enemies":"3 Sentries","floor":8,"turns":10},{"damage":0,"enemies":"Cultist","floor":10,"turns":4},{"damage":9,"enemies":"Looter","floor":12,"turns":4},{"damage":5,"enemies":"Large Slime","floor":13,"turns":8},{"damage":34,"enemies":"Slime Boss","floor":16,"turns":10}],"seed_played":"857739663708820634","potions_obtained":[{"floor":3,"key":"Energy Potion"},{"floor":3,"key":"Block Potion"}],"is_trial":false,"path_per_floor":["M","?","?","$","M","E","R","E","T","M","R","M","M","?","R","B"],"character_chosen":"THE_SILENT","items_purchased":["Well Laid Plans"],"campfire_rested":1,"item_purchase_floors":[4],"current_hp_per_floor":[59,64,64,64,64,64,64,27,27,27,27,18,13,2,23,0],"gold":340,"neow_bonus":"THREE_ENEMY_KILL","is_prod":false,"is_daily":false,"chose_seed":false,"campfire_upgraded":2,"win_rate":0,"timestamp":1557819696,"path_taken":["M","?","?","$","M","E","R","E","T","M","R","M","?","?","R","BOSS"],"build_version":"2019-01-23","purchased_purges":0,"victory":false,"max_hp_per_floor":[66,71,71,71,71,71,71,71,71,71,71,71,71,71,71,71],"card_choices":[{"not_picked":["Quick Slash","Dodge and Roll"],"picked":"Deadly Poison","floor":1},{"not_picked":["Poisoned Stab","Acrobatics","Dagger Throw"],"picked":"SKIP","floor":5},{"not_picked":["Crippling Poison","Deadly Poison"],"picked":"Well Laid Plans","floor":6},{"not_picked":["Distraction","Sucker Punch"],"picked":"PiercingWail","floor":8},{"not_picked":["Outmaneuver","Setup","Prepared"],"picked":"SKIP","floor":10},{"not_picked":["Dagger Throw","Reflex","Acrobatics"],"picked":"SKIP","floor":12},{"not_picked":["Escape Plan","Tools of the Trade"],"picked":"Caltrops","floor":13}],"player_experience":1678431,"relics_obtained":[{"floor":6,"key":"Shuriken"},{"floor":8,"key":"MawBank"},{"floor":9,"key":"Matryoshka"}],"event_choices":[{"damage_healed":0,"gold_gain":0,"player_choice":"Donut","damage_taken":0,"max_hp_gain":5,"max_hp_loss":0,"event_name":"Big Fish","floor":2,"gold_loss":0},{"damage_healed":0,"gold_gain":0,"player_choice":"Bought 2 Potions","damage_taken":0,"max_hp_gain":0,"max_hp_loss":0,"event_name":"The Woman in Blue","floor":3,"gold_loss":0},{"damage_healed":0,"gold_gain":75,"player_choice":"Gather Gold","damage_taken":11,"max_hp_gain":0,"max_hp_loss":0,"event_name":"World of Goop","floor":14,"gold_loss":0}],"is_beta":false,"boss_relics":[],"items_purged_floors":[],"is_endless":false,"potions_floor_spawned":[8,10,12],"killed_by":"Slime Boss","ascension_level":20}