{"path_per_floor":["M","M","?","?","M","R","M","R","T","R","?","$","M","$","R","B",null,"M","$","?","M","M","R","?","R","T","?","M","M","M","$","R"],"character_chosen":"THE_SILENT","items_purchased":["Tactician","Mercury Hourglass"],"gold_per_floor":[113,123,123,123,138,138,152,152,152,152,402,1,21,21,21,125,125,143,43,43,61,77,77,77,77,103,103,119,133,144,144,144,144],"floor_reached":33,"campfire_rested":1,"playtime":1532,"current_hp_per_floor":[70,69,69,74,69,69,63,63,63,63,63,63,56,56,56,11,75,71,71,71,64,52,52,52,52,52,52,42,42,42,42,64,0],"items_purged":["Regret","Normality"],"gold":144,"score":284,"play_id":"7b2fe140-b189-4bb8-86ee-fbaea0ca1967","local_time":"20180406201125","is_prod":false,"is_daily":false,"is_ascension_mode":true,"campfire_upgraded":6,"timestamp":1523070685,"path_taken":["M","M","?","?","M","R","M","R","T","R","?","$","M","$","R","BOSS","M","$","?","M","?","R","?","R","T","?","M","?","M","?","R","BOSS"],"build_version":"2018-04-05v2","purchased_purges":4,"victory":false,"master_deck":["Survivor","Neutralize+1","Venomology","Cloak And Dagger+1","Predator+1","Leg Sweep","Backflip","Tactician","Accuracy+1","Storm of Steel+1","Dodge and Roll","Acrobatics","Poisoned Stab","Dagger Spray+1","Slice","Backflip","Terror","Terror","Prepared","Outmaneuver","Deflect+1","Accuracy+1","Riddle With Holes","Finisher+1","Well Laid Plans"],"max_hp_per_floor":[70,70,70,75,75,75,75,75,75,75,75,75,75,75,75,75,75,75,75,75,75,75,75,75,75,75,75,75,75,75,75,75,75],"relics":["Ring of the Snake","Orichalcum","Lantern","Mercury Hourglass","Pandora\u0027s Box","Bag of Marbles","Pen Nib"],"card_choices":[{"not_picked":["Deadly Poison","Skewer"],"picked":"Cloak And Dagger","floor":1},{"not_picked":["Cloak And Dagger","Slice"],"picked":"Predator","floor":2},{"not_picked":["Flechettes","Underhanded Strike"],"picked":"Leg Sweep","floor":5},{"not_picked":["PiercingWail","Underhanded Strike"],"picked":"Backflip","floor":7},{"not_picked":["Terror","Dodge and Roll"],"picked":"Accuracy","floor":13},{"not_picked":["Tools of the Trade","Grand Finale"],"picked":"Storm of Steel","floor":16},{"not_picked":["Outmaneuver","Underhanded Strike"],"picked":"Deflect","floor":18},{"not_picked":["Flying Knee","Blur"],"picked":"Accuracy","floor":21},{"not_picked":["Outmaneuver","Terror"],"picked":"Riddle With Holes","floor":22},{"not_picked":["Catalyst","Backstab"],"picked":"Finisher","floor":28},{"not_picked":["All Out Attack","Deadly Poison"],"picked":"Well Laid Plans","floor":30}],"player_experience":207621,"potions_floor_usage":[16,16,29,30,33,33,33,33],"damage_taken":[{"damage":0,"enemies":"Jaw Worm","floor":1,"turns":5},{"damage":1,"enemies":"Cultist","floor":2,"turns":5},{"damage":5,"enemies":"Small Slimes","floor":5,"turns":4},{"damage":6,"enemies":"Looter","floor":7,"turns":3},{"damage":7,"enemies":"3 Louse","floor":13,"turns":3},{"damage":45,"enemies":"Hexaghost","floor":16,"turns":15},{"damage":4,"enemies":"3 Byrds","floor":18,"turns":4},{"damage":7,"enemies":"Shell Parasite","floor":21,"turns":4},{"damage":12,"enemies":"Snake Plant","floor":22,"turns":3},{"damage":10,"enemies":"Cultist and Chosen","floor":28,"turns":5},{"damage":0,"enemies":"3 Cultists","floor":29,"turns":4},{"damage":0,"enemies":"Snecko","floor":30,"turns":2},{"damage":82,"enemies":"Champ","floor":33,"turns":8}],"event_choices":[{"event_name":"Accursed Blacksmith","player_choice":"Rummage","floor":3,"damage_taken":0},{"event_name":"Big Fish","player_choice":"Donut","floor":4,"damage_taken":0},{"event_name":"Golden Shrine","player_choice":"Desecrate","floor":11,"damage_taken":0},{"event_name":"Beggar","player_choice":"Ignored","floor":20,"damage_taken":0},{"event_name":"Addict","player_choice":"Ignored","floor":24,"damage_taken":0},{"event_name":"The Mausoleum","player_choice":"Yes","floor":27,"damage_taken":0}],"boss_relics":[{"not_picked":["Tiny House","Astrolabe"],"picked":"Pandora\u0027s Box"}],"potions_floor_spawned":[2,5,22,28,29],"seed_played":"792228504474819166","killed_by":"Champ","ascension_level":4,"is_trial":false}