{"gold_per_floor":[113,125,125,125,125,160,160,177,177,193,193,226,226,237,237,237],"floor_reached":16,"playtime":508,"items_purged":[],"score":209,"play_id":"77098eff-4e39-446f-aef9-60fc48a29d4b","local_time":"20190510162658","is_ascension_mode":true,"campfire_choices":[{"data":"Burst","floor":7,"key":"SMITH"},{"floor":11,"key":"REST"},{"floor":13,"key":"REST"},{"floor":15,"key":"REST"}],"neow_cost":"NONE","seed_source_timestamp":250347942320300,"circlet_count":0,"master_deck":["AscendersBane","Defend_G","Defend_G","Defend_G","Defend_G","Defend_G","Strike_G","Strike_G","Strike_G","Strike_G","Strike_G","Survivor","Neutralize","Choke","Burst+1","Blade Dance"],"relics":["Ring of the Snake","NeowsBlessing","Dodecahedron","Smiling Mask","Pen Nib","Incense Burner"],"potions_floor_usage":[10,12,16],"damage_taken":[{"damage":0,"enemies":"2 Louse","floor":1,"turns":1},{"damage":0,"enemies":"Cultist","floor":2,"turns":1},{"damage":0,"enemies":"3 Sentries","floor":6,"turns":1},{"damage":6,"enemies":"Small Slimes","floor":8,"turns":5},{"damage":19,"enemies":"Exordium Thugs","floor":10,"turns":6},{"damage":30,"enemies":"Lagavulin","floor":12,"turns":8},{"damage":2,"enemies":"2 Fungi Beasts","floor":14,"turns":4},{"damage":59,"enemies":"Slime Boss","floor":16,"turns":10}],"seed_played":"4738277183485776648","potions_obtained":[{"floor":1,"key":"FearPotion"},{"floor":2,"key":"Swift Potion"},{"floor":14,"key":"Fire Potion"}],"is_trial":false,"path_per_floor":["M","M","?","?","$","E","R","M","T","M","R","E","R","M","R","B"],"character_chosen":"THE_SILENT","items_purchased":[],"campfire_rested":3,"item_purchase_floors":[],"current_hp_per_floor":[63,63,51,51,51,51,51,45,45,26,47,17,38,36,57,0],"gold":237,"neow_bonus":"THREE_ENEMY_KILL","is_prod":false,"is_daily":false,"chose_seed":false,"campfire_upgraded":1,"win_rate":0,"timestamp":1557498418,"path_taken":["M","M","?","?","$","E","R","M","T","?","R","E","R","M","R","BOSS"],"build_version":"2019-01-23","purchased_purges":0,"victory":false,"max_hp_per_floor":[70,70,70,70,70,70,70,70,70,70,70,70,70,70,70,70],"card_choices":[{"not_picked":["Bane","Dodge and Roll"],"picked":"Choke","floor":1},{"not_picked":["Slice","Dagger Throw"],"picked":"Burst","floor":2},{"not_picked":["Flechettes","Prepared","Deadly Poison"],"picked":"SKIP","floor":6},{"not_picked":["Quick Slash","Outmaneuver","Backflip"],"picked":"SKIP","floor":8},{"not_picked":["A Thousand Cuts","Underhanded Strike"],"picked":"Blade Dance","floor":10},{"not_picked":["Concentrate","Backflip","Escape Plan"],"picked":"SKIP","floor":12},{"not_picked":["Escape Plan","Flechettes","Outmaneuver"],"picked":"SKIP","floor":14}],"player_experience":1833316,"relics_obtained":[{"floor":6,"key":"Smiling Mask"},{"floor":9,"key":"Pen Nib"},{"floor":12,"key":"Incense Burner"}],"event_choices":[{"damage_healed":0,"gold_gain":0,"player_choice":"Success","damage_taken":12,"relics_obtained":["Dodecahedron"],"max_hp_gain":0,"max_hp_loss":0,"event_name":"Scrap Ooze","floor":3,"gold_loss":0},{"damage_healed":0,"gold_gain":0,"player_choice":"Bought 0 Potions","damage_taken":0,"max_hp_gain":0,"max_hp_loss":0,"event_name":"The Woman in Blue","floor":4,"gold_loss":0}],"is_beta":false,"boss_relics":[],"items_purged_floors":[],"is_endless":false,"potions_floor_spawned":[1,2,6,14],"killed_by":"Slime Boss","ascension_level":11}