{"gold_per_floor":[110,110,110,128,53,53,69,69,69,69,34,34,54,87,87,180,243,262,41,56,56,56,56],"floor_reached":23,"playtime":940,"items_purged":["Pain"],"score":337,"play_id":"556181f1-139c-417b-8e29-c7b729818eac","local_time":"20190504174001","is_ascension_mode":true,"campfire_choices":[{"data":"Envenom","floor":6,"key":"SMITH"},{"data":"Noxious Fumes","floor":10,"key":"SMITH"},{"data":"Calculated Gamble","floor":15,"key":"SMITH"}],"neow_cost":"NONE","seed_source_timestamp":36657720431468,"circlet_count":0,"master_deck":["AscendersBane","Defend_G","Defend_G+1","Defend_G","Defend_G","Defend_G+1","Strike_G","Strike_G","Strike_G","Strike_G","Survivor+1","Neutralize","Cloak And Dagger","Envenom+1","Backstab","Noxious Fumes+1","Calculated Gamble+1","Terror","Tools of the Trade","Backflip","Bouncing Flask+1","Catalyst","Leg Sweep","Underhanded Strike","Backflip","Necronomicurse"],"relics":["Ring of the Snake","NeowsBlessing","WarpedTongs","Golden Idol","Pantograph","Question Card","Tiny House","Necronomicon"],"potions_floor_usage":[14,18,23,23],"damage_taken":[{"damage":0,"enemies":"Jaw Worm","floor":1,"turns":1},{"damage":0,"enemies":"2 Louse","floor":4,"turns":1},{"damage":0,"enemies":"Cultist","floor":7,"turns":1},{"damage":0,"enemies":"Large Slime","floor":13,"turns":5},{"damage":1,"enemies":"Lagavulin","floor":14,"turns":7},{"damage":30,"enemies":"The Guardian","floor":16,"turns":11},{"damage":16,"enemies":"Shell Parasite","floor":18,"turns":7},{"damage":21,"enemies":"2 Thieves","floor":20,"turns":3},{"damage":4,"enemies":"Slavers","floor":23,"turns":3}],"seed_played":"-6140788942180150608","potions_obtained":[{"floor":7,"key":"Strength Potion"},{"floor":16,"key":"SpeedPotion"},{"floor":17,"key":"Fire Potion"},{"floor":18,"key":"Ancient Potion"}],"is_trial":false,"path_per_floor":["M","?","?","M","$","R","M","?","T","R","?","?","M","E","R","B",null,"M","$","M","?","?","E"],"character_chosen":"THE_SILENT","items_purchased":["Catalyst","Leg Sweep","Underhanded Strike"],"campfire_rested":0,"item_purchase_floors":[19,19,19],"current_hp_per_floor":[59,59,59,59,59,59,59,36,36,36,52,32,32,31,31,26,61,45,45,24,24,3,0],"gold":56,"neow_bonus":"THREE_ENEMY_KILL","is_prod":false,"is_daily":false,"chose_seed":false,"campfire_upgraded":3,"win_rate":0,"timestamp":1557016801,"path_taken":["M","?","?","?","$","R","M","?","T","R","?","?","M","E","R","BOSS","M","$","M","?","?","E"],"build_version":"2019-01-23","purchased_purges":1,"victory":false,"max_hp_per_floor":[66,66,66,66,66,66,66,66,66,66,66,66,66,66,66,66,71,71,71,71,71,71,71],"card_choices":[{"not_picked":["Bane","Masterful Stab"],"picked":"Cloak And Dagger","floor":1},{"not_picked":["Catalyst","Finisher"],"picked":"Backstab","floor":4},{"not_picked":["Underhanded Strike","Riddle With Holes"],"picked":"Noxious Fumes","floor":7},{"not_picked":["Concentrate","Underhanded Strike"],"picked":"Calculated Gamble","floor":13},{"not_picked":["Distraction","Heel Hook"],"picked":"Terror","floor":14},{"not_picked":["Venomology","Wraith Form v2","Unload"],"picked":"Tools of the Trade","floor":16},{"not_picked":["Bane","Prepared","Expertise"],"picked":"Backflip","floor":17},{"not_picked":["Deflect","PiercingWail","Expertise"],"picked":"Bouncing Flask+1","floor":18},{"not_picked":["Outmaneuver","Reflex","Slice"],"picked":"Backflip","floor":20}],"player_experience":1606423,"relics_obtained":[{"floor":9,"key":"Pantograph"},{"floor":14,"key":"Question Card"},{"floor":22,"key":"Necronomicon"}],"event_choices":[{"damage_healed":0,"gold_gain":0,"cards_transformed":["Strike_G"],"player_choice":"Change","damage_taken":0,"max_hp_gain":0,"max_hp_loss":0,"event_name":"Living Wall","floor":2,"gold_loss":0,"cards_obtained":["Envenom"]},{"damage_healed":0,"gold_gain":0,"player_choice":"Rummage","damage_taken":0,"relics_obtained":["WarpedTongs"],"max_hp_gain":0,"max_hp_loss":0,"event_name":"Accursed Blacksmith","floor":3,"gold_loss":0,"cards_obtained":["Pain"]},{"damage_healed":0,"gold_gain":0,"player_choice":"Take Damage","damage_taken":23,"relics_obtained":["Golden Idol"],"max_hp_gain":0,"max_hp_loss":0,"event_name":"Golden Idol","floor":8,"gold_loss":0},{"damage_healed":16,"gold_gain":0,"player_choice":"Healed","damage_taken":0,"max_hp_gain":0,"max_hp_loss":0,"event_name":"The Cleric","floor":11,"gold_loss":35},{"damage_healed":0,"gold_gain":0,"player_choice":"Entered Light","damage_taken":20,"max_hp_gain":0,"max_hp_loss":0,"event_name":"Shining Light","floor":12,"gold_loss":0,"cards_upgraded":["Defend_G","Survivor"]},{"damage_healed":0,"gold_gain":0,"player_choice":"Ignored","damage_taken":0,"max_hp_gain":0,"max_hp_loss":0,"event_name":"Vampires","floor":21,"gold_loss":0},{"damage_healed":0,"gold_gain":0,"player_choice":"Obtained Book","damage_taken":21,"max_hp_gain":0,"max_hp_loss":0,"event_name":"Cursed Tome","floor":22,"gold_loss":0}],"is_beta":false,"boss_relics":[{"not_picked":["Snecko Eye","Ectoplasm"],"picked":"Tiny House"}],"items_purged_floors":[5],"is_endless":false,"potions_floor_spawned":[7,16,18],"killed_by":"Slavers","ascension_level":16}