{"gold_per_floor":[119,40,0,17,28,28,56,66,66,66,66,12,26,26,26,150,150,133,8,33,49,68,68,89,89,115,115,115,138,159,182,182,312,312,333,333],"floor_reached":36,"playtime":3881,"items_purged":[],"score":368,"play_id":"0286285e-61e8-4cbe-b48f-6b1638fb9332","local_time":"20190510005154","is_ascension_mode":false,"campfire_choices":[{"data":"Defend_G","floor":6.0,"key":"SMITH"},{"floor":10.0,"key":"REST"},{"data":"Caltrops","floor":15.0,"key":"SMITH"},{"floor":23,"key":"REST"},{"floor":25,"key":"REST"},{"floor":27,"key":"REST"},{"floor":32,"key":"REST"}],"neow_cost":"NONE","seed_source_timestamp":0,"circlet_count":0,"master_deck":["Defend_G+1","Defend_G","Defend_G","Defend_G","Defend_G","Strike_G","Strike_G","Strike_G","Strike_G","Strike_G","Survivor","Neutralize","All Out Attack","Caltrops+1","Cloak And Dagger","Dagger Spray","Deadly Poison","Quick Slash","Backflip","Poisoned Stab","Footwork","PiercingWail","Storm of Steel","Sucker Punch","Backstab","Deflect","Leg Sweep","Sucker Punch+1","All Out Attack","Outmaneuver+1","Dash+1","Adrenaline","Terror+1"],"special_seed":0,"relics":["Ring of the Snake","NeowsBlessing","Kunai","Pocketwatch","Golden Idol","Lizard Tail","Omamori","Mercury Hourglass","Sozu"],"potions_floor_usage":[31,31],"damage_taken":[{"damage":0.0,"enemies":"Cultist","floor":1.0,"turns":1.0},{"damage":0.0,"enemies":"Small Slimes","floor":4.0,"turns":1.0},{"damage":0.0,"enemies":"2 Louse","floor":5.0,"turns":1.0},{"damage":17.0,"enemies":"Lagavulin","floor":7.0,"turns":8.0},{"damage":9.0,"enemies":"Red Slaver","floor":8.0,"turns":3.0},{"damage":5.0,"enemies":"3 Louse","floor":13.0,"turns":3.0},{"damage":13.0,"enemies":"Hexaghost","floor":16.0,"turns":10.0},{"damage":9.0,"enemies":"2 Thieves","floor":18.0,"turns":4.0},{"damage":13.0,"enemies":"Spheric Guardian","floor":20.0,"turns":7.0},{"damage":6.0,"enemies":"Shelled Parasite and Fungi","floor":21.0,"turns":9.0},{"damage":15,"enemies":"Snecko","floor":22,"turns":6},{"damage":6,"enemies":"Chosen and Byrds","floor":24,"turns":4},{"damage":18,"enemies":"Snake Plant","floor":29,"turns":5},{"damage":1,"enemies":"Snecko","floor":30,"turns":5},{"damage":14,"enemies":"Centurion and Healer","floor":31,"turns":7},{"damage":79,"enemies":"Champ","floor":33,"turns":20},{"damage":48,"enemies":"3 Shapes","floor":35,"turns":4},{"damage":22,"enemies":"3 Darklings","floor":36,"turns":2}],"seed_played":"-5035752191736019250","potions_obtained":[{"floor":1.0,"key":"SpeedPotion"},{"floor":5.0,"key":"Fire Potion"},{"floor":7.0,"key":"SneckoOil"},{"floor":13.0,"key":"SmokeBomb"},{"floor":16.0,"key":"LiquidBronze"},{"floor":18.0,"key":"Weak Potion"},{"floor":24,"key":"PowerPotion"},{"floor":30,"key":"SkillPotion"}],"is_trial":false,"path_per_floor":["M","$","?","M","M","R","E","M","T","R","?","$","M","?","R","B",null,"M","$","M","M","M","R","M","R","T","R","T","M","M","M","R","B",null,"M","M"],"character_chosen":"THE_SILENT","items_purchased":["Caltrops","Backflip","Backstab","Deflect"],"campfire_rested":5,"item_purchase_floors":[2,12,19,19],"current_hp_per_floor":[70,70,70,70,70,70,53,44,44,65,65,65,60,60,60,47,65,56,56,43,37,22,41,35,54,54,65,65,47,46,32,51,32,65,17,0],"gold":333,"neow_bonus":"THREE_ENEMY_KILL","is_prod":false,"is_daily":false,"chose_seed":false,"campfire_upgraded":2,"win_rate":0.0,"timestamp":1557463914,"path_taken":["M","$","?","M","M","R","E","M","T","R","?","$","M","?","R","BOSS","M","$","M","M","M","R","M","R","T","R","?","M","M","M","R","BOSS","M","M"],"build_version":"2019-01-23","purchased_purges":0,"victory":false,"max_hp_per_floor":[70,70,70,70,70,70,70,70,70,70,65,65,65,65,65,65,65,65,65,65,65,65,65,65,65,65,65,65,65,65,65,65,65,65,65,65],"card_choices":[{"not_picked":["Accuracy","Dash"],"picked":"All Out Attack","floor":1.0},{"not_picked":["Eviscerate","Riddle With Holes"],"picked":"Cloak And Dagger","floor":4.0},{"not_picked":["Acrobatics","Phantasmal Killer"],"picked":"Dagger Spray","floor":5.0},{"not_picked":["Calculated Gamble","Leg Sweep"],"picked":"Deadly Poison","floor":7.0},{"not_picked":["PiercingWail","Catalyst"],"picked":"Quick Slash","floor":8.0},{"not_picked":["Underhanded Strike","PiercingWail"],"picked":"Poisoned Stab","floor":13.0},{"not_picked":["Malaise","Tools of the Trade"],"picked":"Storm of Steel","floor":16.0},{"not_picked":["Noxious Fumes","Flechettes"],"picked":"Sucker Punch","floor":18.0},{"not_picked":["Accuracy","Flechettes"],"picked":"Leg Sweep","floor":20.0},{"not_picked":["All Out Attack","Bouncing Flask"],"picked":"Sucker Punch+1","floor":21.0},{"not_picked":["Masterful Stab","Tactician"],"picked":"All Out Attack","floor":22},{"not_picked":["Endless Agony","Acrobatics"],"picked":"Outmaneuver+1","floor":24},{"not_picked":["Dagger Spray+1","Bouncing Flask"],"picked":"Dash+1","floor":29},{"not_picked":["Riddle With Holes","Distraction","Bane"],"picked":"SKIP","floor":30},{"not_picked":["Poisoned Stab","Dagger Spray","Deadly Poison"],"picked":"SKIP","floor":31},{"not_picked":["Bullet Time","Wraith Form v2"],"picked":"Adrenaline","floor":33},{"not_picked":["Bane","Dagger Throw+1"],"picked":"Terror+1","floor":35}],"player_experience":64970,"relics_obtained":[{"floor":7.0,"key":"Kunai"},{"floor":9.0,"key":"Pocketwatch"},{"floor":26,"key":"Omamori"},{"floor":28,"key":"Mercury Hourglass"}],"event_choices":[{"damage_healed":0.0,"max_hp_gain":0.0,"max_hp_loss":0.0,"gold_gain":0.0,"event_name":"World of Goop","player_choice":"Left Gold","floor":3.0,"gold_loss":40.0,"damage_taken":0.0},{"damage_healed":0.0,"max_hp_gain":0.0,"max_hp_loss":5.0,"gold_gain":0.0,"event_name":"Golden Idol","player_choice":"Lose Max HP","floor":11.0,"gold_loss":0.0,"damage_taken":0.0,"relics_obtained":["Golden Idol"]},{"damage_healed":0.0,"max_hp_gain":0.0,"max_hp_loss":0.0,"gold_gain":0.0,"event_name":"Match and Keep!","player_choice":"2 cards matched","floor":14.0,"gold_loss":0.0,"damage_taken":0.0,"cards_obtained":["Footwork","PiercingWail"]}],"is_beta":false,"boss_relics":[{"not_picked":["Velvet Choker","Busted Crown"],"picked":"Lizard Tail"},{"not_picked":["HoveringKite","Coffee Dripper"],"picked":"Sozu"}],"items_purged_floors":[],"is_endless":false,"potions_floor_spawned":[1,5,7,13,16,18,24,30,35],"killed_by":"3 Darklings","ascension_level":0}