{"gold_per_floor":[112,112,6,21,45,45,45,45,99,124,124,26,26,43,43,141,141,161,181,181,1,13,13,13],"floor_reached":24,"playtime":1721,"items_purged":["Pain"],"score":271,"play_id":"6bfeb362-cc6f-40ac-b181-21f7a68c0333","local_time":"20181018194301","is_ascension_mode":true,"campfire_choices":[{"data":"Armaments","floor":6,"key":"SMITH"},{"data":"Searing Blow+1","floor":11,"key":"SMITH"},{"data":"Searing Blow+2","floor":13,"key":"SMITH"},{"data":"Searing Blow+3","floor":15,"key":"SMITH"},{"data":"Searing Blow+4","floor":23,"key":"SMITH"}],"neow_cost":"","seed_source_timestamp":162129825847300,"circlet_count":0,"master_deck":["Strike_R","Strike_R","Strike_R","Defend_R","Defend_R","Defend_R","Defend_R","Bash","Pommel Strike","Searing Blow+5","Infernal Blade","Shrug It Off","Heavy Blade+1","Sword Boomerang+1","Demon Form","Body Slam+1","Spot Weakness","Battle Trance","Shockwave","Metamorphosis","Fire Breathing"],"relics":["Burning Blood","Molten Egg 2","Juzu Bracelet","WarpedTongs","Regal Pillow","Anchor","Ginger","Eternal Feather"],"potions_floor_usage":[16,22,24],"damage_taken":[{"damage":9,"enemies":"2 Louse","floor":1,"turns":3},{"damage":0,"enemies":"Small Slimes","floor":4,"turns":3},{"damage":0,"enemies":"Gremlin Nob","floor":10,"turns":2},{"damage":0,"enemies":"Cultist","floor":14,"turns":2},{"damage":44,"enemies":"The Guardian","floor":16,"turns":9},{"damage":4,"enemies":"Chosen","floor":18,"turns":4},{"damage":23,"enemies":"3 Byrds","floor":19,"turns":6},{"damage":23,"enemies":"Snecko","floor":22,"turns":4},{"damage":51,"enemies":"Slavers","floor":24,"turns":3}],"seed_played":"3383865202595416449","potions_obtained":[{"floor":10,"key":"Swift Potion"},{"floor":14,"key":"Block Potion"},{"floor":22,"key":"FearPotion"}],"is_trial":false,"path_per_floor":["M","?","$","M","T","R","?","?","T","E","R","$","R","M","R","B",null,"M","M","?","$","M","R"],"character_chosen":"IRONCLAD","items_purchased":["Armaments","Searing Blow+1","Heavy Blade+1","Metamorphosis"],"campfire_rested":0,"item_purchase_floors":[3,3,12,21],"current_hp_per_floor":[77,59,59,65,65,65,65,65,65,71,71,71,71,77,77,39,70,72,55,55,55,38,50,0],"gold":13,"neow_bonus":"","is_prod":false,"is_daily":false,"chose_seed":false,"campfire_upgraded":5,"win_rate":0,"timestamp":1539884581,"path_taken":["M","?","?","M","?","R","?","?","T","E","R","$","R","M","R","BOSS","M","M","?","?","M","R","E"],"build_version":"2018-10-11","purchased_purges":1,"victory":false,"max_hp_per_floor":[80,80,80,80,80,80,80,80,80,80,80,80,80,80,80,80,80,80,80,80,80,80,80,80],"card_choices":[{"not_picked":["Blood for Blood","Havoc"],"picked":"Pommel Strike","floor":1},{"not_picked":["Carnage+1","Rage"],"picked":"Infernal Blade","floor":4},{"not_picked":["Flame Barrier","Clothesline+1"],"picked":"Shrug It Off","floor":10},{"not_picked":["Perfected Strike+1","Burning Pact"],"picked":"Sword Boomerang+1","floor":14},{"not_picked":["Exhume","Fiend Fire+1"],"picked":"Demon Form","floor":16},{"not_picked":["Shockwave","Wild Strike+1"],"picked":"Body Slam+1","floor":18},{"not_picked":["Warcry","Reckless Charge+1"],"picked":"Spot Weakness","floor":19},{"not_picked":["Battle Trance","Uppercut+1"],"picked":"Fire Breathing","floor":22}],"player_experience":715048,"relics_obtained":[{"floor":5,"key":"Juzu Bracelet"},{"floor":9,"key":"Anchor"},{"floor":10,"key":"Ginger"}],"event_choices":[{"event_name":"Scrap Ooze","player_choice":"success","floor":2,"damage_taken":18},{"event_name":"Accursed Blacksmith","player_choice":"Rummage","floor":7,"damage_taken":0},{"event_name":"WeMeetAgain","player_choice":"Card","floor":8,"damage_taken":0},{"event_name":"Drug Dealer","player_choice":"Became Test Subject","floor":20,"damage_taken":0}],"is_beta":false,"boss_relics":[{"not_picked":["Ectoplasm","Runic Cube"],"picked":"Eternal Feather"}],"items_purged_floors":[12],"is_endless":false,"potions_floor_spawned":[10,14,22],"killed_by":"Slavers","ascension_level":5}