{"gold_per_floor":[19,119,129,57,70,70,81,108,108,121,121,141,169,169,169,273,273,285,210,260,113,128,128,157,157,231,244,262,272,302,217,217,319,319,332,344,55,109,109,109,119,134,134,163,163,195,226,238,250,262],"floor_reached":51,"playtime":3607,"items_purged":["Strike_G","Strike_G"],"score":845,"play_id":"7cf83b46-077c-49e4-ad8b-42c6a7623e24","local_time":"20190331233053","is_ascension_mode":true,"campfire_choices":[{"data":"Die Die Die","floor":6,"key":"SMITH"},{"floor":15,"key":"REST"},{"data":"A Thousand Cuts","floor":23,"key":"SMITH"},{"data":"Crippling Poison","floor":25,"key":"SMITH"},{"data":"Bouncing Flask","floor":32,"key":"SMITH"},{"data":"After Image","floor":40,"key":"SMITH"},{"floor":45,"key":"RECALL"},{"floor":49,"key":"REST"}],"neow_cost":"NO_GOLD","seed_source_timestamp":6785338412300,"circlet_count":0,"master_deck":["Survivor","Neutralize","Well Laid Plans","Leg Sweep","Escape Plan","Predator","Die Die Die+1","Quick Slash","Backstab","Noxious Fumes","Crippling Poison+1","Dash+1","Backflip","A Thousand Cuts+1","Dagger Spray+1","Poisoned Stab","Backflip","Adrenaline","Footwork+1","Bouncing Flask+1","Corpse Explosion","After Image","Distraction","Escape Plan","Malaise","Backflip","Setup","A Thousand Cuts","Dagger Spray","Malaise","Backstab+1","Distraction+1","After Image+1","Cloak And Dagger","Endless Agony+1","Footwork+1"],"relics":["Ring of the Snake","Prayer Wheel","Lantern","Letter Opener","GremlinMask","Dead Branch","Sozu","Orichalcum","Mummified Hand","Meat on the Bone","Strawberry","Pandora\u0027s Box","Ice Cream","Du-Vu Doll","Gambling Chip","Snake Skull","MawBank"],"potions_floor_usage":[],"damage_taken":[{"damage":4,"enemies":"Jaw Worm","floor":1,"turns":6},{"damage":0,"enemies":"Cultist","floor":3,"turns":5},{"damage":0,"enemies":"2 Louse","floor":5,"turns":3},{"damage":9,"enemies":"Red Slaver","floor":7,"turns":5},{"damage":14,"enemies":"Gremlin Nob","floor":8,"turns":4},{"damage":2,"enemies":"Looter","floor":10,"turns":3},{"damage":0,"enemies":"Exordium Thugs","floor":12,"turns":4},{"damage":9,"enemies":"3 Sentries","floor":13,"turns":7},{"damage":19,"enemies":"The Guardian","floor":16,"turns":11},{"damage":4,"enemies":"3 Byrds","floor":18,"turns":5},{"damage":0,"enemies":"Chosen","floor":22,"turns":4},{"damage":14,"enemies":"Gremlin Leader","floor":24,"turns":6},{"damage":0,"enemies":"Sentry and Sphere","floor":27,"turns":4},{"damage":0,"enemies":"Cultist and Chosen","floor":28,"turns":5},{"damage":2,"enemies":"Snecko","floor":29,"turns":4},{"damage":5,"enemies":"Book of Stabbing","floor":30,"turns":4},{"damage":15,"enemies":"Champ","floor":33,"turns":11},{"damage":0,"enemies":"3 Shapes","floor":35,"turns":3},{"damage":0,"enemies":"Orb Walker","floor":36,"turns":3},{"damage":7,"enemies":"2 Orb Walkers","floor":38,"turns":2},{"damage":8,"enemies":"Maw","floor":41,"turns":6},{"damage":9,"enemies":"Spire Growth","floor":42,"turns":4},{"damage":0,"enemies":"Giant Head","floor":44,"turns":6},{"damage":5,"enemies":"Reptomancer","floor":46,"turns":4},{"damage":0,"enemies":"4 Shapes","floor":47,"turns":3},{"damage":20,"enemies":"Time Eater","floor":50,"turns":11}],"seed_played":"-2257888262732324527","potions_obtained":[{"floor":5,"key":"Weak Potion"},{"floor":7,"key":"SteroidPotion"},{"floor":8,"key":"Fire Potion"}],"is_trial":false,"path_per_floor":["M","?","M","$","M","R","M","E","T","M","?","M","E","?","R","B",null,"M","$","?","$","M","R","E","R","T","M","M","M","E","?","R","B",null,"M","M","$","?","?","R","M","M","T","E","R","E","M","?","R","B",null],"character_chosen":"THE_SILENT","items_purchased":["Predator","Poisoned Stab","Ice Cream"],"campfire_rested":2,"item_purchase_floors":[4,21,37],"current_hp_per_floor":[66,66,66,66,66,66,57,43,43,41,41,41,32,32,53,34,70,66,66,66,66,66,66,52,52,52,52,52,50,45,52,52,49,77,77,77,77,70,70,70,62,53,53,53,53,48,48,48,71,51],"gold":274,"neow_bonus":"ONE_RARE_RELIC","is_prod":false,"is_daily":false,"chose_seed":false,"campfire_upgraded":5,"win_rate":0,"timestamp":1554100253,"path_taken":["M","?","M","?","?","R","M","E","T","M","?","?","E","?","R","BOSS","M","$","?","?","M","R","E","R","T","M","M","M","E","?","R","BOSS","M","M","$","?","?","R","M","M","T","E","R","E","?","?","R","BOSS"],"build_version":"2019-01-23","purchased_purges":2,"victory":true,"max_hp_per_floor":[70,70,70,70,70,70,70,70,70,70,70,70,70,70,70,70,70,70,70,70,70,70,70,70,70,70,70,70,70,70,77,77,77,77,77,77,77,77,77,77,77,77,77,77,77,77,77,77,77,77],"card_choices":[{"not_picked":["Poisoned Stab","Dodge and Roll"],"picked":"Well Laid Plans","floor":1},{"not_picked":["Sucker Punch","Expertise"],"picked":"Leg Sweep","floor":1},{"not_picked":["Slice","Terror"],"picked":"Escape Plan","floor":3},{"not_picked":["Prepared","Outmaneuver","Slice"],"picked":"SKIP","floor":3},{"not_picked":["Finisher","Cloak And Dagger"],"picked":"Die Die Die","floor":5},{"not_picked":["Dagger Throw","Bane"],"picked":"Quick Slash","floor":5},{"not_picked":["Calculated Gamble","Slice"],"picked":"Backstab","floor":7},{"not_picked":["Deflect","Dagger Throw"],"picked":"Noxious Fumes","floor":7},{"not_picked":["Bane","Doppelganger"],"picked":"Crippling Poison","floor":8},{"not_picked":["Well Laid Plans","Catalyst"],"picked":"Dash","floor":10},{"not_picked":["Dagger Throw","Choke","Underhanded Strike"],"picked":"SKIP","floor":10},{"not_picked":["Outmaneuver","PiercingWail"],"picked":"Backflip","floor":12},{"not_picked":["Endless Agony","Infinite Blades","Masterful Stab"],"picked":"SKIP","floor":12},{"not_picked":["Dagger Spray","Dagger Throw"],"picked":"Dodge and Roll","floor":13},{"not_picked":["Unload","Tools of the Trade"],"picked":"A Thousand Cuts","floor":16},{"not_picked":["Heel Hook","Slice"],"picked":"Dagger Spray+1","floor":18},{"not_picked":["Skewer","Blade Dance","Dagger Throw"],"picked":"SKIP","floor":18},{"not_picked":["Blade Dance","Bane"],"picked":"Backflip","floor":22},{"not_picked":["Blade Dance","Flying Knee","Sucker Punch"],"picked":"SKIP","floor":22},{"not_picked":["All Out Attack+1","Dash"],"picked":"Adrenaline","floor":24},{"not_picked":["Masterful Stab","Endless Agony"],"picked":"Footwork+1","floor":27},{"not_picked":["Quick Slash+1","Slice","Distraction+1"],"picked":"SKIP","floor":27},{"not_picked":["Escape Plan","Leg Sweep+1"],"picked":"Bouncing Flask","floor":28},{"not_picked":["Sucker Punch","Prepared","Poisoned Stab+1"],"picked":"SKIP","floor":28},{"not_picked":["Predator","Slice","Blade Dance"],"picked":"SKIP","floor":29},{"not_picked":["Masterful Stab","Slice","Outmaneuver+1"],"picked":"SKIP","floor":29},{"not_picked":["Heel Hook","Riddle With Holes+1"],"picked":"Corpse Explosion","floor":30},{"not_picked":["Storm of Steel","Night Terror"],"picked":"After Image","floor":33},{"not_picked":["Terror+1","Flying Knee"],"picked":"Backstab+1","floor":35},{"not_picked":["PiercingWail","Flying Knee+1","Slice+1"],"picked":"SKIP","floor":35},{"not_picked":["Quick Slash+1","Expertise"],"picked":"Distraction+1","floor":36},{"not_picked":["Slice","Underhanded Strike","Concentrate"],"picked":"SKIP","floor":36},{"not_picked":["Quick Slash+1","Dash+1"],"picked":"Cloak And Dagger","floor":41},{"not_picked":["Grand Finale","Cloak And Dagger","Dagger Spray"],"picked":"SKIP","floor":41},{"not_picked":["Blade Dance","Sucker Punch"],"picked":"Endless Agony+1","floor":42},{"not_picked":["Eviscerate","Prepared+1","Acrobatics"],"picked":"SKIP","floor":42},{"not_picked":["Accuracy","Crippling Poison"],"picked":"Footwork+1","floor":44},{"not_picked":["Poisoned Stab+1","Acrobatics","Dodge and Roll+1"],"picked":"SKIP","floor":46},{"not_picked":["Escape Plan+1","Acrobatics+1","Dagger Throw"],"picked":"SKIP","floor":47},{"not_picked":["Poisoned Stab+1","Flying Knee","Expertise"],"picked":"SKIP","floor":47}],"player_experience":249251,"relics_obtained":[{"floor":8,"key":"Lantern"},{"floor":9,"key":"Letter Opener"},{"floor":13,"key":"Dead Branch"},{"floor":24,"key":"Orichalcum"},{"floor":26,"key":"Mummified Hand"},{"floor":30,"key":"Meat on the Bone"},{"floor":38,"key":"Du-Vu Doll"},{"floor":43,"key":"Gambling Chip"},{"floor":44,"key":"Snake Skull"},{"floor":46,"key":"MawBank"}],"event_choices":[{"damage_healed":0,"gold_gain":100,"player_choice":"Pray","damage_taken":0,"max_hp_gain":0,"max_hp_loss":0,"event_name":"Golden Shrine","floor":2,"gold_loss":0},{"damage_healed":0,"gold_gain":0,"player_choice":"Trade","damage_taken":0,"relics_obtained":["GremlinMask"],"max_hp_gain":0,"max_hp_loss":0,"event_name":"FaceTrader","floor":11,"gold_loss":0},{"damage_healed":0,"gold_gain":0,"player_choice":"Upgraded","damage_taken":0,"max_hp_gain":0,"max_hp_loss":0,"event_name":"Upgrade Shrine","floor":14,"gold_loss":0,"cards_upgraded":["Dash"]},{"damage_healed":0,"gold_gain":100,"player_choice":"Bet on Murderer","damage_taken":0,"max_hp_gain":0,"max_hp_loss":0,"event_name":"The Joust","floor":20,"gold_loss":50},{"damage_healed":0,"gold_gain":0,"player_choice":"Obtained Relic","damage_taken":0,"relics_obtained":["Strawberry"],"max_hp_gain":0,"max_hp_loss":0,"event_name":"Addict","floor":31,"gold_loss":85},{"damage_healed":0,"gold_gain":0,"player_choice":"Fight","damage_taken":0,"max_hp_gain":0,"max_hp_loss":0,"event_name":"Mysterious Sphere","floor":38,"gold_loss":0},{"damage_healed":0,"gold_gain":0,"player_choice":"Copied","damage_taken":0,"max_hp_gain":0,"max_hp_loss":0,"event_name":"Duplicator","floor":39,"gold_loss":0,"cards_obtained":["After Image"]},{"cards_removed":["Dodge and Roll"],"damage_healed":0,"gold_gain":0,"player_choice":"Removed Skill","damage_taken":0,"max_hp_gain":0,"max_hp_loss":0,"event_name":"Falling","floor":48,"gold_loss":0}],"is_beta":false,"boss_relics":[{"not_picked":["Runic Pyramid","Ectoplasm"],"picked":"Sozu"},{"not_picked":["Orrery","HoveringKite"],"picked":"Pandora\u0027s Box"}],"items_purged_floors":[19,21],"is_endless":false,"potions_floor_spawned":[5,7,8,12,13,24,27,29,35,38,44,46,47],"ascension_level":1}