{"gold_per_floor":[114,129,144,159,108,108,123,123,123,138,138,103,133,148,148,148],"floor_reached":16,"playtime":1082,"items_purged":[],"score":104,"play_id":"cac583ff-5702-4dd0-b381-e10b573bb057","local_time":"20181224170020","daily_mods":["Cursed Run","Uncertain Future","Binary"],"is_ascension_mode":false,"campfire_choices":[{"data":"Zap","floor":6,"key":"SMITH"},{"data":"Dualcast","floor":8,"key":"SMITH"},{"data":"Sweeping Beam","floor":15,"key":"SMITH"}],"neow_cost":"","seed_source_timestamp":286225809827220,"circlet_count":0,"master_deck":["Strike_B","Strike_B","Strike_B","Strike_B","Defend_B","Defend_B","Defend_B","Defend_B","Zap+1","Dualcast+1","Rebound","Heatsinks","Conserve Battery","Sweeping Beam+1","Rebound","Redo+1","Doubt","Amplify","Scrape","Turbo"],"special_seed":17890,"relics":["Cursed Key","Darkstone Periapt","Du-Vu Doll","Unceasing Top","Dodecahedron"],"potions_floor_usage":[16,16],"damage_taken":[{"damage":0,"enemies":"Cultist","floor":1,"turns":3},{"damage":9,"enemies":"2 Louse","floor":2,"turns":2},{"damage":3,"enemies":"Small Slimes","floor":3,"turns":3},{"damage":5,"enemies":"Looter","floor":4,"turns":4},{"damage":4,"enemies":"Gremlin Gang","floor":7,"turns":3},{"damage":7,"enemies":"3 Louse","floor":10,"turns":2},{"damage":31,"enemies":"Gremlin Nob","floor":13,"turns":4},{"damage":0,"enemies":"Large Slime","floor":14,"turns":4},{"damage":43,"enemies":"The Guardian","floor":16,"turns":8}],"seed_played":"-1417837412704543464","potions_obtained":[{"floor":4,"key":"Poison Potion"},{"floor":7,"key":"Weak Potion"},{"floor":10,"key":"SpeedPotion"},{"floor":14,"key":"FearPotion"}],"is_trial":false,"path_per_floor":["M","M","M","M","$","R","M","R","T","M","?","?","E","M","R","B"],"character_chosen":"DEFECT","items_purchased":["Rebound"],"campfire_rested":0,"item_purchase_floors":[5],"current_hp_per_floor":[75,66,63,58,58,58,54,54,60,53,53,73,42,42,42,0],"gold":148,"neow_bonus":"","is_prod":false,"is_daily":true,"chose_seed":false,"campfire_upgraded":3,"win_rate":0,"timestamp":1545699620,"path_taken":["M","?","M","M","$","R","M","R","T","M","?","?","E","M","R","BOSS"],"build_version":"2018-12-20","purchased_purges":0,"victory":false,"max_hp_per_floor":[75,75,75,75,75,75,75,75,81,81,81,81,81,81,81,81],"card_choices":[{"not_picked":["Compile Driver"],"picked":"Rebound","floor":1},{"not_picked":["Rebound"],"picked":"Heatsinks","floor":2},{"not_picked":["Leap"],"picked":"Conserve Battery","floor":3},{"not_picked":["Blizzard"],"picked":"Sweeping Beam","floor":4},{"not_picked":["Auto Shields"],"picked":"Redo","floor":7},{"not_picked":["Gash"],"picked":"Amplify","floor":10},{"not_picked":["Blizzard"],"picked":"Scrape","floor":13},{"not_picked":["Ball Lightning"],"picked":"Turbo","floor":14}],"player_experience":53643,"relics_obtained":[{"floor":9,"key":"Unceasing Top"},{"floor":13,"key":"Dodecahedron"}],"event_choices":[{"damage_healed":0,"gold_gain":0,"player_choice":"Grow","damage_taken":0,"max_hp_gain":0,"max_hp_loss":0,"event_name":"Living Wall","floor":11,"gold_loss":0,"cards_upgraded":["Redo"]},{"damage_healed":20,"gold_gain":0,"player_choice":"Healed","damage_taken":0,"max_hp_gain":0,"max_hp_loss":0,"event_name":"The Cleric","floor":12,"gold_loss":35}],"is_beta":false,"boss_relics":[],"items_purged_floors":[],"is_endless":false,"potions_floor_spawned":[4,7,10,14],"killed_by":"The Guardian","ascension_level":0}