{"gold_per_floor":[116,116,131,131,28,58,71,71,95,106,106,106,132,147,147,226,276,246,259,259],"floor_reached":20,"playtime":558,"items_purged":[],"score":443,"play_id":"8d635e72-0d8a-4c41-8f38-85bd1b499a70","local_time":"20190513171025","is_ascension_mode":true,"campfire_choices":[{"data":"Calculated Gamble","floor":11.0,"key":"SMITH"},{"data":"Deadly Poison","floor":15.0,"key":"SMITH"}],"neow_cost":"NONE","seed_source_timestamp":266087367452717,"circlet_count":0,"master_deck":["AscendersBane","Defend_G","Defend_G","Defend_G","Defend_G","Defend_G","Strike_G+1","Strike_G","Strike_G","Strike_G","Survivor","Neutralize","Footwork","Tactician","Deadly Poison+1","Calculated Gamble+1","Backflip","Escape Plan","Malaise","Acrobatics"],"special_seed":0,"relics":["Ring of the Snake","NeowsBlessing","Bag of Preparation","Mango","Anchor","Regal Pillow","Tiny House"],"potions_floor_usage":[20,20],"damage_taken":[{"damage":0.0,"enemies":"2 Louse","floor":1.0,"turns":1.0},{"damage":0.0,"enemies":"Small Slimes","floor":3.0,"turns":1.0},{"damage":0.0,"enemies":"3 Sentries","floor":6.0,"turns":1.0},{"damage":2.0,"enemies":"Jaw Worm","floor":7.0,"turns":4.0},{"damage":11.0,"enemies":"Lots of Slimes","floor":10.0,"turns":6.0},{"damage":33.0,"enemies":"Lagavulin","floor":13.0,"turns":8.0},{"damage":0.0,"enemies":"Blue Slaver","floor":14.0,"turns":4.0},{"damage":2.0,"enemies":"Hexaghost","floor":16.0,"turns":9.0},{"damage":13.0,"enemies":"2 Thieves","floor":18.0,"turns":4.0},{"damage":11.0,"enemies":"Spheric Guardian","floor":19.0,"turns":4.0},{"damage":46,"enemies":"3 Cultists","floor":20,"turns":5}],"seed_played":"5026503724148629115","potions_obtained":[{"floor":3.0,"key":"LiquidBronze"},{"floor":14.0,"key":"SkillPotion"},{"floor":16.0,"key":"SteroidPotion"},{"floor":17.0,"key":"Explosive Potion"}],"is_trial":false,"path_per_floor":["M","?","M","?","$","E","M","$","T","M","R","?","E","M","R","B",null,"M","M","M"],"character_chosen":"THE_SILENT","items_purchased":["Tactician","Deadly Poison"],"campfire_rested":0,"item_purchase_floors":[5,5],"current_hp_per_floor":[59,48,48,48,48,62,60,60,60,49,49,49,16,16,16,14,69,56,45,0],"gold":259,"neow_bonus":"THREE_ENEMY_KILL","is_prod":false,"is_daily":false,"chose_seed":false,"campfire_upgraded":2,"win_rate":0,"timestamp":1557738625,"path_taken":["M","?","M","?","$","E","M","?","T","?","R","?","E","M","R","BOSS","M","M","?"],"build_version":"2019-01-23","purchased_purges":0,"victory":false,"max_hp_per_floor":[66,66,66,66,66,80,80,80,80,80,80,80,80,80,80,80,85,85,85,85],"card_choices":[{"not_picked":["Poisoned Stab","Slice","Setup"],"picked":"SKIP","floor":1.0},{"not_picked":["Crippling Poison","Slice"],"picked":"Footwork","floor":3.0},{"not_picked":["Deflect","Underhanded Strike","Dodge and Roll"],"picked":"SKIP","floor":6.0},{"not_picked":["Leg Sweep","Escape Plan"],"picked":"Calculated Gamble","floor":7.0},{"not_picked":["Deadly Poison","Eviscerate","Deflect"],"picked":"SKIP","floor":10.0},{"not_picked":["Distraction","Expertise"],"picked":"Backflip","floor":13.0},{"not_picked":["Masterful Stab","Sucker Punch"],"picked":"Escape Plan","floor":14.0},{"not_picked":["Night Terror","Corpse Explosion"],"picked":"Malaise","floor":16.0},{"not_picked":["Prepared","Concentrate+1"],"picked":"Acrobatics","floor":18.0},{"not_picked":["Blade Dance","Storm of Steel","Acrobatics"],"picked":"SKIP","floor":19.0}],"player_experience":1642592,"relics_obtained":[{"floor":6.0,"key":"Mango"},{"floor":9.0,"key":"Anchor"},{"floor":13.0,"key":"Regal Pillow"}],"event_choices":[{"damage_healed":0.0,"max_hp_gain":0.0,"max_hp_loss":0.0,"gold_gain":0.0,"event_name":"Scrap Ooze","player_choice":"Success","floor":2.0,"gold_loss":0.0,"damage_taken":11.0,"relics_obtained":["Bag of Preparation"]},{"damage_healed":0.0,"max_hp_gain":0.0,"max_hp_loss":0.0,"gold_gain":0.0,"event_name":"Liars Game","player_choice":"Ignored","floor":4.0,"gold_loss":0.0,"damage_taken":0.0},{"cards_removed":["Strike_G"],"damage_healed":0.0,"max_hp_gain":0.0,"max_hp_loss":0.0,"gold_gain":0.0,"event_name":"Purifier","player_choice":"Purged","floor":12.0,"gold_loss":0.0,"damage_taken":0.0}],"is_beta":false,"boss_relics":[{"not_picked":["Cursed Key","Orrery"],"picked":"Tiny House"}],"items_purged_floors":[],"is_endless":false,"potions_floor_spawned":[3,14,16,18],"killed_by":"3 Cultists","ascension_level":20}