{"gold_per_floor":[109,109,109,128,128,179,179,215,215,231,251,24,24,44,44,173,173,194,469,487,200,226,226,264,264,264,59,59,74,74,85,85,190,190,210,210,0,0,0,31,31,31,85,85,98,98,17,28,28,28],"floor_reached":51,"playtime":2017,"items_purged":["Injury","Regret"],"score":739,"play_id":"10fbcb0e-4d6a-4d5b-9780-1e9bd2d6b100","local_time":"20181118220901","is_ascension_mode":false,"campfire_choices":[{"floor":13,"key":"REST"},{"floor":15,"key":"REST"},{"data":"Inflame","floor":23,"key":"SMITH"},{"floor":30,"key":"REST"},{"data":"Fiend Fire","floor":32,"key":"SMITH"},{"floor":42,"key":"REST"},{"data":"Demon Form","floor":44,"key":"SMITH"},{"floor":49,"key":"REST"}],"neow_cost":"NONE","seed_source_timestamp":359520748724700,"circlet_count":0,"master_deck":["Strike_R+1","Strike_R","Strike_R","Strike_R","Defend_R","Defend_R","Defend_R","Defend_R","Bash+1","Dark Embrace","Clash","Fiend Fire+1","True Grit+1","Inflame+1","Anger","Limit Break+1","Heavy Blade+1","Shockwave+1","Limit Break+1","Immolate+1","Dual Wield+1","Disarm+1","Seeing Red+1","Demon Form+1","Discovery+1","Enlightenment+1","Panacea+1","Madness+1","Madness+1","Second Wind+1"],"relics":["Burning Blood","Bloody Idol","Pen Nib","Vajra","Dream Catcher","Toxic Egg 2","Sundial","Velvet Choker","Omamori","Whetstone","Centennial Puzzle","Paper Frog","Medical Kit","Bottled Flame","Eternal Feather","Red Mask","Lantern","Smiling Mask"],"potions_floor_usage":[11,20,31,33,40,40,50,50],"damage_taken":[{"damage":12,"enemies":"Small Slimes","floor":1,"turns":5},{"damage":0,"enemies":"2 Louse","floor":4,"turns":3},{"damage":35,"enemies":"3 Sentries","floor":8,"turns":7},{"damage":4,"enemies":"Jaw Worm","floor":10,"turns":3},{"damage":8,"enemies":"Exordium Wildlife","floor":11,"turns":2},{"damage":7,"enemies":"Blue Slaver","floor":14,"turns":2},{"damage":39,"enemies":"Hexaghost","floor":16,"turns":7},{"damage":18,"enemies":"3 Byrds","floor":18,"turns":4},{"damage":18,"enemies":"Shell Parasite","floor":20,"turns":4},{"damage":10,"enemies":"Book of Stabbing","floor":24,"turns":3},{"damage":21,"enemies":"Shelled Parasite and Fungi","floor":29,"turns":3},{"damage":6,"enemies":"Centurion and Healer","floor":31,"turns":2},{"damage":35,"enemies":"Champ","floor":33,"turns":6},{"damage":19,"enemies":"3 Darklings","floor":35,"turns":5},{"damage":49,"enemies":"Giant Head","floor":40,"turns":7},{"damage":7,"enemies":"Orb Walker","floor":45,"turns":2},{"damage":42,"enemies":"Writhing Mass","floor":48,"turns":5},{"damage":73,"enemies":"Donu and Deca","floor":50,"turns":7}],"seed_played":"-6805165640076395164","potions_obtained":[{"floor":1,"key":"EssenceOfSteel"},{"floor":8,"key":"FearPotion"},{"floor":14,"key":"Ancient Potion"},{"floor":16,"key":"Energy Potion"},{"floor":24,"key":"SteroidPotion"},{"floor":29,"key":"SkillPotion"},{"floor":33,"key":"Dexterity Potion"},{"floor":45,"key":"Regen Potion"},{"floor":48,"key":"BloodPotion"}],"is_trial":false,"path_per_floor":["M","?","?","M","?","T","T","E","T","M","M","$","R","M","R","B",null,"M","?","M","$","T","R","E","?","T","$","T","M","R","M","R","B",null,"M","?","?","$","?","E","?","R","T","R","M","?","$","M","R","B",null],"character_chosen":"IRONCLAD","items_purchased":["Limit Break+1","Omamori","Dual Wield+1","Medical Kit","Second Wind+1"],"campfire_rested":5,"item_purchase_floors":[12,21,21,27,47],"current_hp_per_floor":[74,58,58,64,61,61,61,32,32,34,32,32,56,55,79,46,80,68,68,56,56,56,56,52,52,52,52,52,42,66,71,71,47,80,72,62,62,62,52,14,14,56,61,79,80,80,80,49,80,36],"gold":28,"neow_bonus":"ONE_RANDOM_RARE_CARD","is_prod":false,"is_daily":false,"chose_seed":false,"campfire_upgraded":3,"win_rate":0,"timestamp":1542575341,"path_taken":["M","?","?","M","?","?","?","E","T","?","M","?","R","M","R","BOSS","M","?","?","$","?","R","E","?","T","$","?","M","R","M","R","BOSS","M","?","?","$","?","E","?","R","T","R","?","?","$","M","R","BOSS"],"build_version":"2018-11-15","purchased_purges":2,"victory":true,"max_hp_per_floor":[80,80,80,80,80,80,80,80,80,80,80,80,80,80,80,80,80,80,80,80,80,80,80,80,80,80,80,80,80,80,80,80,80,80,80,80,80,80,80,80,80,80,80,80,80,80,80,80,80,80],"card_choices":[{"not_picked":["Rampage","Warcry"],"picked":"Clash","floor":1},{"not_picked":["Clash","Pommel Strike"],"picked":"Fiend Fire","floor":4},{"not_picked":["Warcry","Sentinel"],"picked":"True Grit","floor":8},{"not_picked":["Seeing Red+1","Pommel Strike"],"picked":"Inflame","floor":10},{"not_picked":["Searing Blow","Armaments+1"],"picked":"Anger","floor":11},{"not_picked":["Seeing Red+1","Battle Trance+1"],"picked":"Heavy Blade","floor":13},{"not_picked":["Anger","Perfected Strike","Intimidate+1"],"picked":"SKIP","floor":14},{"not_picked":["Hemokinesis","Perfected Strike"],"picked":"Shockwave+1","floor":15},{"not_picked":["Immolate","Brutality"],"picked":"Limit Break+1","floor":16},{"not_picked":["Perfected Strike","Twin Strike","Pommel Strike+1"],"picked":"SKIP","floor":18},{"not_picked":["Perfected Strike","Burning Pact+1"],"picked":"Immolate","floor":20},{"not_picked":["Warcry+1","Bludgeon","Heavy Blade"],"picked":"SKIP","floor":24},{"not_picked":["True Grit+1","Shrug It Off+1"],"picked":"Disarm+1","floor":29},{"not_picked":["Entrench+1","Perfected Strike"],"picked":"Seeing Red+1","floor":31},{"not_picked":["Juggernaut","Impervious+1"],"picked":"Demon Form","floor":33},{"not_picked":["Pommel Strike","Headbutt","Iron Wave"],"picked":"SKIP","floor":35},{"not_picked":["Mind Blast","Panache"],"picked":"Discovery+1","floor":36},{"not_picked":["The Bomb+1","Dramatic Entrance"],"picked":"Enlightenment+1","floor":36},{"not_picked":["Trip+1","Swift Strike"],"picked":"Panacea+1","floor":36},{"not_picked":["Iron Wave","Evolve+1","Thunderclap"],"picked":"SKIP","floor":40},{"not_picked":["Carnage","Thunderclap","Dropkick+1"],"picked":"SKIP","floor":45},{"not_picked":["Wild Strike","Anger","Dropkick"],"picked":"SKIP","floor":48}],"player_experience":932992,"relics_obtained":[{"floor":6,"key":"Vajra"},{"floor":7,"key":"Dream Catcher"},{"floor":8,"key":"Toxic Egg 2"},{"floor":9,"key":"Sundial"},{"floor":22,"key":"Whetstone"},{"floor":24,"key":"Centennial Puzzle"},{"floor":26,"key":"Paper Frog"},{"floor":28,"key":"Bottled Flame"},{"floor":40,"key":"Lantern"},{"floor":43,"key":"Smiling Mask"}],"event_choices":[{"damage_healed":0,"gold_gain":0,"player_choice":"Entered Light","damage_taken":16,"max_hp_gain":0,"max_hp_loss":0,"event_name":"Shining Light","floor":2,"gold_loss":0,"cards_upgraded":["Bash","Strike_R"]},{"damage_healed":0,"gold_gain":0,"player_choice":"Take Wound","damage_taken":0,"relics_obtained":["Golden Idol"],"max_hp_gain":0,"max_hp_loss":0,"event_name":"Golden Idol","floor":3,"gold_loss":0,"cards_obtained":["Injury"]},{"damage_healed":0,"gold_gain":0,"player_choice":"Success","damage_taken":3,"relics_obtained":["Pen Nib"],"max_hp_gain":0,"max_hp_loss":0,"event_name":"Scrap Ooze","floor":5,"gold_loss":0},{"damage_healed":0,"gold_gain":275,"player_choice":"Desecrate","damage_taken":0,"max_hp_gain":0,"max_hp_loss":0,"event_name":"Golden Shrine","floor":19,"gold_loss":0,"cards_obtained":["Regret"]},{"damage_healed":0,"gold_gain":0,"player_choice":"Gave Idol","damage_taken":0,"relics_obtained":["Bloody Idol"],"max_hp_gain":0,"max_hp_loss":0,"event_name":"Forgotten Altar","floor":25,"relics_lost":["Golden Idol"],"gold_loss":0},{"damage_healed":0,"gold_gain":0,"player_choice":"Memory 3","damage_taken":10,"max_hp_gain":0,"max_hp_loss":0,"event_name":"SensoryStone","floor":36,"gold_loss":0},{"damage_healed":0,"gold_gain":0,"player_choice":"Paid","damage_taken":0,"relics_obtained":["Red Mask"],"max_hp_gain":0,"max_hp_loss":0,"event_name":"Tomb of Lord Red Mask","floor":37,"gold_loss":210},{"damage_healed":0,"gold_gain":0,"player_choice":"Embrace Madness","damage_taken":10,"max_hp_gain":0,"max_hp_loss":0,"event_name":"Winding Halls","floor":39,"gold_loss":0,"cards_obtained":["Madness","Madness"]},{"damage_healed":0,"gold_gain":0,"player_choice":"Ignored","damage_taken":0,"max_hp_gain":0,"max_hp_loss":0,"event_name":"The Moai Head","floor":41,"gold_loss":0},{"cards_removed":["Strike_R"],"damage_healed":0,"gold_gain":0,"player_choice":"Removed Attack","damage_taken":0,"max_hp_gain":0,"max_hp_loss":0,"event_name":"Falling","floor":46,"gold_loss":0}],"is_beta":false,"boss_relics":[{"not_picked":["Empty Cage","Black Blood"],"picked":"Velvet Choker"},{"not_picked":["Coffee Dripper","Snecko Eye"],"picked":"Eternal Feather"}],"items_purged_floors":[12,21],"is_endless":false,"potions_floor_spawned":[1,8,14,16,24,29,33,45,48],"ascension_level":0}