{"path_per_floor":["M","M","?","?","?","E","R","M","T","M","R","$","E","M","R","B",null,"M","?","$","?","M","R","M","$","T"],"character_chosen":"THE_SILENT","items_purchased":["Kunai"],"gold_per_floor":[109,126,226,226,226,258,258,277,277,294,294,219,249,262,262,367,367,382,382,122,122,135,135,152,152,178],"floor_reached":27,"campfire_rested":3,"playtime":1501,"current_hp_per_floor":[69,69,69,74,67,39,61,63,63,65,65,65,44,46,68,64,75,66,66,66,66,41,63,27,27,27],"items_purged":["Strike_G"],"gold":178,"score":243,"play_id":"54f1c363-1d11-4c22-9aa9-6c6d41a7f4ce","is_prod":false,"is_daily":false,"is_ascension_mode":true,"campfire_upgraded":1,"path_taken":["M","M","?","?","?","E","R","?","T","M","R","?","E","M","R","BOSS","M","?","$","?","?","R","M","$","T","M"],"build_version":"2018-02-22-PROD2","purchased_purges":2,"victory":false,"master_deck":["Defend_G","Defend_G","Defend_G","Defend_G","Defend_G","Strike_G","Strike_G","Strike_G","Strike_G","Survivor","Neutralize+1","Terror","Dash+1","Endless Agony+1","Malaise","Expertise","Flying Knee","Riddle With Holes","Concentrate","Adrenaline","PiercingWail","Writhe","Dash+1","Blur"],"max_hp_per_floor":[70,70,70,75,75,75,75,75,75,75,75,75,75,75,75,75,75,75,75,75,75,75,75,75,75,75],"relics":["Ring of the Snake","Oddly Smooth Stone","Blood Vial","Lantern","Meat on the Bone","Matryoshka","Kunai","Nloth\u0027s Gift","Vajra","Whetstone"],"card_choices":[{"not_picked":["Underhanded Strike","Dagger Throw"],"picked":"Terror"},{"not_picked":["Wraith Form","Flechettes"],"picked":"Dash"},{"not_picked":["Dagger Spray","PiercingWail"],"picked":"Endless Agony"},{"not_picked":["Deflect","Sucker Punch"],"picked":"Malaise"},{"not_picked":["Terror","Cloak And Dagger"],"picked":"Expertise"},{"not_picked":["Quick Slash","Doppelganger"],"picked":"Flying Knee"},{"not_picked":["PiercingWail","Outmaneuver"],"picked":"Riddle With Holes"},{"not_picked":["Deflect","Backflip"],"picked":"Concentrate"},{"not_picked":["Tactician","Glass Knife"],"picked":"Adrenaline"},{"not_picked":["Bane","Outmaneuver"],"picked":"PiercingWail"},{"not_picked":["Bullet Time","Sucker Punch"],"picked":"Dash"},{"not_picked":["Outmaneuver","Concentrate"],"picked":"Blur"}],"player_experience":134582,"potions_floor_usage":[6,16,24,24],"damage_taken":[{"damage":1,"enemies":"Jaw Worm","floor":1,"turns":5},{"damage":0,"enemies":"Cultist","floor":2,"turns":3},{"damage":28,"enemies":"3 Sentries","floor":6,"turns":9},{"damage":0,"enemies":"2 Louse","floor":8,"turns":2},{"damage":0,"enemies":"Looter","floor":10,"turns":3},{"damage":23,"enemies":"Lagavulin","floor":13,"turns":7},{"damage":0,"enemies":"3 Louse","floor":14,"turns":3},{"damage":6,"enemies":"Hexaghost","floor":16,"turns":12},{"damage":9,"enemies":"Shell Parasite","floor":18,"turns":7},{"damage":27,"enemies":"3 Byrds","floor":22,"turns":9},{"damage":50,"enemies":"3 Cultists","floor":24,"turns":7},{"damage":33,"enemies":"Centurion and Healer","floor":27,"turns":9}],"event_choices":[{"event_name":"Golden Shrine","player_choice":"Pray","floor":3,"damage_taken":0},{"event_name":"Big Fish","player_choice":"Donut","floor":4,"damage_taken":0},{"event_name":"Scrap Ooze","player_choice":"success","floor":5,"damage_taken":7},{"event_name":"The Mausoleum","player_choice":"Yes","floor":19,"damage_taken":0},{"event_name":"N\u0027loth","player_choice":"Traded a White Beast Statue","floor":21,"damage_taken":0}],"boss_relics":[{"not_picked":["Philosopher\u0027s Stone","Velvet Choker"],"picked":"White Beast Statue"}],"potions_floor_spawned":[1,2,8,14,18,22,24],"seed_played":"8417299528110265638","killed_by":"Centurion and Healer","ascension_level":2,"is_trial":false}