{"gold_per_floor":[109,109,123,143,160,160,171,201,228,228,243,243,268,286,286,286],"floor_reached":16,"playtime":646,"items_purged":[],"score":227,"play_id":"f0046167-22a8-438e-b02c-32082d1e0537","local_time":"20190504070708","is_ascension_mode":true,"campfire_choices":[{"floor":6,"key":"REST"},{"floor":12,"key":"REST"},{"data":"Clothesline","floor":15,"key":"SMITH"}],"neow_cost":"NONE","seed_source_timestamp":609774554940499,"circlet_count":0,"master_deck":["AscendersBane","Strike_R","Strike_R","Strike_R","Strike_R","Strike_R","Defend_R","Defend_R","Defend_R","Defend_R","Bash","Sword Boomerang","Clothesline+1","Shrug It Off","Dropkick","Inflame","Feed","Whirlwind"],"relics":["Cursed Key","Happy Flower","Boot","Red Skull","Spirit Poop","Bag of Marbles"],"potions_floor_usage":[8,16,16],"damage_taken":[{"damage":6,"enemies":"2 Louse","floor":1,"turns":3},{"damage":5,"enemies":"Small Slimes","floor":3,"turns":3},{"damage":0,"enemies":"Cultist","floor":4,"turns":3},{"damage":20,"enemies":"Exordium Thugs","floor":5,"turns":6},{"damage":0,"enemies":"Looter","floor":7,"turns":2},{"damage":28,"enemies":"Lagavulin","floor":8,"turns":7},{"damage":0,"enemies":"2 Fungi Beasts","floor":11,"turns":3},{"damage":12,"enemies":"3 Sentries","floor":13,"turns":6},{"damage":0,"enemies":"3 Louse","floor":14,"turns":1},{"damage":35,"enemies":"The Guardian","floor":16,"turns":9}],"seed_played":"4080654513993002979","potions_obtained":[{"floor":4,"key":"Swift Potion"},{"floor":5,"key":"SpeedPotion"},{"floor":11,"key":"BloodPotion"}],"is_trial":false,"path_per_floor":["M","?","M","M","M","R","M","E","T","?","M","R","E","M","R","B"],"character_chosen":"IRONCLAD","items_purchased":[],"campfire_rested":2,"item_purchase_floors":[],"current_hp_per_floor":[62,44,39,39,19,41,41,13,13,13,13,35,23,26,26,0],"gold":286,"neow_bonus":"BOSS_RELIC","is_prod":false,"is_daily":false,"chose_seed":false,"campfire_upgraded":1,"win_rate":0,"timestamp":1556968028,"path_taken":["M","?","M","M","M","R","M","E","T","?","M","R","E","M","R","BOSS"],"build_version":"2019-01-23","purchased_purges":0,"victory":false,"max_hp_per_floor":[75,75,75,75,75,75,75,75,75,75,75,75,75,78,78,78],"card_choices":[{"not_picked":["Armaments","Anger"],"picked":"Sword Boomerang","floor":1},{"not_picked":["Sword Boomerang","Cleave"],"picked":"Clothesline","floor":3},{"not_picked":["Dropkick","Combust"],"picked":"Shrug It Off","floor":4},{"not_picked":["Clash","Anger","Seeing Red"],"picked":"SKIP","floor":5},{"not_picked":["Wild Strike","Whirlwind"],"picked":"Dropkick","floor":7},{"not_picked":["Twin Strike","Dark Embrace","Havoc"],"picked":"SKIP","floor":8},{"not_picked":["Pommel Strike","Anger"],"picked":"Inflame","floor":11},{"not_picked":["Inflame","Carnage"],"picked":"Feed","floor":13},{"not_picked":["Perfected Strike","Clash"],"picked":"Whirlwind","floor":14}],"player_experience":848399,"relics_obtained":[{"floor":8,"key":"Boot"},{"floor":9,"key":"Red Skull"},{"floor":13,"key":"Bag of Marbles"}],"event_choices":[{"damage_healed":0,"gold_gain":0,"player_choice":"Success","damage_taken":18,"relics_obtained":["Happy Flower"],"max_hp_gain":0,"max_hp_loss":0,"event_name":"Scrap Ooze","floor":2,"gold_loss":0},{"cards_removed":["Clumsy"],"damage_healed":0,"gold_gain":0,"player_choice":"Offered Curse","damage_taken":0,"relics_obtained":["Spirit Poop"],"max_hp_gain":0,"max_hp_loss":0,"event_name":"Bonfire Elementals","floor":10,"gold_loss":0}],"is_beta":false,"boss_relics":[],"items_purged_floors":[],"is_endless":false,"potions_floor_spawned":[4,5,11,13],"killed_by":"The Guardian","ascension_level":20}