{"gold_per_floor":[367,21,40,40,40,40,72,72,72,97,97,97,111,125,125,224,224,235,160,91,106,106],"floor_reached":22,"playtime":898,"items_purged":[],"score":307,"play_id":"9fd66d0c-9c5b-49b6-b492-fd640089a223","local_time":"20190424204750","is_ascension_mode":true,"campfire_choices":[{"data":"Cold Snap","floor":6,"key":"SMITH"},{"floor":12,"key":"REST"},{"floor":15,"key":"REST"}],"neow_cost":"TEN_PERCENT_HP_LOSS","seed_source_timestamp":604408269087600,"circlet_count":0,"master_deck":["AscendersBane","Strike_B","Strike_B","Strike_B","Strike_B","Defend_B","Defend_B","Defend_B","Defend_B","Zap","Dualcast","Cold Snap+1","Heatsinks","Defragment","Steam","Doom and Gloom","Echo Form","Auto Shields","Defragment","Doom and Gloom"],"relics":["Cracked Core","Juzu Bracelet","Toolbox","Smiling Mask","Question Card","Kunai","The Courier","Busted Crown"],"potions_floor_usage":[7,10,18,18,21,22],"damage_taken":[{"damage":0,"enemies":"2 Louse","floor":1,"turns":2},{"damage":0,"enemies":"Cultist","floor":3,"turns":4},{"damage":26,"enemies":"Lagavulin","floor":7,"turns":7},{"damage":36,"enemies":"3 Sentries","floor":10,"turns":9},{"damage":5,"enemies":"Small Slimes","floor":13,"turns":3},{"damage":2,"enemies":"3 Louse","floor":14,"turns":4},{"damage":34,"enemies":"Hexaghost","floor":16,"turns":10},{"damage":18,"enemies":"3 Byrds","floor":18,"turns":5},{"damage":23,"enemies":"Spheric Guardian","floor":21,"turns":4},{"damage":21,"enemies":"Snake Plant","floor":22,"turns":3}],"seed_played":"1776684790654817953","potions_obtained":[{"floor":3,"key":"Explosive Potion"},{"floor":7,"key":"Energy Potion"},{"floor":14,"key":"Explosive Potion"},{"floor":16,"key":"EssenceOfSteel"},{"floor":21,"key":"PowerPotion"}],"is_trial":false,"path_per_floor":["M","$","M","?","?","R","E","?","T","E","?","R","M","M","R","B",null,"M","?","$","M","M"],"character_chosen":"DEFECT","items_purchased":["Juzu Bracelet","Toolbox","Defragment","PowerPotion"],"campfire_rested":2,"item_purchase_floors":[2,2,20,20],"current_hp_per_floor":[68,68,68,68,65,65,39,39,39,3,20,40,35,33,53,19,56,38,38,38,15,0],"gold":106,"neow_bonus":"TWO_FIFTY_GOLD","is_prod":false,"is_daily":false,"chose_seed":false,"campfire_upgraded":1,"win_rate":0,"timestamp":1556131670,"path_taken":["M","$","M","?","?","R","E","?","T","E","?","R","M","M","R","BOSS","M","?","$","M","M"],"build_version":"2019-01-23","purchased_purges":0,"victory":false,"max_hp_per_floor":[68,68,68,68,68,68,68,68,68,68,68,68,68,68,68,68,68,68,65,65,65,65],"card_choices":[{"not_picked":["Beam Cell","Hologram"],"picked":"Cold Snap","floor":1},{"not_picked":["Gash","Go for the Eyes"],"picked":"BootSequence","floor":3},{"not_picked":["Go for the Eyes","Reprogram"],"picked":"Heatsinks","floor":7},{"not_picked":["Turbo","Storm","Redo"],"picked":"Defragment","floor":10},{"not_picked":["Genetic Algorithm","Rebound","Gash"],"picked":"Steam","floor":13},{"not_picked":["Coolheaded","Hello World","Go for the Eyes"],"picked":"Doom and Gloom","floor":14},{"not_picked":["Rainbow","Fission","Amplify"],"picked":"Echo Form","floor":16},{"not_picked":["Stack"],"picked":"Auto Shields","floor":18},{"not_picked":["Tempest"],"picked":"Doom and Gloom","floor":21}],"player_experience":1745531,"relics_obtained":[{"floor":7,"key":"Question Card"},{"floor":9,"key":"Kunai"},{"floor":10,"key":"The Courier"}],"event_choices":[{"cards_removed":["BootSequence"],"damage_healed":0,"gold_gain":0,"player_choice":"Offered Uncommon","damage_taken":0,"max_hp_gain":0,"max_hp_loss":0,"event_name":"Bonfire Elementals","floor":4,"gold_loss":0},{"damage_healed":0,"gold_gain":0,"player_choice":"Success","damage_taken":3,"relics_obtained":["Smiling Mask"],"max_hp_gain":0,"max_hp_loss":0,"event_name":"Scrap Ooze","floor":5,"gold_loss":0},{"damage_healed":0,"gold_gain":0,"player_choice":"Ignored","damage_taken":0,"max_hp_gain":0,"max_hp_loss":0,"event_name":"Golden Wing","floor":8,"gold_loss":0},{"damage_healed":17,"gold_gain":0,"player_choice":"Healed and dodged fight","damage_taken":0,"max_hp_gain":0,"max_hp_loss":0,"event_name":"Mushrooms","floor":11,"gold_loss":0,"cards_obtained":["Parasite"]},{"cards_removed":["Parasite"],"damage_healed":0,"gold_gain":0,"player_choice":"Gave Gold","damage_taken":0,"max_hp_gain":0,"max_hp_loss":0,"event_name":"Beggar","floor":19,"gold_loss":75}],"is_beta":false,"boss_relics":[{"not_picked":["Fusion Hammer","Astrolabe"],"picked":"Busted Crown"}],"items_purged_floors":[],"is_endless":false,"potions_floor_spawned":[3,7,14,16,21],"killed_by":"Snake Plant","ascension_level":12}