{"gold_per_floor":[116,141,152,152,152,179,194,194,221,236,263,263,263,263,263,358,358,372,383,383,383],"floor_reached":21,"playtime":1285,"items_purged":[],"score":243,"play_id":"e1747a3c-f1dc-4cc0-87fd-deef50508b49","local_time":"20190126153019","is_ascension_mode":true,"campfire_choices":[{"floor":8,"key":"REST"},{"floor":15,"key":"REST"}],"neow_cost":"TEN_PERCENT_HP_LOSS","seed_source_timestamp":1459216667663975,"circlet_count":0,"master_deck":["Strike_B","Defend_B","Defend_B","Defend_B","Defend_B","Zap","Dualcast","Ball Lightning","Ball Lightning","Panacea","Zap","Reboot","Streamline","Storm","Hologram","Parasite","Biased Cognition","Ball Lightning","Hologram"],"relics":["Cracked Core","Bag of Marbles","Kunai","Boot","Anchor","Ancient Tea Set","Runic Pyramid"],"potions_floor_usage":[10,11],"damage_taken":[{"damage":0,"enemies":"Cultist","floor":1,"turns":3},{"damage":7,"enemies":"Jaw Worm","floor":3,"turns":2},{"damage":35,"enemies":"3 Sentries","floor":6,"turns":5},{"damage":3,"enemies":"2 Louse","floor":7,"turns":2},{"damage":0,"enemies":"Gremlin Gang","floor":10,"turns":1},{"damage":32,"enemies":"Gremlin Nob","floor":11,"turns":4},{"damage":15,"enemies":"Slime Boss","floor":16,"turns":7},{"damage":37,"enemies":"2 Thieves","floor":18,"turns":4},{"damage":18,"enemies":"Shell Parasite","floor":19,"turns":3},{"damage":11,"enemies":"Sentry and Sphere","floor":21,"turns":2}],"seed_played":"7682801200490550885","potions_obtained":[{"floor":3,"key":"FearPotion"},{"floor":7,"key":"AttackPotion"},{"floor":11,"key":"SpeedPotion"}],"is_trial":false,"path_per_floor":["M","T","M","?","?","E","M","R","T","M","E","?","?","?","R","B",null,"M","M","?","M"],"character_chosen":"DEFECT","items_purchased":[],"campfire_rested":2,"item_purchase_floors":[],"current_hp_per_floor":[68,68,61,54,54,19,16,36,36,36,4,4,21,18,38,23,57,20,2,2,0],"gold":383,"neow_bonus":"REMOVE_TWO","is_prod":false,"is_daily":false,"chose_seed":false,"campfire_upgraded":0,"win_rate":0,"timestamp":1548545419,"path_taken":["M","?","?","?","?","E","?","R","T","M","E","?","?","?","R","BOSS","M","M","?","M"],"build_version":"2019-01-23","purchased_purges":0,"victory":false,"max_hp_per_floor":[68,68,68,68,68,68,68,68,68,68,68,68,68,68,68,68,68,68,68,68,68],"card_choices":[{"not_picked":["Conserve Battery","Go for the Eyes"],"picked":"Ball Lightning","floor":1},{"not_picked":["Stack","Go for the Eyes"],"picked":"Ball Lightning","floor":3},{"not_picked":["Gash","Redo"],"picked":"Reboot","floor":6},{"not_picked":["Blizzard","Aggregate"],"picked":"Streamline","floor":7},{"not_picked":["Sweeping Beam","Beam Cell"],"picked":"Storm","floor":10},{"not_picked":["Streamline","Beam Cell"],"picked":"Hologram","floor":11},{"not_picked":["Creative AI","Amplify"],"picked":"Biased Cognition","floor":16},{"not_picked":["Compile Driver+1","Turbo"],"picked":"Ball Lightning","floor":18},{"not_picked":["Chill","White Noise"],"picked":"Hologram","floor":19}],"player_experience":624337,"relics_obtained":[{"floor":2,"key":"Bag of Marbles"},{"floor":6,"key":"Kunai"},{"floor":9,"key":"Boot"},{"floor":11,"key":"Anchor"}],"event_choices":[{"cards_removed":["Strike_B"],"damage_healed":0,"gold_gain":0,"player_choice":"Card Removal","damage_taken":7,"max_hp_gain":0,"max_hp_loss":0,"event_name":"Golden Wing","floor":4,"gold_loss":0},{"damage_healed":0,"gold_gain":0,"player_choice":"2 cards matched","damage_taken":0,"max_hp_gain":0,"max_hp_loss":0,"event_name":"Match and Keep!","floor":5,"gold_loss":0,"cards_obtained":["Panacea","Zap"]},{"damage_healed":0,"gold_gain":0,"player_choice":"Searched \u00271\u0027 times","damage_taken":0,"max_hp_gain":0,"max_hp_loss":0,"event_name":"Dead Adventurer","floor":12,"gold_loss":0},{"damage_healed":17,"gold_gain":0,"player_choice":"Healed and dodged fight","damage_taken":0,"max_hp_gain":0,"max_hp_loss":0,"event_name":"Mushrooms","floor":13,"gold_loss":0,"cards_obtained":["Parasite"]},{"damage_healed":0,"gold_gain":0,"player_choice":"Success","damage_taken":3,"relics_obtained":["Ancient Tea Set"],"max_hp_gain":0,"max_hp_loss":0,"event_name":"Scrap Ooze","floor":14,"gold_loss":0},{"damage_healed":0,"gold_gain":0,"player_choice":"Ignored","damage_taken":0,"max_hp_gain":0,"max_hp_loss":0,"event_name":"Cursed Tome","floor":20,"gold_loss":0}],"is_beta":false,"boss_relics":[{"not_picked":["Fusion Hammer","FrozenCore"],"picked":"Runic Pyramid"}],"items_purged_floors":[],"is_endless":false,"potions_floor_spawned":[3,7,11],"killed_by":"Sentry and Sphere","ascension_level":6}