{"gold_per_floor":[115,190,206,108,108,108,108,88,157,157,14,47,59,6,6,101,101,118,43,54,54,54,54,85,97,109,138,150,162,174,220,232,347,359,386,82,82,82],"floor_reached":38,"playtime":1492,"items_purged":["Strike_B"],"score":505,"play_id":"764a9678-a245-4e41-a92d-ca217b04f7a2","local_time":"20190425233034","is_ascension_mode":true,"campfire_choices":[{"data":"Zap","floor":6.0,"key":"SMITH"},{"data":"Defragment","floor":10,"key":"SMITH"},{"data":"Go for the Eyes","floor":15,"key":"SMITH"},{"data":"Multi-Cast","floor":23,"key":"SMITH"},{"floor":25,"key":"REST"},{"data":"Doom and Gloom","floor":30,"key":"SMITH"},{"floor":32,"key":"REST"}],"neow_cost":"NONE","seed_source_timestamp":0,"circlet_count":0,"master_deck":["Defend_B+1","Defend_B+1","Defend_B+1","Zap+1","Dualcast","Defragment+1","Doom and Gloom+1","Cold Snap","Go for the Eyes+1","Ball Lightning","Multi-Cast+1","Redo","Compile Driver+1","Capacitor","Conserve Battery+1","Buffer","Echo Form","Turbo","Loop"],"special_seed":0,"relics":["Cracked Core","Juzu Bracelet","Symbiotic Virus","Bronze Scales","Omamori","Empty Cage","Necronomicon","Meat on the Bone","MawBank","Sundial","Kunai","Sozu","Cables"],"potions_floor_usage":[24,38],"damage_taken":[{"damage":1.0,"enemies":"Cultist","floor":1.0,"turns":3.0},{"damage":2.0,"enemies":"2 Louse","floor":3.0,"turns":2.0},{"damage":12,"enemies":"3 Sentries","floor":12,"turns":5},{"damage":0,"enemies":"Small Slimes","floor":13,"turns":1},{"damage":13,"enemies":"The Guardian","floor":16,"turns":8},{"damage":6,"enemies":"Shell Parasite","floor":18,"turns":3},{"damage":7,"enemies":"Spheric Guardian","floor":20,"turns":3},{"damage":34,"enemies":"Slavers","floor":24,"turns":3},{"damage":17,"enemies":"Centurion and Healer","floor":27,"turns":4},{"damage":16,"enemies":"Book of Stabbing","floor":31,"turns":3},{"damage":49,"enemies":"Champ","floor":33,"turns":10},{"damage":15,"enemies":"3 Darklings","floor":35,"turns":5},{"damage":49,"enemies":"2 Orb Walkers","floor":38,"turns":4}],"seed_played":"8216665445408331539","potions_obtained":[{"floor":8.0,"key":"Fruit Juice"},{"floor":13,"key":"AttackPotion"},{"floor":18,"key":"SteroidPotion"},{"floor":20,"key":"Energy Potion"},{"floor":31,"key":"Block Potion"}],"is_trial":false,"path_per_floor":["M","?","M","$","?","R","?","?","T","R","$","E","M","$","R","B",null,"M","?","M","?","?","R","E","R","T","M","?","?","R","E","R","B",null,"M","$","?","?"],"character_chosen":"DEFECT","items_purchased":["Cold Snap","Bronze Scales","Ball Lightning","Cables","Loop"],"campfire_rested":2,"item_purchase_floors":[4,11,14,36,36],"current_hp_per_floor":[74,63,61,61,49,49,42,42,42,42,42,30,30,30,30,17,61,55,55,48,32,32,32,15,39,39,34,34,34,34,30,54,17,64,49,49,49,0],"gold":82,"neow_bonus":"THREE_CARDS","is_prod":false,"is_daily":false,"chose_seed":false,"campfire_upgraded":5,"win_rate":0,"timestamp":1556260234,"path_taken":["M","?","M","$","?","R","?","?","T","R","$","E","M","?","R","BOSS","M","?","M","?","?","R","E","R","T","M","?","?","R","E","R","BOSS","M","$","?","?"],"build_version":"2019-01-23","purchased_purges":1,"victory":false,"max_hp_per_floor":[75,75,75,75,75,75,75,75,75,75,75,75,75,75,75,75,75,75,75,75,75,75,75,80,80,80,80,80,80,80,80,80,80,80,80,80,80,80],"card_choices":[{"not_picked":["Leap","Rebound"],"picked":"Defragment","floor":0.0},{"not_picked":["Rebound","Barrage"],"picked":"Compile Driver","floor":1.0},{"not_picked":["Barrage","Rebound"],"picked":"Doom and Gloom","floor":3.0},{"not_picked":["Hello World","Scrape"],"picked":"Sweeping Beam","floor":12},{"not_picked":["Compile Driver","Barrage"],"picked":"Go for the Eyes","floor":13},{"not_picked":["Machine Learning","Creative AI"],"picked":"Multi-Cast","floor":16},{"not_picked":["Chill","Beam Cell"],"picked":"Redo","floor":18},{"not_picked":["Gash","Rebound"],"picked":"Compile Driver+1","floor":20},{"not_picked":["Redo","Thunder Strike"],"picked":"Capacitor","floor":24},{"not_picked":["Ball Lightning","Chill"],"picked":"Conserve Battery+1","floor":27},{"not_picked":["Stack","Barrage"],"picked":"Buffer","floor":31},{"not_picked":["Reboot","Rainbow"],"picked":"Echo Form","floor":33},{"not_picked":["Go for the Eyes","Stack+1"],"picked":"Turbo","floor":35}],"player_experience":367497,"relics_obtained":[{"floor":9,"key":"Symbiotic Virus"},{"floor":12,"key":"Omamori"},{"floor":21,"key":"Necronomicon"},{"floor":24,"key":"MawBank"},{"floor":26,"key":"Sundial"},{"floor":31,"key":"Kunai"}],"event_choices":[{"damage_healed":0.0,"max_hp_gain":0.0,"max_hp_loss":0.0,"gold_gain":75.0,"event_name":"World of Goop","player_choice":"Gather Gold","floor":2.0,"gold_loss":0.0,"damage_taken":11.0},{"damage_healed":0.0,"max_hp_gain":0.0,"max_hp_loss":0.0,"gold_gain":0.0,"event_name":"Scrap Ooze","player_choice":"Success","floor":5.0,"gold_loss":0.0,"damage_taken":12.0,"relics_obtained":["Juzu Bracelet"]},{"cards_removed":["Strike_B"],"damage_healed":0.0,"max_hp_gain":0.0,"max_hp_loss":0.0,"gold_gain":0.0,"event_name":"Golden Wing","player_choice":"Card Removal","floor":7.0,"gold_loss":0.0,"damage_taken":7.0},{"damage_healed":0.0,"max_hp_gain":0.0,"max_hp_loss":0.0,"gold_gain":0.0,"event_name":"The Woman in Blue","player_choice":"Bought 1 Potion","floor":8.0,"gold_loss":0.0,"damage_taken":0.0},{"cards_removed":["Defend_B"],"damage_healed":0,"gold_gain":0,"player_choice":"Gave Gold","damage_taken":0,"max_hp_gain":0,"max_hp_loss":0,"event_name":"Beggar","floor":19,"gold_loss":75},{"damage_healed":0,"gold_gain":0,"player_choice":"Obtained Book","damage_taken":16,"max_hp_gain":0,"max_hp_loss":0,"event_name":"Cursed Tome","floor":21,"gold_loss":0},{"cards_removed":["Compile Driver"],"damage_healed":0,"gold_gain":0,"player_choice":"Gave Card","damage_taken":0,"relics_obtained":["Meat on the Bone"],"max_hp_gain":0,"max_hp_loss":0,"event_name":"WeMeetAgain","floor":22,"gold_loss":0},{"damage_healed":0,"gold_gain":0,"player_choice":"Simplicity","damage_taken":0,"max_hp_gain":0,"max_hp_loss":0,"event_name":"Back to Basics","floor":28,"gold_loss":0,"cards_upgraded":["Defend_B","Defend_B","Defend_B"]},{"cards_removed":["Sweeping Beam"],"damage_healed":0,"gold_gain":0,"player_choice":"Purged","damage_taken":0,"max_hp_gain":0,"max_hp_loss":0,"event_name":"Purifier","floor":29,"gold_loss":0},{"damage_healed":0,"gold_gain":0,"player_choice":"Ignored","damage_taken":0,"max_hp_gain":0,"max_hp_loss":0,"event_name":"SecretPortal","floor":37,"gold_loss":0},{"damage_healed":0,"gold_gain":0,"player_choice":"Fight","damage_taken":0,"max_hp_gain":0,"max_hp_loss":0,"event_name":"Mysterious Sphere","floor":38,"gold_loss":0}],"is_beta":false,"boss_relics":[{"not_picked":["White Beast Statue","Fusion Hammer"],"picked":"Empty Cage"},{"not_picked":["Runic Dome","Astrolabe"],"picked":"Sozu"}],"items_purged_floors":[4],"is_endless":false,"potions_floor_spawned":[13,18,20,31],"killed_by":"2 Orb Walkers","ascension_level":5}