{"gold_per_floor":[117,117,117,117,6,6,47,47,47,47,3,47,71,71,71,164,164,180,203,203,18,18,18,18],"floor_reached":24,"playtime":1375,"items_purged":["Strike_G"],"score":446,"play_id":"aa80e781-5232-4c05-9a98-7d2a63ba9402","local_time":"20190506133526","is_ascension_mode":true,"campfire_choices":[{"data":"Riddle With Holes","floor":6,"key":"SMITH"},{"data":"Prepared","floor":8,"key":"SMITH"},{"data":"Footwork","floor":10,"key":"SMITH"},{"floor":15,"key":"REST"},{"floor":23,"key":"REST"}],"neow_cost":"NONE","seed_source_timestamp":25625975044835,"circlet_count":0,"master_deck":["AscendersBane","Defend_G+1","Defend_G","Defend_G+1","Defend_G","Defend_G","Strike_G","Strike_G","Strike_G","Survivor","Neutralize","Riddle With Holes+1","Catalyst","Prepared+1","Footwork+1","Footwork","Well Laid Plans","Footwork","Quick Slash","Tools of the Trade","Leg Sweep","Backflip","Acrobatics","Caltrops","Dagger Spray","Infinite Blades","Acrobatics","Flechettes","Deflect"],"relics":["Ring of the Snake","NeowsBlessing","Golden Idol","Dead Branch","PreservedInsect","Sundial","Orrery"],"potions_floor_usage":[16],"damage_taken":[{"damage":0,"enemies":"2 Louse","floor":1,"turns":1},{"damage":0,"enemies":"Gremlin Nob","floor":7,"turns":1},{"damage":0,"enemies":"3 Sentries","floor":12,"turns":1},{"damage":0,"enemies":"Small Slimes","floor":13,"turns":3},{"damage":17,"enemies":"Hexaghost","floor":16,"turns":21},{"damage":6,"enemies":"Chosen","floor":18,"turns":8},{"damage":28,"enemies":"3 Byrds","floor":19,"turns":4},{"damage":40,"enemies":"Centurion and Healer","floor":24,"turns":8}],"seed_played":"3673979351194276346","potions_obtained":[{"floor":7,"key":"GamblersBrew"}],"is_trial":false,"path_per_floor":["M","?","?","?","$","R","E","R","T","R","$","E","M","?","R","B",null,"M","M","?","$","?","R","M"],"character_chosen":"THE_SILENT","items_purchased":["Prepared","Footwork","Well Laid Plans","Deflect","Block Potion"],"campfire_rested":2,"item_purchase_floors":[5,5,11,21,21],"current_hp_per_floor":[59,59,36,16,16,16,16,16,16,16,16,16,16,16,35,18,54,48,20,20,20,20,39,0],"gold":18,"neow_bonus":"THREE_ENEMY_KILL","is_prod":false,"is_daily":false,"chose_seed":false,"campfire_upgraded":3,"win_rate":0,"timestamp":1557174926,"path_taken":["M","?","?","?","?","R","E","R","T","R","?","E","?","?","R","BOSS","M","M","?","$","?","R","M"],"build_version":"2019-01-23","purchased_purges":1,"victory":false,"max_hp_per_floor":[66,66,66,66,66,66,66,66,66,66,66,66,66,66,66,66,66,66,66,66,66,66,66,66],"card_choices":[{"not_picked":["Deflect","Dagger Throw"],"picked":"Riddle With Holes","floor":1},{"not_picked":["Doppelganger","Underhanded Strike"],"picked":"Footwork","floor":7},{"not_picked":["Sucker Punch","Flying Knee"],"picked":"Footwork","floor":12},{"not_picked":["Well Laid Plans","Deflect"],"picked":"Quick Slash","floor":13},{"not_picked":["Bullet Time","Wraith Form v2"],"picked":"Tools of the Trade","floor":16},{"not_picked":["Outmaneuver","Dagger Spray"],"picked":"Leg Sweep","floor":17},{"not_picked":["Sucker Punch","Distraction"],"picked":"Backflip","floor":17},{"not_picked":["Flying Knee","Dodge and Roll"],"picked":"Acrobatics","floor":17},{"not_picked":["Blade Dance","Bane"],"picked":"Caltrops","floor":17},{"not_picked":["Storm of Steel","Sucker Punch"],"picked":"Dagger Spray","floor":17},{"not_picked":["Flying Knee","Accuracy"],"picked":"Infinite Blades","floor":18},{"not_picked":["Flying Knee","Finisher"],"picked":"Acrobatics","floor":19}],"player_experience":1616659,"relics_obtained":[{"floor":7,"key":"Dead Branch"},{"floor":9,"key":"PreservedInsect"},{"floor":12,"key":"Sundial"}],"event_choices":[{"damage_healed":0,"gold_gain":0,"cards_transformed":["Strike_G"],"player_choice":"Change","damage_taken":0,"max_hp_gain":0,"max_hp_loss":0,"event_name":"Living Wall","floor":2,"gold_loss":0,"cards_obtained":["Catalyst"]},{"damage_healed":0,"gold_gain":0,"player_choice":"Take Damage","damage_taken":23,"relics_obtained":["Golden Idol"],"max_hp_gain":0,"max_hp_loss":0,"event_name":"Golden Idol","floor":3,"gold_loss":0},{"damage_healed":0,"gold_gain":0,"player_choice":"Entered Light","damage_taken":20,"max_hp_gain":0,"max_hp_loss":0,"event_name":"Shining Light","floor":4,"gold_loss":0,"cards_upgraded":["Defend_G","Defend_G"]},{"damage_healed":0,"gold_gain":0,"player_choice":"Ignored","damage_taken":0,"max_hp_gain":0,"max_hp_loss":0,"event_name":"Golden Wing","floor":14,"gold_loss":0},{"damage_healed":0,"gold_gain":0,"player_choice":"Read","damage_taken":0,"max_hp_gain":0,"max_hp_loss":0,"event_name":"The Library","floor":20,"gold_loss":0,"cards_obtained":["Flechettes"]},{"damage_healed":0,"gold_gain":0,"player_choice":"Ignored","damage_taken":0,"max_hp_gain":0,"max_hp_loss":0,"event_name":"Vampires","floor":22,"gold_loss":0}],"is_beta":false,"boss_relics":[{"not_picked":["Coffee Dripper","Velvet Choker"],"picked":"Orrery"}],"items_purged_floors":[21],"is_endless":false,"potions_floor_spawned":[7],"killed_by":"Centurion and Healer","ascension_level":16}