{"gold_per_floor":[118,118,136,154,154,154,154,154],"floor_reached":8,"playtime":177,"items_purged":[],"score":87,"play_id":"cb327e1d-2af6-4ca5-ae34-12ad1d9858ed","local_time":"20190512085213","is_ascension_mode":true,"campfire_choices":[{"data":"Terror","floor":6,"key":"SMITH"}],"neow_cost":"NONE","seed_source_timestamp":4245969774373,"circlet_count":0,"master_deck":["AscendersBane","Defend_G","Defend_G","Defend_G","Defend_G","Defend_G","Strike_G","Strike_G+1","Strike_G+1","Strike_G","Strike_G","Survivor","Neutralize","PiercingWail","Dagger Throw","Terror+1","Regret"],"relics":["Ring of the Snake","NeowsBlessing","Ancient Tea Set","Golden Idol"],"potions_floor_usage":[8],"damage_taken":[{"damage":0,"enemies":"Small Slimes","floor":1,"turns":1},{"damage":0,"enemies":"2 Louse","floor":3,"turns":1},{"damage":0,"enemies":"Cultist","floor":4,"turns":1},{"damage":16,"enemies":"Exordium Thugs","floor":8,"turns":4}],"seed_played":"-4073179605690263184","potions_obtained":[{"floor":1,"key":"Block Potion"}],"is_trial":false,"path_per_floor":["M","?","M","M","?","R","?","M"],"character_chosen":"THE_SILENT","items_purchased":[],"campfire_rested":0,"item_purchase_floors":[],"current_hp_per_floor":[59,39,39,39,39,39,16,0],"gold":154,"neow_bonus":"THREE_ENEMY_KILL","is_prod":false,"is_daily":false,"chose_seed":false,"campfire_upgraded":1,"win_rate":0,"timestamp":1557676333,"path_taken":["M","?","M","M","?","R","?","M"],"build_version":"2019-01-23","purchased_purges":0,"victory":false,"max_hp_per_floor":[66,66,66,66,66,66,66,66],"card_choices":[{"not_picked":["Distraction","Flying Knee"],"picked":"PiercingWail","floor":1},{"not_picked":["Outmaneuver","PiercingWail"],"picked":"Dagger Throw","floor":3},{"not_picked":["Deadly Poison","Calculated Gamble"],"picked":"Terror","floor":4}],"player_experience":1690364,"relics_obtained":[],"event_choices":[{"damage_healed":0,"gold_gain":0,"player_choice":"Entered Light","damage_taken":20,"max_hp_gain":0,"max_hp_loss":0,"event_name":"Shining Light","floor":2,"gold_loss":0,"cards_upgraded":["Strike_G","Strike_G"]},{"damage_healed":0,"gold_gain":0,"player_choice":"Box","damage_taken":0,"relics_obtained":["Ancient Tea Set"],"max_hp_gain":0,"max_hp_loss":0,"event_name":"Big Fish","floor":5,"gold_loss":0,"cards_obtained":["Regret"]},{"damage_healed":0,"gold_gain":0,"player_choice":"Take Damage","damage_taken":23,"relics_obtained":["Golden Idol"],"max_hp_gain":0,"max_hp_loss":0,"event_name":"Golden Idol","floor":7,"gold_loss":0}],"is_beta":false,"boss_relics":[],"items_purged_floors":[],"is_endless":false,"potions_floor_spawned":[1],"killed_by":"Exordium Thugs","ascension_level":18}