{"gold_per_floor":[12,31,31,41,41,41,75,75,157,169,184,211,226,236,236,236],"floor_reached":16,"playtime":386,"items_purged":[],"score":228,"play_id":"5f02d146-a59e-47ba-a6f4-909595c3bd20","local_time":"20190513202659","is_ascension_mode":true,"campfire_choices":[{"data":"Dualcast","floor":6.0,"key":"SMITH"},{"floor":8.0,"key":"REST"},{"data":"Recycle","floor":15.0,"key":"SMITH"}],"neow_cost":"NO_GOLD","seed_source_timestamp":278065193333410,"circlet_count":0,"master_deck":["AscendersBane","Strike_B+1","Strike_B","Defend_B","Defend_B","Defend_B","Defend_B","Zap","Dualcast+1","Darkness+1","Conserve Battery","Cold Snap","Ball Lightning","Core Surge","Recycle+1","Self Repair","BootSequence"],"special_seed":0,"relics":["Cracked Core","Bag of Marbles","Mummified Hand","Cables"],"potions_floor_usage":[16],"damage_taken":[{"damage":4.0,"enemies":"Small Slimes","floor":1.0,"turns":3.0},{"damage":7.0,"enemies":"Jaw Worm","floor":2.0,"turns":3.0},{"damage":4.0,"enemies":"2 Louse","floor":4.0,"turns":4.0},{"damage":36.0,"enemies":"3 Sentries","floor":7.0,"turns":9.0},{"damage":0.0,"enemies":"Looter","floor":10.0,"turns":4.0},{"damage":10.0,"enemies":"3 Louse","floor":11.0,"turns":2.0},{"damage":21.0,"enemies":"Gremlin Nob","floor":12.0,"turns":4.0},{"damage":0.0,"enemies":"2 Fungi Beasts","floor":13.0,"turns":3.0},{"damage":0.0,"enemies":"Looter","floor":14.0,"turns":2.0},{"damage":12,"enemies":"The Guardian","floor":16,"turns":6}],"seed_played":"2483216243286977277","potions_obtained":[{"floor":1.0,"key":"LiquidBronze"},{"floor":4.0,"key":"EssenceOfSteel"}],"is_trial":false,"path_per_floor":["M","M","?","M","?","R","E","R","T","M","M","E","M","M","R","B"],"character_chosen":"DEFECT","items_purchased":[],"campfire_rested":1,"item_purchase_floors":[],"current_hp_per_floor":[60,53,32,28,51,51,15,36,36,36,26,5,5,12,12,0],"gold":236,"neow_bonus":"REMOVE_TWO","is_prod":false,"is_daily":false,"chose_seed":false,"campfire_upgraded":2,"win_rate":0,"timestamp":1557750419,"path_taken":["M","M","?","M","?","R","E","R","T","M","?","E","M","M","R","BOSS"],"build_version":"2019-01-23","purchased_purges":0,"victory":false,"max_hp_per_floor":[71,71,71,71,71,71,71,71,71,71,71,71,71,71,71,71],"card_choices":[{"not_picked":["Stack","Hologram"],"picked":"Darkness","floor":1.0},{"not_picked":["Gash","Beam Cell"],"picked":"Conserve Battery","floor":2.0},{"not_picked":["Darkness","Conserve Battery","Auto Shields"],"picked":"SKIP","floor":4.0},{"not_picked":["Conserve Battery","Ball Lightning"],"picked":"Cold Snap","floor":7.0},{"not_picked":["Conserve Battery","Static Discharge"],"picked":"Ball Lightning","floor":10.0},{"not_picked":["Beam Cell","Rebound"],"picked":"Core Surge","floor":11.0},{"not_picked":["Steam","Gash"],"picked":"Recycle","floor":12.0},{"not_picked":["Redo","Gash"],"picked":"Self Repair","floor":13.0},{"not_picked":["Stack","Consume"],"picked":"BootSequence","floor":14.0}],"player_experience":1651615,"relics_obtained":[{"floor":7.0,"key":"Bag of Marbles"},{"floor":9.0,"key":"Mummified Hand"},{"floor":12.0,"key":"Cables"}],"event_choices":[{"damage_healed":0.0,"max_hp_gain":0.0,"max_hp_loss":0.0,"gold_gain":0.0,"event_name":"Shining Light","player_choice":"Entered Light","floor":3.0,"gold_loss":0.0,"damage_taken":21.0,"cards_upgraded":["Strike_B","Darkness"]},{"damage_healed":23.0,"max_hp_gain":0.0,"max_hp_loss":0.0,"gold_gain":0.0,"event_name":"Big Fish","player_choice":"Banana","floor":5.0,"gold_loss":0.0,"damage_taken":0.0}],"is_beta":false,"boss_relics":[],"items_purged_floors":[],"is_endless":false,"potions_floor_spawned":[1,4,14],"killed_by":"The Guardian","ascension_level":20}