{"gold_per_floor":[109,109,109,129,54,54,93,108,131,171,171,205,3,3,3,3],"floor_reached":16,"playtime":2237,"items_purged":["Injury"],"score":128,"play_id":"4ed390f4-b706-4d78-b716-08cfe876b92f","local_time":"20190511163637","is_ascension_mode":true,"campfire_choices":[{"data":"Consume","floor":6,"key":"SMITH"},{"floor":15,"key":"REST"}],"neow_cost":"CURSE","seed_source_timestamp":1977918679122865,"circlet_count":0,"master_deck":["Strike_B","Strike_B","Strike_B","Defend_B","Defend_B","Defend_B","Defend_B","Zap","Dualcast","Consume+1","Cold Snap","Reinforced Body","Steam","Skim","Coolheaded"],"relics":["Cracked Core","FossilizedHelix","Golden Idol","PreservedInsect","Boot","The Courier","Sundial","Mummified Hand"],"potions_floor_usage":[16],"damage_taken":[{"damage":0,"enemies":"Cultist","floor":1,"turns":3},{"damage":18,"enemies":"2 Louse","floor":4,"turns":4},{"damage":32,"enemies":"Gremlin Nob","floor":7,"turns":6},{"damage":0,"enemies":"Small Slimes","floor":8,"turns":2},{"damage":10,"enemies":"Lagavulin","floor":10,"turns":7},{"damage":8,"enemies":"3 Sentries","floor":12,"turns":7},{"damage":30,"enemies":"Slime Boss","floor":16,"turns":12}],"seed_played":"713328873557498554","potions_obtained":[{"floor":1,"key":"Weak Potion"},{"floor":4,"key":"FearPotion"},{"floor":12,"key":"LiquidBronze"}],"is_trial":false,"path_per_floor":["M","?","?","M","$","R","E","M","T","E","?","E","$","?","R","B"],"character_chosen":"DEFECT","items_purchased":["Mummified Hand"],"campfire_rested":1,"item_purchase_floors":[13],"current_hp_per_floor":[75,72,72,54,54,54,22,22,22,12,12,4,4,4,25,0],"gold":3,"neow_bonus":"ONE_RARE_RELIC","is_prod":false,"is_daily":false,"chose_seed":false,"campfire_upgraded":1,"win_rate":0,"timestamp":1557610597,"path_taken":["M","?","?","M","$","R","E","M","T","E","?","E","$","?","R","BOSS"],"build_version":"2019-01-23","purchased_purges":1,"victory":false,"max_hp_per_floor":[75,72,72,72,72,72,72,72,72,72,72,72,72,72,72,72],"card_choices":[{"not_picked":["Redo","Lockon"],"picked":"Consume","floor":1},{"not_picked":["Conserve Battery","Sweeping Beam"],"picked":"Cold Snap","floor":4},{"not_picked":["Sweeping Beam","Ball Lightning"],"picked":"Reinforced Body","floor":7},{"not_picked":["Sweeping Beam","Streamline"],"picked":"Steam","floor":8},{"not_picked":["Conserve Battery","Beam Cell"],"picked":"Skim","floor":10},{"not_picked":["Rainbow","Streamline"],"picked":"Coolheaded","floor":12}],"player_experience":287132,"relics_obtained":[{"floor":7,"key":"PreservedInsect"},{"floor":9,"key":"Boot"},{"floor":10,"key":"The Courier"},{"floor":12,"key":"Sundial"}],"event_choices":[{"cards_removed":["Parasite"],"damage_healed":0,"gold_gain":0,"player_choice":"Forget","damage_taken":0,"max_hp_gain":0,"max_hp_loss":0,"event_name":"Living Wall","floor":2,"gold_loss":0},{"damage_healed":0,"gold_gain":0,"player_choice":"Take Wound","damage_taken":0,"relics_obtained":["Golden Idol"],"max_hp_gain":0,"max_hp_loss":0,"event_name":"Golden Idol","floor":3,"gold_loss":0,"cards_obtained":["Injury"]},{"damage_healed":0,"gold_gain":0,"player_choice":"Ignored","damage_taken":0,"max_hp_gain":0,"max_hp_loss":0,"event_name":"Golden Wing","floor":11,"gold_loss":0},{"cards_removed":["Strike_B"],"damage_healed":0,"gold_gain":0,"player_choice":"Purged","damage_taken":0,"max_hp_gain":0,"max_hp_loss":0,"event_name":"Purifier","floor":14,"gold_loss":0}],"is_beta":false,"boss_relics":[],"items_purged_floors":[5],"is_endless":false,"potions_floor_spawned":[1,4,12],"killed_by":"Slime Boss","ascension_level":2}