{"gold_per_floor":[116,116,116,136,40,40,40,40,40,60,89,89,103,118,118,223,223,243,258,258,258,258,258,268,298,380,350,365,237,271,271,271,370,370,387,407,47,57,0,0,32,44,44,71,71,21,35,46,46,46],"floor_reached":51,"playtime":3780,"items_purged":["Meteor Strike","Strike_B","Chill"],"score":860,"play_id":"6bd7c37c-c9db-4926-b46d-fdbbad77c7ef","local_time":"20190401194419","is_ascension_mode":true,"campfire_choices":[{"data":"Doom and Gloom","floor":6.0,"key":"SMITH"},{"data":"Double Energy","floor":8.0,"key":"SMITH"},{"data":"Multi-Cast","floor":12.0,"key":"SMITH"},{"data":"Redo","floor":15.0,"key":"SMITH"},{"data":"Ghostly","floor":23,"key":"SMITH"},{"data":"Ghostly","floor":32,"key":"SMITH"},{"data":"Ghostly","floor":40,"key":"SMITH"},{"data":"Ghostly","floor":49,"key":"SMITH"}],"neow_cost":"TEN_PERCENT_HP_LOSS","seed_source_timestamp":0,"circlet_count":0,"master_deck":["Defend_B","Defend_B","Defend_B","Defend_B","Zap+1","Dualcast","Multi-Cast+1","Double Energy+1","Doom and Gloom+1","Coolheaded","Redo+1","Go for the Eyes","Steam","Multi-Cast","Streamline","Ghostly+1","Ghostly+1","Ghostly+1","Ghostly","Ghostly+1","Redo","Conserve Battery+1","FTL","BootSequence","Glacier","Seek","Go for the Eyes+1","Turbo","Buffer+1","Defragment+1","Steam+1","Loop+1","Ghostly+1"],"special_seed":0,"relics":["Cracked Core","Smiling Mask","Bottled Lightning","Meat on the Bone","Empty Cage","Frozen Egg 2","Blue Candle","Strawberry","Molten Egg 2","Runic Pyramid","Omamori","Red Mask","Blood Vial","Cables","Potion Belt"],"potions_floor_usage":[25,25,28,36,50,50],"damage_taken":[{"damage":2.0,"enemies":"2 Louse","floor":1.0,"turns":2.0},{"damage":8.0,"enemies":"Jaw Worm","floor":4.0,"turns":4.0},{"damage":5.0,"enemies":"Small Slimes","floor":10.0,"turns":2.0},{"damage":17.0,"enemies":"Gremlin Nob","floor":11.0,"turns":3.0},{"damage":9.0,"enemies":"Exordium Wildlife","floor":13.0,"turns":4.0},{"damage":9.0,"enemies":"Large Slime","floor":14.0,"turns":4.0},{"damage":20.0,"enemies":"Hexaghost","floor":16.0,"turns":8.0},{"damage":0,"enemies":"Spheric Guardian","floor":18,"turns":3},{"damage":0,"enemies":"Chosen","floor":19,"turns":5},{"damage":16,"enemies":"Centurion and Healer","floor":24,"turns":8},{"damage":23,"enemies":"Slavers","floor":25,"turns":4},{"damage":9,"enemies":"Snake Plant","floor":28,"turns":6},{"damage":0,"enemies":"Book of Stabbing","floor":30,"turns":6},{"damage":5,"enemies":"Champ","floor":33,"turns":14},{"damage":2,"enemies":"3 Shapes","floor":35,"turns":5},{"damage":0,"enemies":"3 Darklings","floor":36,"turns":6},{"damage":3,"enemies":"Transient","floor":38,"turns":5},{"damage":6,"enemies":"Reptomancer","floor":41,"turns":8},{"damage":0,"enemies":"4 Shapes","floor":42,"turns":4},{"damage":0,"enemies":"Giant Head","floor":44,"turns":7},{"damage":0,"enemies":"Spire Growth","floor":47,"turns":6},{"damage":16,"enemies":"Sphere and 2 Shapes","floor":48,"turns":7},{"damage":0,"enemies":"Donu and Deca","floor":50,"turns":10}],"seed_played":"3916491631182133826","potions_obtained":[{"floor":1.0,"key":"AttackPotion"},{"floor":10.0,"key":"LiquidBronze"},{"floor":14.0,"key":"Swift Potion"},{"floor":19,"key":"GamblersBrew"},{"floor":24,"key":"Regen Potion"},{"floor":27,"key":"Poison Potion"},{"floor":27,"key":"SmokeBomb"},{"floor":28,"key":"SpeedPotion"},{"floor":35,"key":"Fruit Juice"},{"floor":36,"key":"Strength Potion"}],"is_trial":false,"path_per_floor":["M","?","?","M","$","R","?","R","T","M","E","R","M","M","R","B",null,"M","M","?","?","?","R","M","E","T","?","M","$","E","T","R","B",null,"M","M","$","M","?","R","E","M","T","E","?","$","M","M","R","B",null],"character_chosen":"DEFECT","items_purchased":["Doom and Gloom","Coolheaded","Glacier","Omamori","Buffer+1"],"campfire_rested":0,"item_purchase_floors":[5,5,29,37,37],"current_hp_per_floor":[66,66,66,58,58,58,58,58,58,53,36,36,39,42,42,34,68,68,68,34,34,30,30,26,27,27,27,30,30,37,37,37,32,46,44,49,49,46,46,46,40,42,42,44,44,44,46,32,32,34],"gold":46,"neow_bonus":"THREE_RARE_CARDS","is_prod":false,"is_daily":false,"chose_seed":false,"campfire_upgraded":8,"win_rate":0,"timestamp":1554173059,"path_taken":["M","?","?","M","?","R","?","R","T","?","E","R","M","M","R","BOSS","M","M","?","?","?","R","M","E","T","?","?","$","E","?","R","BOSS","M","M","$","M","?","R","E","M","T","E","?","$","?","M","R","BOSS"],"build_version":"2019-01-23","purchased_purges":3,"victory":true,"max_hp_per_floor":[68,68,68,68,68,68,68,68,68,68,68,68,68,68,68,68,68,68,68,34,34,39,39,39,39,39,39,39,39,46,46,46,46,46,46,51,51,51,51,51,51,51,51,51,51,51,51,51,51,51],"card_choices":[{"not_picked":["Machine Learning","Amplify"],"picked":"Multi-Cast","floor":0.0},{"not_picked":["Gash","Barrage"],"picked":"Double Energy","floor":1.0},{"not_picked":["Tempest","Blizzard","Streamline"],"picked":"SKIP","floor":4.0},{"not_picked":["Streamline","Coolheaded"],"picked":"Redo","floor":10.0},{"not_picked":["Chill","Lockon"],"picked":"Go for the Eyes","floor":11.0},{"not_picked":["Ball Lightning","Gash"],"picked":"Steam","floor":13.0},{"not_picked":["Auto Shields","Barrage","Gash"],"picked":"SKIP","floor":14.0},{"not_picked":["Meteor Strike","Machine Learning"],"picked":"Multi-Cast","floor":16.0},{"not_picked":["Gash","Reprogram+1","Barrage"],"picked":"SKIP","floor":18},{"not_picked":["Stack","Gash"],"picked":"Streamline","floor":19},{"not_picked":["Cold Snap","Beam Cell+1"],"picked":"Conserve Battery+1","floor":24},{"not_picked":["Conserve Battery","Leap"],"picked":"FTL","floor":25},{"not_picked":["Leap","Steam Power"],"picked":"BootSequence","floor":28},{"not_picked":["Rebound","Reprogram+1"],"picked":"Chill","floor":30},{"not_picked":["Fission","Electrodynamics+1"],"picked":"Seek","floor":33},{"not_picked":["Melter+1","FTL+1"],"picked":"Go for the Eyes+1","floor":35},{"not_picked":["Ball Lightning+1","Beam Cell+1"],"picked":"Turbo","floor":36},{"not_picked":["Melter+1","Go for the Eyes+1","Aggregate"],"picked":"SKIP","floor":38},{"not_picked":["Cold Snap+1","Hologram+1"],"picked":"Defragment+1","floor":41},{"not_picked":["Aggregate","Turbo"],"picked":"Steam+1","floor":42},{"not_picked":["Sweeping Beam+1","Darkness"],"picked":"Loop+1","floor":44},{"not_picked":["Cold Snap+1","Blizzard+1","Creative AI+1"],"picked":"SKIP","floor":47},{"not_picked":["Steam Power","Barrage+1","Cold Snap+1"],"picked":"SKIP","floor":48}],"player_experience":254255,"relics_obtained":[{"floor":9.0,"key":"Bottled Lightning"},{"floor":11.0,"key":"Meat on the Bone"},{"floor":25,"key":"Frozen Egg 2"},{"floor":26,"key":"Blue Candle"},{"floor":30,"key":"Strawberry"},{"floor":31,"key":"Molten Egg 2"},{"floor":41,"key":"Blood Vial"},{"floor":43,"key":"Cables"},{"floor":44,"key":"Potion Belt"}],"event_choices":[{"damage_healed":0.0,"max_hp_gain":0.0,"max_hp_loss":0.0,"gold_gain":0.0,"event_name":"Living Wall","player_choice":"Grow","floor":2.0,"gold_loss":0.0,"damage_taken":0.0,"cards_upgraded":["Zap"]},{"damage_healed":0.0,"max_hp_gain":0.0,"max_hp_loss":0.0,"gold_gain":0.0,"event_name":"Big Fish","player_choice":"Box","floor":3.0,"gold_loss":0.0,"damage_taken":0.0,"relics_obtained":["Smiling Mask"],"cards_obtained":["Regret"]},{"damage_healed":0.0,"max_hp_gain":0.0,"max_hp_loss":0.0,"gold_gain":0.0,"event_name":"Liars Game","player_choice":"Ignored","floor":7.0,"gold_loss":0.0,"damage_taken":0.0},{"damage_healed":0,"gold_gain":0,"player_choice":"Became a Ghost","damage_taken":0,"max_hp_gain":0,"max_hp_loss":34,"event_name":"Ghosts","floor":20,"gold_loss":0,"cards_obtained":["Ghostly","Ghostly","Ghostly","Ghostly","Ghostly"]},{"damage_healed":0,"gold_gain":0,"cards_transformed":["Strike_B","Strike_B"],"player_choice":"Became Test Subject","damage_taken":0,"max_hp_gain":0,"max_hp_loss":0,"event_name":"Drug Dealer","floor":21,"gold_loss":0,"cards_obtained":["Redo","Meteor Strike"]},{"damage_healed":0,"gold_gain":0,"player_choice":"Shed Blood","damage_taken":9,"max_hp_gain":5,"max_hp_loss":0,"event_name":"Forgotten Altar","floor":22,"gold_loss":0},{"damage_healed":0,"gold_gain":0,"player_choice":"Bought 2 Potions","damage_taken":0,"max_hp_gain":0,"max_hp_loss":0,"event_name":"The Woman in Blue","floor":27,"gold_loss":0},{"damage_healed":0,"gold_gain":0,"player_choice":"Paid","damage_taken":0,"relics_obtained":["Red Mask"],"max_hp_gain":0,"max_hp_loss":0,"event_name":"Tomb of Lord Red Mask","floor":39,"gold_loss":57},{"damage_healed":0,"gold_gain":0,"player_choice":"Copied","damage_taken":0,"max_hp_gain":0,"max_hp_loss":0,"event_name":"Duplicator","floor":45,"gold_loss":0,"cards_obtained":["Ghostly"]}],"is_beta":false,"boss_relics":[{"not_picked":["Fusion Hammer","Calling Bell"],"picked":"Empty Cage"},{"not_picked":["Astrolabe","Busted Crown"],"picked":"Runic Pyramid"}],"items_purged_floors":[29,37,46],"is_endless":false,"potions_floor_spawned":[1,10,14,19,24,28,35,36,41],"ascension_level":1}