{"gold_per_floor":[109,109,177,192,242,242,13,43,90,140,207,226,244,69,69,173,173,187,162,62,112,127,156,156,167,167,187,187],"floor_reached":28,"playtime":1247,"items_purged":["Strike_G","Defend_G"],"score":346,"play_id":"2c177b7b-2849-45b2-be22-61498fc792d6","local_time":"20181228033407","is_ascension_mode":true,"campfire_choices":[{"data":"Caltrops","floor":6,"key":"SMITH"},{"floor":15,"key":"REST"},{"floor":24,"key":"REST"}],"neow_cost":"NONE","seed_source_timestamp":523647721694300,"circlet_count":0,"master_deck":["Defend_G","Defend_G","Defend_G","Survivor","Neutralize","Deadly Poison","Caltrops+1","Acrobatics","All Out Attack","Apotheosis","Corpse Explosion","Bite","Bite","Bite","Bite","Bite","Bouncing Flask","Bouncing Flask"],"relics":["Ring of the Snake","Ancient Tea Set","SsserpentHead","Bronze Scales","Whetstone","Oddly Smooth Stone","Lizard Tail","Paper Crane","Matryoshka"],"potions_floor_usage":[11,16,22,28,28],"damage_taken":[{"damage":3,"enemies":"Jaw Worm","floor":1,"turns":5},{"damage":1,"enemies":"Cultist","floor":3,"turns":3},{"damage":19,"enemies":"Lagavulin","floor":8,"turns":7},{"damage":0,"enemies":"Small Slimes","floor":11,"turns":2},{"damage":7,"enemies":"Exordium Thugs","floor":12,"turns":3},{"damage":0,"enemies":"2 Fungi Beasts","floor":13,"turns":2},{"damage":32,"enemies":"Hexaghost","floor":16,"turns":8},{"damage":22,"enemies":"Spheric Guardian","floor":18,"turns":6},{"damage":12,"enemies":"Shell Parasite","floor":22,"turns":6},{"damage":36,"enemies":"Book of Stabbing","floor":23,"turns":6},{"damage":6,"enemies":"3 Cultists","floor":25,"turns":3},{"damage":30,"enemies":"Snake Plant","floor":27,"turns":3},{"damage":63,"enemies":"Gremlin Leader","floor":28,"turns":5}],"seed_played":"-6866068866112851926","potions_obtained":[{"floor":1,"key":"Explosive Potion"},{"floor":11,"key":"Explosive Potion"},{"floor":13,"key":"Weak Potion"},{"floor":18,"key":"SpeedPotion"},{"floor":27,"key":"Regen Potion"}],"is_trial":false,"path_per_floor":["M","?","M","?","?","R","$","E","T","?","M","M","M","$","R","B",null,"M","?","$","?","M","E","R","M","T","M","E"],"character_chosen":"THE_SILENT","items_purchased":["Bronze Scales","Apotheosis"],"campfire_rested":2,"item_purchase_floors":[7,14],"current_hp_per_floor":[60,60,59,59,52,52,52,33,33,33,33,26,26,26,47,15,56,34,34,34,34,40,19,33,39,39,15,0],"gold":187,"neow_bonus":"RANDOM_COMMON_RELIC","is_prod":false,"is_daily":false,"chose_seed":false,"campfire_upgraded":1,"win_rate":0,"timestamp":1545964447,"path_taken":["M","?","?","?","?","R","$","E","T","?","?","M","M","$","R","BOSS","M","?","$","?","M","E","R","M","T","M","E"],"build_version":"2018-12-20","purchased_purges":2,"victory":false,"max_hp_per_floor":[70,70,70,70,70,70,70,70,70,70,70,70,70,70,70,70,70,70,70,70,49,49,49,49,49,49,49,49],"card_choices":[{"not_picked":["Slice","Heel Hook"],"picked":"Deadly Poison","floor":1},{"not_picked":["Masterful Stab","Quick Slash"],"picked":"Caltrops","floor":3},{"not_picked":["Finisher","Underhanded Strike"],"picked":"Acrobatics","floor":8},{"not_picked":["Heel Hook","Prepared"],"picked":"All Out Attack","floor":11},{"not_picked":["Cloak And Dagger","Dagger Throw","Dodge and Roll"],"picked":"SKIP","floor":12},{"not_picked":["Riddle With Holes","Acrobatics","Dagger Throw"],"picked":"SKIP","floor":13},{"not_picked":["Malaise","Burst"],"picked":"Corpse Explosion","floor":16},{"not_picked":["Quick Slash","Cloak And Dagger+1","Predator"],"picked":"SKIP","floor":18},{"not_picked":["Dagger Spray+1","Acrobatics"],"picked":"Bouncing Flask","floor":22},{"not_picked":["Blade Dance","Dodge and Roll","Unload"],"picked":"SKIP","floor":23},{"not_picked":["Underhanded Strike+1","Concentrate","Backflip"],"picked":"SKIP","floor":25},{"not_picked":["Blade Dance","Escape Plan"],"picked":"Bouncing Flask","floor":27}],"player_experience":1065074,"relics_obtained":[{"floor":8,"key":"Whetstone"},{"floor":9,"key":"Oddly Smooth Stone"},{"floor":23,"key":"Paper Crane"},{"floor":26,"key":"Matryoshka"}],"event_choices":[{"damage_healed":0,"gold_gain":0,"player_choice":"Trade","damage_taken":0,"relics_obtained":["SsserpentHead"],"max_hp_gain":0,"max_hp_loss":0,"event_name":"FaceTrader","floor":2,"gold_loss":0},{"damage_healed":0,"gold_gain":0,"player_choice":"Left Gold","damage_taken":0,"max_hp_gain":0,"max_hp_loss":0,"event_name":"World of Goop","floor":4,"gold_loss":35},{"cards_removed":["Strike_G"],"damage_healed":0,"gold_gain":0,"player_choice":"Card Removal","damage_taken":7,"max_hp_gain":0,"max_hp_loss":0,"event_name":"Golden Wing","floor":5,"gold_loss":0},{"cards_removed":["Strike_G"],"damage_healed":0,"gold_gain":0,"player_choice":"Offered Basic","damage_taken":0,"max_hp_gain":0,"max_hp_loss":0,"event_name":"Bonfire Elementals","floor":10,"gold_loss":0},{"cards_removed":["Defend_G"],"damage_healed":0,"gold_gain":0,"player_choice":"Gave Gold","damage_taken":0,"max_hp_gain":0,"max_hp_loss":0,"event_name":"Beggar","floor":19,"gold_loss":75},{"damage_healed":0,"gold_gain":0,"player_choice":"Became a vampire","damage_taken":0,"max_hp_gain":0,"max_hp_loss":21,"event_name":"Vampires","floor":21,"gold_loss":0,"cards_obtained":["Bite","Bite","Bite","Bite","Bite"]}],"is_beta":false,"boss_relics":[{"not_picked":["Snecko Eye","White Beast Statue"],"picked":"Lizard Tail"}],"items_purged_floors":[7,20],"is_endless":false,"potions_floor_spawned":[1,11,13,18,27],"killed_by":"Gremlin Leader","ascension_level":7}