{"gold_per_floor":[111,126,103,120,73,73,83,118,141,141,141,160,160,186,198,210],"floor_reached":16,"playtime":500,"items_purged":[],"score":163,"play_id":"0d738dce-0a78-4fc2-8c9a-9de3fccc8bdb","local_time":"20190504230831","is_ascension_mode":true,"campfire_choices":[{"data":"Conserve Battery","floor":6,"key":"SMITH"},{"floor":15,"key":"REST"}],"neow_cost":"NONE","seed_source_timestamp":95268839404600,"circlet_count":0,"master_deck":["AscendersBane","Strike_B","Strike_B","Strike_B","Strike_B","Defend_B","Defend_B","Defend_B","Defend_B","Zap","Dualcast","Gash","Self Repair","Conserve Battery+1","Steam","FTL","Parasite"],"relics":["Cracked Core","NeowsBlessing","DataDisk","Lantern","MawBank"],"potions_floor_usage":[7,8,16,16],"damage_taken":[{"damage":0,"enemies":"Cultist","floor":1,"turns":1},{"damage":0,"enemies":"Small Slimes","floor":2,"turns":1},{"damage":0,"enemies":"Jaw Worm","floor":4,"turns":1},{"damage":10,"enemies":"Gremlin Gang","floor":7,"turns":5},{"damage":27,"enemies":"Gremlin Nob","floor":8,"turns":5},{"damage":29,"enemies":"Exordium Wildlife","floor":12,"turns":5},{"damage":1,"enemies":"2 Fungi Beasts","floor":14,"turns":4},{"damage":60,"enemies":"Hexaghost","floor":16,"turns":10}],"seed_played":"-6255861128381288574","potions_obtained":[{"floor":1,"key":"Block Potion"},{"floor":2,"key":"AttackPotion"},{"floor":8,"key":"FearPotion"},{"floor":12,"key":"Swift Potion"}],"is_trial":false,"path_per_floor":["M","M","$","M","$","R","M","E","T","$","?","M","?","M","R","B"],"character_chosen":"DEFECT","items_purchased":["Conserve Battery","Steam"],"campfire_rested":1,"item_purchase_floors":[3,5],"current_hp_per_floor":[68,68,68,68,68,68,65,45,45,45,63,41,29,35,57,0],"gold":210,"neow_bonus":"THREE_ENEMY_KILL","is_prod":false,"is_daily":false,"chose_seed":false,"campfire_upgraded":1,"win_rate":0,"timestamp":1557004111,"path_taken":["M","?","?","M","$","R","?","E","T","?","?","M","?","M","R","BOSS"],"build_version":"2019-01-23","purchased_purges":0,"victory":false,"max_hp_per_floor":[75,75,75,75,75,75,75,75,75,75,75,75,75,75,75,75],"card_choices":[{"not_picked":["Aggregate","Beam Cell"],"picked":"Gash","floor":1},{"not_picked":["Doom and Gloom","Aggregate"],"picked":"Self Repair","floor":2},{"not_picked":["Steam Power","Turbo","Streamline"],"picked":"SKIP","floor":4},{"not_picked":["Ball Lightning","Reinforced Body"],"picked":"FTL","floor":7},{"not_picked":["Leap","Steam Power","Static Discharge"],"picked":"SKIP","floor":8},{"not_picked":["Stack","Steam","Undo"],"picked":"SKIP","floor":12},{"not_picked":["Ball Lightning","Redo","Melter"],"picked":"SKIP","floor":14}],"player_experience":1805274,"relics_obtained":[{"floor":8,"key":"DataDisk"},{"floor":9,"key":"Lantern"}],"event_choices":[{"damage_healed":18,"gold_gain":0,"player_choice":"Healed and dodged fight","damage_taken":0,"max_hp_gain":0,"max_hp_loss":0,"event_name":"Mushrooms","floor":11,"gold_loss":0,"cards_obtained":["Parasite"]},{"damage_healed":0,"gold_gain":0,"player_choice":"Success","damage_taken":12,"relics_obtained":["MawBank"],"max_hp_gain":0,"max_hp_loss":0,"event_name":"Scrap Ooze","floor":13,"gold_loss":0}],"is_beta":false,"boss_relics":[],"items_purged_floors":[],"is_endless":false,"potions_floor_spawned":[1,2,8,12],"killed_by":"Hexaghost","ascension_level":12}