{"gold_per_floor":[118,137,154,171,185,185,217,217,271,287,287,318,418,453,453,555,555,567,567],"floor_reached":19,"playtime":762,"items_purged":[],"score":198,"play_id":"fc7f2ba4-d01d-4647-a216-bc88cc3e1c7b","local_time":"20190514012718","is_ascension_mode":true,"campfire_choices":[{"data":"Inflame","floor":6,"key":"SMITH"},{"floor":11,"key":"REST"},{"floor":15,"key":"REST"}],"neow_cost":"NONE","seed_source_timestamp":131237865137231,"circlet_count":0,"master_deck":["Strike_R","Strike_R","Strike_R","Strike_R","Defend_R","Defend_R","Defend_R","Defend_R","Bash","Inflame+1","Infernal Blade","Armaments","Pommel Strike","Spot Weakness","Seeing Red","Flame Barrier","Cleave","Ghostly Armor","Barricade","Sever Soul+1"],"relics":["Burning Blood","Red Skull","Champion Belt","Omamori","Shuriken","Ancient Tea Set","Runic Pyramid"],"potions_floor_usage":[14,18],"damage_taken":[{"damage":6,"enemies":"Cultist","floor":1,"turns":3},{"damage":15,"enemies":"Jaw Worm","floor":2,"turns":4},{"damage":2,"enemies":"2 Louse","floor":3,"turns":2},{"damage":4,"enemies":"2 Fungi Beasts","floor":4,"turns":4},{"damage":4,"enemies":"Exordium Wildlife","floor":5,"turns":4},{"damage":23,"enemies":"Lagavulin","floor":7,"turns":7},{"damage":16,"enemies":"Large Slime","floor":10,"turns":4},{"damage":49,"enemies":"Gremlin Nob","floor":12,"turns":5},{"damage":17,"enemies":"3 Sentries","floor":14,"turns":5},{"damage":9,"enemies":"The Guardian","floor":16,"turns":10},{"damage":26,"enemies":"3 Byrds","floor":18,"turns":4},{"damage":65,"enemies":"Chosen","floor":19,"turns":8}],"seed_played":"1337169971703295970","potions_obtained":[{"floor":1,"key":"LiquidBronze"},{"floor":2,"key":"Fruit Juice"},{"floor":5,"key":"Strength Potion"},{"floor":14,"key":"SkillPotion"},{"floor":18,"key":"EssenceOfSteel"}],"is_trial":false,"path_per_floor":["M","M","M","M","M","R","E","?","T","M","R","E","?","E","R","B",null,"M","M"],"character_chosen":"IRONCLAD","items_purchased":[],"campfire_rested":2,"item_purchase_floors":[],"current_hp_per_floor":[80,71,75,77,79,79,62,55,55,45,69,26,26,20,45,42,85,65,0],"gold":567,"neow_bonus":"RANDOM_COMMON_RELIC","is_prod":false,"is_daily":false,"chose_seed":false,"campfire_upgraded":1,"win_rate":0,"timestamp":1557811638,"path_taken":["M","?","?","M","M","R","E","?","T","M","R","E","?","E","R","BOSS","M","M"],"build_version":"2019-01-23","purchased_purges":0,"victory":false,"max_hp_per_floor":[80,80,80,80,80,80,80,80,80,80,80,80,80,85,85,85,85,85,85],"card_choices":[{"not_picked":["Sever Soul","Perfected Strike"],"picked":"Inflame","floor":1},{"not_picked":["Second Wind","Wild Strike"],"picked":"Infernal Blade","floor":2},{"not_picked":["Metallicize","Sever Soul"],"picked":"Armaments","floor":3},{"not_picked":["Flex","Second Wind"],"picked":"Pommel Strike","floor":4},{"not_picked":["Evolve","Flex"],"picked":"Spot Weakness","floor":5},{"not_picked":["Clothesline","Dropkick"],"picked":"Seeing Red","floor":7},{"not_picked":["Bludgeon","Pummel"],"picked":"Flame Barrier","floor":10},{"not_picked":["Bloodletting","Headbutt"],"picked":"Cleave","floor":12},{"not_picked":["Rampage","Havoc"],"picked":"Ghostly Armor","floor":14},{"not_picked":["Double Tap","Bludgeon"],"picked":"Barricade","floor":16},{"not_picked":["Heavy Blade","Rampage"],"picked":"Sever Soul+1","floor":18}],"player_experience":60815,"relics_obtained":[{"floor":7,"key":"Champion Belt"},{"floor":9,"key":"Omamori"},{"floor":12,"key":"Shuriken"},{"floor":14,"key":"Ancient Tea Set"}],"event_choices":[{"cards_removed":["Strike_R"],"damage_healed":0,"gold_gain":0,"player_choice":"Card Removal","damage_taken":7,"max_hp_gain":0,"max_hp_loss":0,"event_name":"Golden Wing","floor":8,"gold_loss":0},{"damage_healed":0,"gold_gain":100,"player_choice":"Pray","damage_taken":0,"max_hp_gain":0,"max_hp_loss":0,"event_name":"Golden Shrine","floor":13,"gold_loss":0}],"is_beta":false,"boss_relics":[{"not_picked":["Black Star","Sozu"],"picked":"Runic Pyramid"}],"items_purged_floors":[],"is_endless":false,"potions_floor_spawned":[1,2,5,12,14,18],"killed_by":"Chosen","ascension_level":1}