{"gold_per_floor":[111,111,111,121,98,98,124,124,154,154,169,169,244,258,258,335,335,347,287,387,407,421,421,437,437,437,437,452,452],"floor_reached":29,"playtime":943,"items_purged":["Doubt"],"score":422,"play_id":"c5783f9f-5884-43cb-aeb5-3af3b2e5be10","local_time":"20190414003032","is_ascension_mode":true,"campfire_choices":[{"data":"Cleave","floor":6,"key":"SMITH"},{"data":"Fire Breathing","floor":8,"key":"SMITH"},{"data":"Carnage","floor":10,"key":"SMITH"},{"floor":15,"key":"REST"},{"floor":23,"key":"REST"},{"floor":25,"key":"REST"},{"floor":27,"key":"REST"}],"neow_cost":"NONE","seed_source_timestamp":258529618826900,"circlet_count":0,"master_deck":["AscendersBane","Strike_R","Strike_R","Strike_R","Strike_R","Strike_R","Defend_R","Defend_R","Defend_R","Defend_R","Bash+1","Fire Breathing+1","Infernal Blade","Cleave+1","Carnage+1","Headbutt","Immolate","Shame","Writhe","Warcry+1","Intimidate","True Grit+1"],"relics":["Burning Blood","NeowsBlessing","Pen Nib","Tiny Chest","Calling Bell","Bronze Scales","The Courier","Dead Branch","Bag of Marbles"],"potions_floor_usage":[16,18,24,28],"damage_taken":[{"damage":0,"enemies":"2 Louse","floor":1,"turns":1},{"damage":0,"enemies":"Cultist","floor":4,"turns":1},{"damage":0,"enemies":"Gremlin Nob","floor":7,"turns":1},{"damage":9,"enemies":"Jaw Worm","floor":11,"turns":2},{"damage":12,"enemies":"Looter","floor":14,"turns":3},{"damage":66,"enemies":"The Guardian","floor":16,"turns":9},{"damage":39,"enemies":"2 Thieves","floor":18,"turns":3},{"damage":8,"enemies":"3 Byrds","floor":21,"turns":2},{"damage":15,"enemies":"Centurion and Healer","floor":22,"turns":4},{"damage":29,"enemies":"3 Cultists","floor":24,"turns":5},{"damage":41,"enemies":"Sentry and Sphere","floor":28,"turns":5},{"damage":32,"enemies":"Shelled Parasite and Fungi","floor":29,"turns":4}],"seed_played":"7872143959987587940","potions_obtained":[{"floor":7,"key":"Strength Potion"},{"floor":14,"key":"Regen Potion"},{"floor":22,"key":"Weak Potion"},{"floor":24,"key":"Strength Potion"}],"is_trial":false,"path_per_floor":["M","?","$","M","$","R","E","R","T","R","M","$","?","M","R","B",null,"M","$","?","M","M","R","M","R","T","R","M","M"],"character_chosen":"IRONCLAD","items_purchased":["Cleave"],"campfire_rested":4,"item_purchase_floors":[5],"current_hp_per_floor":[74,74,74,75,75,75,75,75,75,75,72,72,61,55,75,15,60,32,32,32,30,21,43,20,42,42,64,29,0],"gold":452,"neow_bonus":"THREE_ENEMY_KILL","is_prod":false,"is_daily":false,"chose_seed":false,"campfire_upgraded":3,"win_rate":0,"timestamp":1555194632,"path_taken":["M","?","?","M","$","R","E","R","T","R","M","?","?","M","R","BOSS","M","$","?","?","M","R","M","R","T","R","?","M"],"build_version":"2019-01-23","purchased_purges":1,"victory":false,"max_hp_per_floor":[75,75,75,75,75,75,75,75,75,75,75,75,75,75,75,75,75,75,75,75,75,75,75,75,75,75,75,75,75],"card_choices":[{"not_picked":["Thunderclap","Iron Wave"],"picked":"Fire Breathing","floor":1},{"not_picked":["Headbutt","Thunderclap"],"picked":"Infernal Blade","floor":4},{"not_picked":["Thunderclap","Clothesline"],"picked":"Carnage","floor":7},{"not_picked":["Warcry","Wild Strike","Cleave"],"picked":"SKIP","floor":11},{"not_picked":["Perfected Strike","Metallicize"],"picked":"Headbutt","floor":14},{"not_picked":["Barricade","Dark Embrace"],"picked":"Immolate","floor":16},{"not_picked":["Pommel Strike","Anger"],"picked":"Warcry+1","floor":18},{"not_picked":["Armaments","Ghostly Armor+1"],"picked":"Intimidate","floor":21},{"not_picked":["Heavy Blade","Pummel","Corruption"],"picked":"SKIP","floor":22},{"not_picked":["Wild Strike","Bludgeon","Inflame"],"picked":"SKIP","floor":24},{"not_picked":["Sword Boomerang","Headbutt"],"picked":"True Grit+1","floor":28}],"player_experience":1692488,"relics_obtained":[{"floor":7,"key":"Pen Nib"},{"floor":9,"key":"Tiny Chest"},{"floor":17,"key":"Bronze Scales"},{"floor":17,"key":"The Courier"},{"floor":17,"key":"Dead Branch"},{"floor":26,"key":"Bag of Marbles"}],"event_choices":[{"damage_healed":0,"gold_gain":0,"player_choice":"Upgraded","damage_taken":0,"max_hp_gain":0,"max_hp_loss":0,"event_name":"Upgrade Shrine","floor":2,"gold_loss":0,"cards_upgraded":["Bash"]},{"damage_healed":0,"gold_gain":75,"player_choice":"Gather Gold","damage_taken":11,"max_hp_gain":0,"max_hp_loss":0,"event_name":"World of Goop","floor":13,"gold_loss":0},{"damage_healed":0,"gold_gain":100,"player_choice":"Pray","damage_taken":0,"max_hp_gain":0,"max_hp_loss":0,"event_name":"Golden Shrine","floor":20,"gold_loss":0}],"is_beta":false,"boss_relics":[{"not_picked":["Velvet Choker","Eternal Feather"],"picked":"Calling Bell"}],"items_purged_floors":[19],"is_endless":false,"potions_floor_spawned":[7,14,22,24],"killed_by":"Shelled Parasite and Fungi","ascension_level":14}