{"gold_per_floor":[119,119,130,140,13,42,42,42,68,68,68,143,143,157,157,282,282,302,327,16,16,16,50,50,50,95,110,110,126,149,173,173,173],"floor_reached":33,"playtime":2593,"items_purged":["Strike_R","Strike_R"],"score":265,"play_id":"f43b1cfb-dbef-4080-9a9a-06c7f590d1ab","local_time":"20190205201118","is_ascension_mode":false,"campfire_choices":[{"data":"Armaments","floor":7.0,"key":"SMITH"},{"data":"Feel No Pain","floor":11.0,"key":"SMITH"},{"floor":13.0,"key":"REST"},{"data":"True Grit","floor":15.0,"key":"SMITH"},{"floor":24.0,"key":"REST"},{"data":"Limit Break","floor":28.0,"key":"SMITH"},{"floor":32,"key":"REST"}],"neow_cost":"NONE","seed_source_timestamp":0,"circlet_count":0,"master_deck":["Strike_R+1","Strike_R+1","Strike_R+1","Defend_R+1","Defend_R+1","Defend_R+1","Defend_R+1","Bash","Armaments+1","Flex","Feel No Pain+1","True Grit+1","Offering","Flame Barrier","Pommel Strike","Entrench","Whirlwind","Armaments","Seeing Red","Iron Wave+1","Limit Break+1","Heavy Blade","Headbutt","Disarm"],"special_seed":0,"relics":["Burning Blood","Bronze Scales","War Paint","Gremlin Horn","Bag of Marbles","Golden Idol","Orrery","Strawberry","FaceOfCleric","Art of War"],"potions_floor_usage":[],"damage_taken":[{"damage":0.0,"enemies":"2 Louse","floor":1.0,"turns":3.0},{"damage":0.0,"enemies":"Cultist","floor":3.0,"turns":4.0},{"damage":2.0,"enemies":"Small Slimes","floor":4.0,"turns":3.0},{"damage":3.0,"enemies":"3 Sentries","floor":6.0,"turns":14.0},{"damage":1.0,"enemies":"3 Louse","floor":14.0,"turns":2.0},{"damage":33.0,"enemies":"Slime Boss","floor":16.0,"turns":16.0},{"damage":13.0,"enemies":"Shell Parasite","floor":18.0,"turns":8.0},{"damage":28.0,"enemies":"Chosen","floor":19.0,"turns":6.0},{"damage":43.0,"enemies":"Slavers","floor":23.0,"turns":8.0},{"damage":13.0,"enemies":"Centurion and Healer","floor":27.0,"turns":8.0},{"damage":6.0,"enemies":"Chosen and Byrds","floor":29.0,"turns":6.0},{"damage":24,"enemies":"Snecko","floor":30,"turns":7},{"damage":7,"enemies":"Snake Plant","floor":31,"turns":4},{"damage":61,"enemies":"Automaton","floor":33,"turns":6}],"seed_played":"-2728542860824061080","potions_obtained":[{"floor":6.0,"key":"PowerPotion"},{"floor":14.0,"key":"Explosive Potion"},{"floor":18.0,"key":"SkillPotion"},{"floor":27.0,"key":"Strength Potion"},{"floor":29.0,"key":"Poison Potion"}],"is_trial":false,"path_per_floor":["M","?","M","M","$","E","R","?","T","?","R","?","R","M","R","B",null,"M","M","$","?","$","E","R","?","T","M","R","M","M","M","R","B"],"character_chosen":"IRONCLAD","items_purchased":["True Grit","Limit Break","Heavy Blade"],"campfire_rested":3,"item_purchase_floors":[5,20,20],"current_hp_per_floor":[80,80,80,80,80,80,80,80,80,60,60,49,73,78,78,51,80,73,51,51,51,51,21,47,47,47,41,41,42,25,25,52,0],"gold":173,"neow_bonus":"RANDOM_COMMON_RELIC","is_prod":false,"is_daily":false,"chose_seed":false,"campfire_upgraded":4,"win_rate":0,"timestamp":1549426278,"path_taken":["M","?","?","M","$","E","R","?","T","?","R","?","R","M","R","BOSS","M","M","$","?","$","E","R","?","T","M","R","?","M","M","R","BOSS"],"build_version":"2019-01-23","purchased_purges":2,"victory":false,"max_hp_per_floor":[80,80,80,80,80,80,80,80,80,80,80,80,80,80,80,80,80,80,80,80,80,80,87,87,87,87,88,88,89,90,91,91,91],"card_choices":[{"not_picked":["True Grit","Power Through"],"picked":"Armaments","floor":1.0},{"not_picked":["Searing Blow","Twin Strike"],"picked":"Flex","floor":3.0},{"not_picked":["Entrench","Twin Strike"],"picked":"Feel No Pain","floor":4.0},{"not_picked":["Rage","Warcry","Corruption"],"picked":"SKIP","floor":6.0},{"not_picked":["Flex","Sever Soul","Dual Wield"],"picked":"SKIP","floor":14.0},{"not_picked":["Reaper","Fiend Fire"],"picked":"Offering","floor":16.0},{"not_picked":["Fire Breathing","Body Slam"],"picked":"Flame Barrier","floor":17.0},{"not_picked":["Cleave","Blood for Blood"],"picked":"Pommel Strike","floor":17.0},{"not_picked":["Twin Strike","Sword Boomerang"],"picked":"Entrench","floor":17.0},{"not_picked":["Warcry","Dual Wield"],"picked":"Whirlwind","floor":17.0},{"not_picked":["Shockwave","Iron Wave"],"picked":"Armaments","floor":17.0},{"not_picked":["Clash","Shockwave"],"picked":"Seeing Red","floor":18.0},{"not_picked":["Rupture","Warcry"],"picked":"Iron Wave+1","floor":19.0},{"not_picked":["Cleave","Clothesline+1","Iron Wave"],"picked":"SKIP","floor":23.0},{"not_picked":["Heavy Blade","Sword Boomerang"],"picked":"Headbutt","floor":27.0},{"not_picked":["Sword Boomerang+1","Limit Break","Clothesline"],"picked":"SKIP","floor":29.0},{"not_picked":["Evolve","Sentinel","Twin Strike+1"],"picked":"SKIP","floor":30},{"not_picked":["Clothesline","Dual Wield"],"picked":"Disarm","floor":31}],"player_experience":198086,"relics_obtained":[{"floor":2.0,"key":"War Paint"},{"floor":6.0,"key":"Gremlin Horn"},{"floor":9.0,"key":"Bag of Marbles"},{"floor":23.0,"key":"Strawberry"},{"floor":26.0,"key":"Art of War"}],"event_choices":[{"damage_healed":0.0,"max_hp_gain":0.0,"max_hp_loss":0.0,"gold_gain":0.0,"event_name":"Wheel of Change","player_choice":"Relic","floor":2.0,"gold_loss":0.0,"damage_taken":0.0},{"damage_healed":0.0,"max_hp_gain":0.0,"max_hp_loss":0.0,"gold_gain":0.0,"event_name":"The Cleric","player_choice":"Leave","floor":8.0,"gold_loss":0.0,"damage_taken":0.0},{"damage_healed":0.0,"max_hp_gain":0.0,"max_hp_loss":0.0,"gold_gain":0.0,"event_name":"Golden Idol","player_choice":"Take Damage","floor":10.0,"gold_loss":0.0,"damage_taken":20.0,"relics_obtained":["Golden Idol"]},{"damage_healed":0.0,"max_hp_gain":0.0,"max_hp_loss":0.0,"gold_gain":75.0,"event_name":"World of Goop","player_choice":"Gather Gold","floor":12.0,"gold_loss":0.0,"damage_taken":11.0},{"damage_healed":0.0,"max_hp_gain":0.0,"max_hp_loss":0.0,"gold_gain":0.0,"event_name":"Back to Basics","player_choice":"Simplicity","floor":21.0,"gold_loss":0.0,"damage_taken":0.0,"cards_upgraded":["Strike_R","Strike_R","Strike_R","Defend_R","Defend_R"]},{"damage_healed":0.0,"max_hp_gain":0.0,"max_hp_loss":0.0,"gold_gain":0.0,"event_name":"FaceTrader","player_choice":"Trade","floor":25.0,"gold_loss":0.0,"damage_taken":0.0,"relics_obtained":["FaceOfCleric"]}],"is_beta":false,"boss_relics":[{"not_picked":["Eternal Feather","Empty Cage"],"picked":"Orrery"}],"items_purged_floors":[5,20],"is_endless":false,"potions_floor_spawned":[6,14,18,27,29],"killed_by":"Automaton","ascension_level":0}