{"gold_per_floor":[19,29,47,47,58,58,72,72,148,148,215,234,234,251,251,355,355,368,216,216,54,70,87,87,87,87,122,135,155,155,170,170,267,267,284,284,284,384,397,427,427,427,427,427,108,128,4,16,16,16,16,16,16,41,41],"floor_reached":55,"playtime":5888,"items_purged":["Strike_R","Strike_R"],"score":684,"play_id":"8bea2afa-04fb-4e22-b74c-fb269a139945","local_time":"20190504001716","is_ascension_mode":false,"campfire_choices":[{"data":"Bash","floor":6,"key":"SMITH"},{"data":"Flame Barrier","floor":8,"key":"SMITH"},{"data":"Shrug It Off","floor":10,"key":"SMITH"},{"data":"Defend_R","floor":15,"key":"SMITH"},{"floor":24,"key":"REST"},{"data":"Limit Break","floor":32,"key":"SMITH"},{"data":"Barricade","floor":42,"key":"SMITH"},{"floor":49,"key":"RECALL"},{"data":"Metallicize","floor":52,"key":"SMITH"}],"neow_cost":"NO_GOLD","seed_source_timestamp":1310824089321361,"circlet_count":0,"master_deck":["Strike_R+1","Strike_R","Strike_R+1","Defend_R","Defend_R","Defend_R","Defend_R+1","Bash+1","Battle Trance","Battle Trance","Shrug It Off+1","Flame Barrier+1","Offering","Impervious","Dropkick+1","Flame Barrier+1","Twin Strike+1","Limit Break+1","Shrug It Off","Barricade+1","Metallicize+1","Madness","Intimidate+1","Body Slam+1","Madness","Madness","Burning Pact","True Grit+1"],"relics":["Black Blood","Mango","Matryoshka","Vajra","MutagenicStrength","Meat on the Bone","Juzu Bracelet","Art of War","Runic Pyramid","Du-Vu Doll","Gambling Chip","Whetstone","Membership Card","Oddly Smooth Stone","Bronze Scales","Blood Vial"],"potions_floor_usage":[14,16,18,29,33,33,54,55,55,55],"damage_taken":[{"damage":8,"enemies":"Small Slimes","floor":1,"turns":3},{"damage":10,"enemies":"Cultist","floor":2,"turns":4},{"damage":6,"enemies":"Jaw Worm","floor":3,"turns":3},{"damage":15,"enemies":"Looter","floor":5,"turns":3},{"damage":6,"enemies":"Blue Slaver","floor":7,"turns":4},{"damage":1,"enemies":"Exordium Wildlife","floor":12,"turns":6},{"damage":0,"enemies":"Gremlin Gang","floor":14,"turns":2},{"damage":47,"enemies":"The Guardian","floor":16,"turns":16},{"damage":35,"enemies":"2 Thieves","floor":18,"turns":4},{"damage":16,"enemies":"3 Byrds","floor":22,"turns":5},{"damage":41,"enemies":"Shelled Parasite and Fungi","floor":23,"turns":11},{"damage":24,"enemies":"Book of Stabbing","floor":27,"turns":8},{"damage":26,"enemies":"Sentry and Sphere","floor":28,"turns":14},{"damage":5,"enemies":"Snake Plant","floor":29,"turns":4},{"damage":25,"enemies":"Centurion and Healer","floor":31,"turns":12},{"damage":61,"enemies":"Champ","floor":33,"turns":17},{"damage":6,"enemies":"3 Shapes","floor":35,"turns":9},{"damage":6,"enemies":"Mind Bloom Boss Battle","floor":38,"turns":13},{"damage":8,"enemies":"Orb Walker","floor":39,"turns":5},{"damage":18,"enemies":"Nemesis","floor":40,"turns":11},{"damage":0,"enemies":"Maw","floor":46,"turns":8},{"damage":6,"enemies":"Transient","floor":48,"turns":5},{"damage":14,"enemies":"Time Eater","floor":50,"turns":13},{"damage":80,"enemies":"Shield and Spear","floor":54,"turns":9},{"damage":68,"enemies":"The Heart","floor":55,"turns":9}],"seed_played":"6795322951024021460","potions_obtained":[{"floor":1,"key":"Weak Potion"},{"floor":2,"key":"BloodPotion"},{"floor":3,"key":"Dexterity Potion"},{"floor":4,"key":"Explosive Potion"},{"floor":14,"key":"Explosive Potion"},{"floor":16,"key":"Regen Potion"},{"floor":22,"key":"EssenceOfSteel"},{"floor":29,"key":"BloodPotion"},{"floor":39,"key":"Regen Potion"},{"floor":46,"key":"BloodPotion"},{"floor":48,"key":"Energy Potion"},{"floor":54,"key":"AttackPotion"}],"is_trial":false,"path_per_floor":["M","M","M","?","M","R","M","R","T","R","?","M","?","M","R","B",null,"M","$","?","$","M","M","R","?","T","E","M","M","?","M","R","B",null,"M","?","?","?","M","E","?","R","T","?","$","M","$","M","R","B",null,"R","$","E","B"],"character_chosen":"IRONCLAD","items_purchased":["Vajra","Impervious","Membership Card","Oddly Smooth Stone","Bronze Scales"],"campfire_rested":1,"item_purchase_floors":[19,21,45,45,47],"current_hp_per_floor":[92,88,88,88,79,79,79,79,79,79,79,84,84,90,90,49,94,69,69,69,69,63,32,60,60,60,58,54,59,59,56,56,26,94,94,94,94,94,94,86,74,74,74,74,74,84,84,88,88,84,94,94,94,48,0],"gold":41,"neow_bonus":"ONE_RARE_RELIC","is_prod":false,"is_daily":false,"chose_seed":false,"campfire_upgraded":7,"win_rate":0,"timestamp":1556947036,"path_taken":["M","M","M","?","?","R","M","R","T","R","?","M","?","M","R","BOSS","M","$","?","$","M","M","R","?","T","E","M","M","?","M","R","BOSS","M","?","?","?","M","E","?","R","T","?","?","M","$","M","R","BOSS","R","$","E","BOSS"],"build_version":"2019-01-23","purchased_purges":2,"victory":false,"max_hp_per_floor":[94,94,94,94,94,94,94,94,94,94,94,94,94,94,94,94,94,94,94,94,94,94,94,94,94,94,94,94,94,94,94,94,94,94,94,94,94,94,94,94,94,94,94,94,94,94,94,94,94,94,94,94,94,94,94],"card_choices":[{"not_picked":["Second Wind","Headbutt"],"picked":"Battle Trance","floor":1},{"not_picked":["Dropkick","Entrench","Sword Boomerang"],"picked":"SKIP","floor":2},{"not_picked":["Power Through","Searing Blow"],"picked":"Battle Trance","floor":3},{"not_picked":["Whirlwind","Thunderclap"],"picked":"Shrug It Off","floor":5},{"not_picked":["Entrench","Iron Wave"],"picked":"Flame Barrier","floor":7},{"not_picked":["Rage","Entrench","Exhume"],"picked":"SKIP","floor":12},{"not_picked":["Havoc","Second Wind","Clash"],"picked":"SKIP","floor":14},{"not_picked":["Brutality","Berserk"],"picked":"Offering","floor":16},{"not_picked":["Searing Blow","Clash+1","Body Slam"],"picked":"SKIP","floor":18},{"not_picked":["Whirlwind","Havoc+1"],"picked":"Dropkick+1","floor":22},{"not_picked":["Bloodletting","Havoc","Wild Strike+1"],"picked":"SKIP","floor":23},{"not_picked":["Armaments","Berserk","Corruption"],"picked":"SKIP","floor":27},{"not_picked":["Warcry","Iron Wave"],"picked":"Twin Strike+1","floor":28},{"not_picked":["Blood for Blood","Wild Strike"],"picked":"Limit Break","floor":29},{"not_picked":["Second Wind","Inflame"],"picked":"Shrug It Off","floor":31},{"not_picked":["Juggernaut","Exhume"],"picked":"Barricade","floor":33},{"not_picked":["Fire Breathing+1","Infernal Blade+1"],"picked":"Metallicize","floor":35},{"not_picked":["Bandage Up","Secret Weapon"],"picked":"Madness","floor":36},{"not_picked":["Clash+1","Second Wind"],"picked":"Intimidate+1","floor":38},{"not_picked":["Heavy Blade","Shrug It Off"],"picked":"Body Slam+1","floor":39},{"not_picked":["Heavy Blade","Clash+1","Sword Boomerang"],"picked":"SKIP","floor":40},{"not_picked":["Spot Weakness","Cleave+1"],"picked":"Burning Pact","floor":46},{"not_picked":["Fiend Fire","Clash+1","Second Wind+1"],"picked":"SKIP","floor":48},{"not_picked":["Warcry","Dropkick"],"picked":"True Grit+1","floor":54}],"player_experience":228179,"relics_obtained":[{"floor":9,"key":"Matryoshka"},{"floor":26,"key":"Meat on the Bone"},{"floor":26,"key":"Juzu Bracelet"},{"floor":27,"key":"Art of War"},{"floor":38,"key":"Du-Vu Doll"},{"floor":40,"key":"Gambling Chip"},{"floor":43,"key":"Whetstone"},{"floor":54,"key":"Blood Vial"}],"event_choices":[{"damage_healed":0,"gold_gain":0,"player_choice":"Got Potions","damage_taken":0,"max_hp_gain":0,"max_hp_loss":0,"event_name":"Lab","floor":4,"gold_loss":0},{"damage_healed":0,"gold_gain":67,"player_choice":"Gained Gold","damage_taken":0,"max_hp_gain":0,"max_hp_loss":0,"event_name":"Golden Wing","floor":11,"gold_loss":0},{"damage_healed":0,"gold_gain":0,"player_choice":"Ignored","damage_taken":0,"max_hp_gain":0,"max_hp_loss":0,"event_name":"Liars Game","floor":13,"gold_loss":0},{"damage_healed":0,"gold_gain":0,"player_choice":"Inject Mutagens","damage_taken":0,"relics_obtained":["MutagenicStrength"],"max_hp_gain":0,"max_hp_loss":0,"event_name":"Drug Dealer","floor":20,"gold_loss":0},{"damage_healed":0,"gold_gain":0,"player_choice":"Copied","damage_taken":0,"max_hp_gain":0,"max_hp_loss":0,"event_name":"Duplicator","floor":25,"gold_loss":0,"cards_obtained":["Flame Barrier"]},{"damage_healed":0,"gold_gain":0,"player_choice":"Ignored","damage_taken":0,"max_hp_gain":0,"max_hp_loss":0,"event_name":"The Mausoleum","floor":30,"gold_loss":0},{"damage_healed":0,"gold_gain":0,"player_choice":"Memory 1","damage_taken":0,"max_hp_gain":0,"max_hp_loss":0,"event_name":"SensoryStone","floor":36,"gold_loss":0},{"damage_healed":0,"gold_gain":0,"player_choice":"Bought 0 Potions","damage_taken":0,"max_hp_gain":0,"max_hp_loss":0,"event_name":"The Woman in Blue","floor":37,"gold_loss":0},{"damage_healed":0,"gold_gain":0,"player_choice":"Fight","damage_taken":0,"max_hp_gain":0,"max_hp_loss":0,"event_name":"MindBloom","floor":38,"gold_loss":0},{"damage_healed":0,"gold_gain":0,"player_choice":"Embrace Madness","damage_taken":12,"max_hp_gain":0,"max_hp_loss":0,"event_name":"Winding Halls","floor":41,"gold_loss":0,"cards_obtained":["Madness","Madness"]},{"damage_healed":0,"gold_gain":0,"player_choice":"Ignored","damage_taken":0,"max_hp_gain":0,"max_hp_loss":0,"event_name":"Tomb of Lord Red Mask","floor":44,"gold_loss":0}],"is_beta":false,"boss_relics":[{"not_picked":["Lizard Tail","Velvet Choker"],"picked":"Black Blood"},{"not_picked":["Coffee Dripper","Astrolabe"],"picked":"Runic Pyramid"}],"items_purged_floors":[45,47],"is_endless":false,"potions_floor_spawned":[1,2,3,14,16,22,27,29,39,46,48,54],"killed_by":"The Heart","ascension_level":0}