{"gold_per_floor":[366,385,41,41,41,41,69,83,83,83],"floor_reached":10,"playtime":274,"items_purged":[],"score":109,"play_id":"404cb28b-f652-4469-8ccb-ad582bc30334","local_time":"20190410215335","is_ascension_mode":true,"campfire_choices":[{"floor":6,"key":"REST"}],"neow_cost":"CURSE","seed_source_timestamp":84822899347300,"circlet_count":0,"master_deck":["AscendersBane","Strike_R","Strike_R","Strike_R","Strike_R","Strike_R","Defend_R","Defend_R","Defend_R","Defend_R","Bash","Writhe","Seeing Red","Burning Pact","Immolate","Blood for Blood"],"relics":["Burning Blood","Toy Ornithopter","Lantern","Paper Frog","Bronze Scales","Potion Belt"],"potions_floor_usage":[2,7],"damage_taken":[{"damage":23,"enemies":"Cultist","floor":1,"turns":6},{"damage":6,"enemies":"2 Louse","floor":2,"turns":2},{"damage":60,"enemies":"Gremlin Nob","floor":7,"turns":6},{"damage":13,"enemies":"Jaw Worm","floor":8,"turns":4},{"damage":20,"enemies":"Large Slime","floor":10,"turns":5}],"seed_played":"-4946966485813240592","potions_obtained":[{"floor":1,"key":"SteroidPotion"},{"floor":2,"key":"Block Potion"},{"floor":8,"key":"LiquidBronze"}],"is_trial":false,"path_per_floor":["M","M","$","?","?","R","E","M","T","M"],"character_chosen":"IRONCLAD","items_purchased":["Toy Ornithopter","Lantern"],"campfire_rested":1,"item_purchase_floors":[3,3],"current_hp_per_floor":[55,55,55,55,48,72,23,16,16,0],"gold":83,"neow_bonus":"TWO_FIFTY_GOLD","is_prod":false,"is_daily":false,"chose_seed":false,"campfire_upgraded":0,"win_rate":0,"timestamp":1554926015,"path_taken":["M","?","$","?","?","R","E","M","T","M"],"build_version":"2019-01-23","purchased_purges":0,"victory":false,"max_hp_per_floor":[80,80,80,80,80,80,80,80,80,80],"card_choices":[{"not_picked":["Carnage","Headbutt"],"picked":"Seeing Red","floor":1},{"not_picked":["Feel No Pain","Shrug It Off"],"picked":"Burning Pact","floor":2},{"not_picked":["Perfected Strike","Clothesline"],"picked":"Immolate","floor":7},{"not_picked":["Body Slam","Armaments"],"picked":"Blood for Blood","floor":8}],"player_experience":1630707,"relics_obtained":[{"floor":7,"key":"Bronze Scales"},{"floor":9,"key":"Potion Belt"}],"event_choices":[{"damage_healed":0,"gold_gain":0,"player_choice":"Box","damage_taken":0,"relics_obtained":["Paper Frog"],"max_hp_gain":0,"max_hp_loss":0,"event_name":"Big Fish","floor":4,"gold_loss":0,"cards_obtained":["Regret"]},{"cards_removed":["Regret"],"damage_healed":0,"gold_gain":0,"player_choice":"Card Removal","damage_taken":7,"max_hp_gain":0,"max_hp_loss":0,"event_name":"Golden Wing","floor":5,"gold_loss":0}],"is_beta":false,"boss_relics":[],"items_purged_floors":[],"is_endless":false,"potions_floor_spawned":[1,2,8],"killed_by":"Large Slime","ascension_level":13}