{"gold_per_floor":[111,36,55,55,55,81,81,110,110,127,139,152,152,180,180,180],"floor_reached":16,"playtime":345,"items_purged":["Strike_B"],"score":340,"play_id":"961e5585-a578-4eb6-8564-c0580bdcf7f3","local_time":"20190513225302","is_ascension_mode":true,"campfire_choices":[{"data":"Coolheaded","floor":7.0,"key":"SMITH"},{"data":"Sunder","floor":13,"key":"SMITH"},{"data":"Heatsinks","floor":15,"key":"SMITH"}],"neow_cost":"NONE","seed_source_timestamp":286851809026349,"circlet_count":0,"master_deck":["AscendersBane","Strike_B","Strike_B","Strike_B","Defend_B","Defend_B","Defend_B","Defend_B","Zap+1","Dualcast+1","Cold Snap","Coolheaded+1","White Noise","Sunder+1","Conserve Battery","Heatsinks+1","Cold Snap+1"],"special_seed":0,"relics":["Cracked Core","NeowsBlessing","Nunchaku","Bag of Marbles","Molten Egg 2","Potion Belt"],"potions_floor_usage":[16,16],"damage_taken":[{"damage":0.0,"enemies":"2 Louse","floor":1.0,"turns":1.0},{"damage":0.0,"enemies":"Cultist","floor":3.0,"turns":1.0},{"damage":0.0,"enemies":"Lagavulin","floor":6.0,"turns":1.0},{"damage":21,"enemies":"3 Sentries","floor":8,"turns":8},{"damage":5,"enemies":"Small Slimes","floor":10,"turns":2},{"damage":0,"enemies":"3 Louse","floor":11,"turns":3},{"damage":0,"enemies":"2 Fungi Beasts","floor":12,"turns":2},{"damage":0,"enemies":"Gremlin Nob","floor":14,"turns":2},{"damage":45,"enemies":"Hexaghost","floor":16,"turns":9}],"seed_played":"-5062618983990425160","potions_obtained":[{"floor":1.0,"key":"SneckoOil"},{"floor":6.0,"key":"Energy Potion"},{"floor":10,"key":"SkillPotion"}],"is_trial":false,"path_per_floor":["M","$","M","?","?","E","R","E","T","M","M","M","R","E","R","B"],"character_chosen":"DEFECT","items_purchased":[],"campfire_rested":0,"item_purchase_floors":[],"current_hp_per_floor":[64,64,64,43,71,71,71,50,50,45,45,45,45,45,45,0],"gold":180,"neow_bonus":"THREE_ENEMY_KILL","is_prod":false,"is_daily":false,"chose_seed":false,"campfire_upgraded":3,"win_rate":0,"timestamp":1557759182,"path_taken":["M","$","M","?","?","E","R","E","T","M","?","M","R","E","R","BOSS"],"build_version":"2019-01-23","purchased_purges":1,"victory":false,"max_hp_per_floor":[71,71,71,71,71,71,71,71,71,71,71,71,71,71,71,71],"card_choices":[{"not_picked":["Sweeping Beam","Leap"],"picked":"Cold Snap","floor":1.0},{"not_picked":["Sweeping Beam","Tempest"],"picked":"Coolheaded","floor":3.0},{"not_picked":["Stack","Steam Power"],"picked":"White Noise","floor":6.0},{"not_picked":["Melter","Force Field"],"picked":"Sunder","floor":8},{"not_picked":["Leap","Conserve Battery","Streamline+1"],"picked":"SKIP","floor":10},{"not_picked":["Leap","Streamline+1"],"picked":"Conserve Battery","floor":10},{"not_picked":["Rip and Tear+1","Aggregate","Streamline+1"],"picked":"SKIP","floor":11},{"not_picked":["Chill","Loop"],"picked":"Heatsinks","floor":12},{"not_picked":["BootSequence","Steam"],"picked":"Cold Snap+1","floor":14}],"player_experience":1657987,"relics_obtained":[{"floor":6.0,"key":"Nunchaku"},{"floor":8,"key":"Bag of Marbles"},{"floor":9,"key":"Molten Egg 2"},{"floor":14,"key":"Potion Belt"}],"event_choices":[{"damage_healed":0.0,"max_hp_gain":0.0,"max_hp_loss":0.0,"gold_gain":0.0,"event_name":"Shining Light","player_choice":"Entered Light","floor":4.0,"gold_loss":0.0,"damage_taken":21.0,"cards_upgraded":["Dualcast","Zap"]},{"damage_healed":28.0,"max_hp_gain":0.0,"max_hp_loss":0.0,"gold_gain":0.0,"event_name":"Wheel of Change","player_choice":"Full Heal","floor":5.0,"gold_loss":0.0,"damage_taken":0.0}],"is_beta":false,"boss_relics":[],"items_purged_floors":[2],"is_endless":false,"potions_floor_spawned":[1,6,8,10,11],"killed_by":"Hexaghost","ascension_level":20}