{"gold_per_floor":[111,186,361,22,40,40,40,50,50,74,74,88,88,102,102,102],"floor_reached":16,"playtime":820,"items_purged":[],"score":104,"play_id":"4bcad669-fa9a-4656-8dbc-902e1d40fd42","local_time":"20181006225130","is_ascension_mode":true,"campfire_choices":[{"floor":6.0,"key":"REST"},{"floor":11,"key":"REST"},{"data":"Hologram","floor":13,"key":"SMITH"},{"data":"Zap","floor":15,"key":"SMITH"}],"neow_cost":"PERCENT_DAMAGE","seed_source_timestamp":0,"circlet_count":0,"master_deck":["Strike_B","Strike_B","Strike_B","Strike_B","Defend_B","Defend_B","Defend_B","Defend_B","Zap+1","Dualcast","Melter","Doubt","Poisoned Stab","Hologram+1","Leap","Calculated Gamble","Pommel Strike"],"special_seed":0,"relics":["Cracked Core","PrismaticShard","Bronze Scales","Bottled Lightning","Odd Mushroom"],"potions_floor_usage":[16],"damage_taken":[{"damage":3.0,"enemies":"2 Louse","floor":1.0,"turns":2.0},{"damage":4.0,"enemies":"Small Slimes","floor":5.0,"turns":2.0},{"damage":7.0,"enemies":"Jaw Worm","floor":8.0,"turns":3.0},{"damage":23.0,"enemies":"The Mushroom Lair","floor":10.0,"turns":4.0},{"damage":0,"enemies":"3 Louse","floor":12,"turns":2},{"damage":6,"enemies":"Blue Slaver","floor":14,"turns":5},{"damage":65,"enemies":"Hexaghost","floor":16,"turns":9}],"seed_played":"-3102939831337101938","potions_obtained":[{"floor":1.0,"key":"FocusPotion"},{"floor":12,"key":"PowerPotion"},{"floor":14,"key":"Explosive Potion"}],"is_trial":false,"path_per_floor":["M","?","?","$","M","R","$","M","T","M","R","M","R","M","R"],"character_chosen":"DEFECT","items_purchased":["PrismaticShard","Bronze Scales"],"campfire_rested":2,"item_purchase_floors":[4,4],"current_hp_per_floor":[62,51,51,51,47,73,73,66,66,43,69,69,69,63,63,0],"gold":102,"neow_bonus":"TWENTY_PERCENT_HP_BONUS","is_prod":false,"is_daily":false,"chose_seed":false,"campfire_upgraded":2,"win_rate":0,"timestamp":1538859090,"path_taken":["M","?","?","$","M","R","$","?","T","?","R","?","R","?","R","BOSS"],"build_version":"2018-10-04v2","purchased_purges":0,"victory":false,"max_hp_per_floor":[89,89,89,89,89,89,89,89,89,89,89,89,89,89,89,89],"card_choices":[{"not_picked":["Steam","Cold Snap"],"picked":"Melter","floor":1.0},{"not_picked":["Pommel Strike","Deadly Poison"],"picked":"Poisoned Stab","floor":5.0},{"not_picked":["Redo","Slice"],"picked":"Hologram","floor":8.0},{"not_picked":["Inflame","Cold Snap"],"picked":"Leap","floor":10},{"not_picked":["Slice","Masterful Stab"],"picked":"Calculated Gamble","floor":12},{"not_picked":["Blood for Blood","Headbutt"],"picked":"Pommel Strike","floor":14}],"player_experience":568870,"relics_obtained":[{"floor":9.0,"key":"Bottled Lightning"},{"floor":10,"key":"Odd Mushroom"}],"event_choices":[{"event_name":"World of Goop","player_choice":"Gather Gold","floor":2.0,"damage_taken":0.0},{"event_name":"Liars Game","player_choice":"agreed","floor":3.0,"damage_taken":0.0},{"event_name":"Mushrooms","player_choice":"Fought Mushrooms","floor":10.0,"damage_taken":0.0}],"is_beta":false,"boss_relics":[],"items_purged_floors":[],"is_endless":false,"potions_floor_spawned":[1,12,14],"killed_by":"Hexaghost","ascension_level":3}