{"gold_per_floor":[11,28,28,38,3,3,18,18,90,165,180,205,221,27,27,126,126,136,61,61,76,76,76,108,108,138,52,72,72,89,115,115,115],"floor_reached":33,"playtime":2087,"items_purged":["Perfected Strike"],"score":453,"play_id":"e0287ecc-6f90-4677-929f-4d80a55e2b31","local_time":"20190123192048","is_ascension_mode":true,"campfire_choices":[{"data":"Strike_R","floor":6,"key":"PURGE"},{"floor":15,"key":"REST"},{"floor":23,"key":"REST"},{"floor":25,"key":"REST"},{"floor":29,"key":"REST"},{"data":"Feed","floor":32,"key":"SMITH"}],"neow_cost":"NO_GOLD","seed_source_timestamp":4383169187499,"circlet_count":0,"master_deck":["AscendersBane","Defend_R","Defend_R","Defend_R","Defend_R","Bash","Battle Trance","Wild Strike","Evolve","Shockwave","True Grit","Flame Barrier","Inflame","Demon Form","Dual Wield","Armaments","Bite","Bite","Bite","Bite","Bite","Spot Weakness","Bandage Up","Anger","Feed+1","Disarm"],"relics":["Burning Blood","Peace Pipe","Centennial Puzzle","Letter Opener","Thread and Needle","Bronze Scales","Mark of Pain","Matryoshka","Tiny Chest","Darkstone Periapt","Du-Vu Doll"],"potions_floor_usage":[12,13,16,16,24,29,31,31,31,31,31],"damage_taken":[{"damage":10,"enemies":"Small Slimes","floor":1,"turns":5},{"damage":13,"enemies":"Jaw Worm","floor":2,"turns":4},{"damage":6,"enemies":"Cultist","floor":4,"turns":3},{"damage":18,"enemies":"Large Slime","floor":7,"turns":4},{"damage":22,"enemies":"Exordium Wildlife","floor":11,"turns":5},{"damage":20,"enemies":"3 Sentries","floor":12,"turns":8},{"damage":0,"enemies":"Looter","floor":13,"turns":3},{"damage":33,"enemies":"Hexaghost","floor":16,"turns":9},{"damage":17,"enemies":"2 Thieves","floor":18,"turns":4},{"damage":27,"enemies":"Colosseum Slavers","floor":20,"turns":5},{"damage":12,"enemies":"Shell Parasite","floor":21,"turns":7},{"damage":39,"enemies":"Gremlin Leader","floor":24,"turns":9},{"damage":30,"enemies":"3 Cultists","floor":28,"turns":5},{"damage":21,"enemies":"Centurion and Healer","floor":30,"turns":8},{"damage":20,"enemies":"Slavers","floor":31,"turns":3},{"damage":80,"enemies":"Automaton","floor":33,"turns":6}],"seed_played":"9138745758369080228","potions_obtained":[{"floor":2,"key":"SpeedPotion"},{"floor":7,"key":"GamblersBrew"},{"floor":12,"key":"Fire Potion"},{"floor":13,"key":"FearPotion"},{"floor":21,"key":"SkillPotion"},{"floor":24,"key":"SpeedPotion"},{"floor":28,"key":"Fruit Juice"},{"floor":30,"key":"EntropicBrew"}],"is_trial":false,"path_per_floor":["?","?","?","M","?","?","$"],"character_chosen":"IRONCLAD","items_purchased":["Bronze Scales","Inflame","Bandage Up"],"campfire_rested":4,"item_purchase_floors":[14,14,27],"current_hp_per_floor":[68,61,49,49,69,69,57,57,57,46,30,16,22,22,46,19,65,54,54,33,27,27,43,38,54,54,54,42,61,61,54,54,0],"gold":115,"neow_bonus":"ONE_RARE_RELIC","is_prod":false,"is_daily":false,"chose_seed":false,"campfire_upgraded":1,"win_rate":0,"timestamp":1548267648,"path_taken":["M","M","?","M","?","R","M","$","T","?","?","E","M","$","R","BOSS","M","$","?","M","?","R","E","R","T","?","M","R","M","E","R","BOSS"],"build_version":"2019-01-23","purchased_purges":1,"victory":false,"max_hp_per_floor":[80,80,80,80,80,80,80,80,80,80,80,80,80,80,80,80,80,80,80,80,80,56,56,56,56,56,56,56,61,61,64,64,64],"card_choices":[{"not_picked":["Shrug It Off","Havoc"],"picked":"Battle Trance","floor":1},{"not_picked":["Iron Wave","Sword Boomerang"],"picked":"Wild Strike","floor":2},{"not_picked":["Hemokinesis","Searing Blow"],"picked":"Perfected Strike","floor":4},{"not_picked":["Uppercut","Entrench"],"picked":"Evolve","floor":7},{"not_picked":["Sword Boomerang","Twin Strike"],"picked":"Shockwave","floor":11},{"not_picked":["Brutality","Thunderclap"],"picked":"True Grit","floor":12},{"not_picked":["Shrug It Off","Dual Wield"],"picked":"Flame Barrier","floor":13},{"not_picked":["Offering","Berserk"],"picked":"Demon Form","floor":16},{"not_picked":["Perfected Strike+1","Pommel Strike"],"picked":"Dual Wield","floor":18},{"not_picked":["Battle Trance","Pommel Strike"],"picked":"Armaments","floor":21},{"not_picked":["Intimidate","Pommel Strike"],"picked":"Spot Weakness","floor":24},{"not_picked":["Evolve","Iron Wave"],"picked":"Anger","floor":28},{"not_picked":["Cleave","Uppercut+1"],"picked":"Feed","floor":30},{"not_picked":["Flex+1","Bloodletting"],"picked":"Disarm","floor":31}],"player_experience":1280763,"relics_obtained":[{"floor":9,"key":"Letter Opener"},{"floor":12,"key":"Thread and Needle"},{"floor":24,"key":"Matryoshka"},{"floor":26,"key":"Tiny Chest"},{"floor":26,"key":"Darkstone Periapt"},{"floor":31,"key":"Du-Vu Doll"}],"event_choices":[{"damage_healed":0,"gold_gain":0,"player_choice":"Success","damage_taken":12,"relics_obtained":["Centennial Puzzle"],"max_hp_gain":0,"max_hp_loss":0,"event_name":"Scrap Ooze","floor":3,"gold_loss":0},{"damage_healed":20,"gold_gain":0,"player_choice":"Healed","damage_taken":0,"max_hp_gain":0,"max_hp_loss":0,"event_name":"The Cleric","floor":5,"gold_loss":35},{"damage_healed":0,"gold_gain":75,"player_choice":"Gather Gold","damage_taken":11,"max_hp_gain":0,"max_hp_loss":0,"event_name":"World of Goop","floor":10,"gold_loss":0},{"damage_healed":0,"gold_gain":0,"player_choice":"Fight","damage_taken":0,"max_hp_gain":0,"max_hp_loss":0,"event_name":"Colosseum","floor":20,"gold_loss":0},{"damage_healed":0,"gold_gain":0,"player_choice":"Fled From Nobs","damage_taken":0,"max_hp_gain":0,"max_hp_loss":0,"event_name":"Colosseum","floor":20,"gold_loss":0},{"damage_healed":0,"gold_gain":0,"player_choice":"Became a vampire","damage_taken":0,"max_hp_gain":0,"max_hp_loss":24,"event_name":"Vampires","floor":22,"gold_loss":0,"cards_obtained":["Bite","Bite","Bite","Bite","Bite"]}],"is_beta":false,"boss_relics":[{"not_picked":["Cursed Key","Empty Cage"],"picked":"Mark of Pain"}],"items_purged_floors":[19],"is_endless":false,"potions_floor_spawned":[2,7,12,13,20,21,24,28,30],"killed_by":"Automaton","ascension_level":10}