{"gold_per_floor":[112,112,124,124,19,45,45,62,85,114,114,129,54,19,19,119,119,139,169,169,183,199,199,232,232,256,271,271,284,17,37,37,141,141,161,161,208,208,308,308,326,338,362,397,397,410,425,71,71,71],"floor_reached":51,"playtime":3732,"items_purged":["Strike_B"],"score":1072,"play_id":"654fa51c-42cf-4f1e-bd04-4d1e6be73f0b","local_time":"20190128205017","is_ascension_mode":true,"campfire_choices":[{"floor":7,"key":"REST"},{"data":"Rainbow","floor":11,"key":"SMITH"},{"floor":15,"key":"REST"},{"floor":23,"key":"REST"},{"floor":25,"key":"REST"},{"floor":32,"key":"REST"},{"floor":40,"key":"REST"},{"floor":49,"key":"REST"}],"neow_cost":"NONE","seed_source_timestamp":440097564193600,"circlet_count":0,"master_deck":["Strike_B","Strike_B","Defend_B","Defend_B","Defend_B+1","Defend_B","Zap","Dualcast","Static Discharge","Compile Driver","Core Surge","Chaos","Undo","Buffer","Rebound","Rainbow+1","Melter","Defragment","Fission","Leap+1","Buffer","White Noise+1","Static Discharge","Self Repair","Hologram","Redo","Electrodynamics","Injury","Undo+1","Madness","Madness","Loop","Jack Of All Trades","Self Repair","Lockon+1","Chaos+1","Stack+1"],"relics":["Cracked Core","NeowsBlessing","Regal Pillow","Art of War","Happy Flower","Omamori","Fusion Hammer","Tiny Chest","Dead Branch","DataDisk","Kunai","Mummified Hand","Calling Bell","War Paint","Shuriken","Torii","Du-Vu Doll","Juzu Bracelet","Symbiotic Virus","Runic Capacitor","Anchor"],"potions_floor_usage":[10,24,24,29,33,33,33,37,46],"damage_taken":[{"damage":0,"enemies":"Small Slimes","floor":1,"turns":1},{"damage":0,"enemies":"Jaw Worm","floor":3,"turns":1},{"damage":0,"enemies":"Gremlin Nob","floor":6,"turns":1},{"damage":0,"enemies":"Cultist","floor":8,"turns":4},{"damage":20,"enemies":"3 Sentries","floor":10,"turns":8},{"damage":4,"enemies":"Exordium Thugs","floor":12,"turns":5},{"damage":4,"enemies":"The Guardian","floor":16,"turns":9},{"damage":5,"enemies":"Chosen","floor":18,"turns":4},{"damage":8,"enemies":"Shell Parasite","floor":21,"turns":6},{"damage":0,"enemies":"Snecko","floor":22,"turns":4},{"damage":51,"enemies":"Book of Stabbing","floor":24,"turns":7},{"damage":29,"enemies":"Snake Plant","floor":27,"turns":5},{"damage":24,"enemies":"Centurion and Healer","floor":29,"turns":6},{"damage":0,"enemies":"3 Cultists","floor":31,"turns":4},{"damage":0,"enemies":"Automaton","floor":33,"turns":10},{"damage":25,"enemies":"3 Darklings","floor":35,"turns":5},{"damage":22,"enemies":"2 Orb Walkers","floor":37,"turns":3},{"damage":0,"enemies":"3 Shapes","floor":41,"turns":3},{"damage":1,"enemies":"Jaw Worm Horde","floor":42,"turns":3},{"damage":19,"enemies":"Nemesis","floor":44,"turns":8},{"damage":33,"enemies":"3 Darklings","floor":46,"turns":3},{"damage":0,"enemies":"Maw","floor":47,"turns":8},{"damage":52,"enemies":"Time Eater","floor":50,"turns":11}],"seed_played":"2888420197446881913","potions_obtained":[{"floor":6,"key":"EssenceOfSteel"},{"floor":8,"key":"SkillPotion"},{"floor":12,"key":"Strength Potion"},{"floor":22,"key":"Swift Potion"},{"floor":24,"key":"SpeedPotion"},{"floor":29,"key":"Weak Potion"},{"floor":31,"key":"SpeedPotion"},{"floor":35,"key":"Fire Potion"},{"floor":37,"key":"FocusPotion"},{"floor":47,"key":"SteroidPotion"}],"is_trial":false,"path_per_floor":["M","?","M","?","$","E","R","M","T","E","R","M","$","$","R","B",null,"M","?","?","M","M","R","E","R","T","M","T","M","$","M","R","B",null,"M","?","?","?","?","R","M","M","T","E","?","M","M","$","R","B",null],"character_chosen":"DEFECT","items_purchased":["Chaos","Undo","Defragment","Mummified Hand","Hologram","Runic Capacitor","Anchor"],"campfire_rested":7,"item_purchase_floors":[5,5,14,30,30,48,48],"current_hp_per_floor":[68,43,43,43,43,43,75,75,75,55,55,51,51,51,75,71,74,69,69,69,61,61,75,24,61,61,32,32,22,22,29,66,73,75,57,48,26,26,26,63,63,69,69,64,64,38,52,52,75,37],"gold":71,"neow_bonus":"THREE_ENEMY_KILL","is_prod":false,"is_daily":false,"chose_seed":false,"campfire_upgraded":1,"win_rate":0,"timestamp":1548705017,"path_taken":["M","?","M","?","$","E","R","M","T","E","R","?","?","$","R","BOSS","M","?","?","?","M","R","E","R","T","?","?","M","$","M","R","BOSS","M","?","?","?","?","R","M","M","T","E","?","M","M","?","R","BOSS"],"build_version":"2019-01-23","purchased_purges":1,"victory":true,"max_hp_per_floor":[75,75,75,75,75,75,75,75,75,75,75,75,75,75,75,75,75,75,75,75,75,75,75,75,75,75,75,75,75,75,75,75,75,75,75,75,75,75,75,75,75,75,75,75,75,75,75,75,75,75],"card_choices":[{"not_picked":["Beam Cell","Streamline"],"picked":"Static Discharge","floor":1},{"not_picked":["Consume","Steam Power"],"picked":"Compile Driver","floor":3},{"not_picked":["Loop","Leap"],"picked":"Buffer","floor":6},{"not_picked":["Rip and Tear","Consume"],"picked":"Rebound","floor":8},{"not_picked":["Tempest","Streamline"],"picked":"Rainbow","floor":10},{"not_picked":["Sweeping Beam","Steam"],"picked":"Melter","floor":12},{"not_picked":["Hyperbeam","Biased Cognition"],"picked":"Fission","floor":16},{"not_picked":["Stack","Go for the Eyes"],"picked":"Leap+1","floor":18},{"not_picked":["Defragment","Beam Cell"],"picked":"White Noise","floor":21},{"not_picked":["Reprogram+1","Heatsinks+1","Sweeping Beam"],"picked":"SKIP","floor":22},{"not_picked":["Melter","Hello World+1"],"picked":"Static Discharge","floor":24},{"not_picked":["Ball Lightning+1","Streamline"],"picked":"Self Repair","floor":27},{"not_picked":["Skim","Rebound","Blizzard"],"picked":"SKIP","floor":29},{"not_picked":["Consume","Cold Snap"],"picked":"Redo","floor":31},{"not_picked":["Biased Cognition","Amplify"],"picked":"Electrodynamics","floor":33},{"not_picked":["Compile Driver","Cold Snap"],"picked":"Undo+1","floor":35},{"not_picked":["Coolheaded","Streamline+1"],"picked":"Loop","floor":37},{"not_picked":["The Bomb","HandOfGreed"],"picked":"Jack Of All Trades","floor":38},{"not_picked":["Double Energy+1","Redo"],"picked":"Self Repair","floor":41},{"not_picked":["Compile Driver","Go for the Eyes","Steam"],"picked":"SKIP","floor":42},{"not_picked":["Rip and Tear","Genetic Algorithm"],"picked":"Lockon+1","floor":44},{"not_picked":["Gash+1","Skim"],"picked":"Chaos+1","floor":46},{"not_picked":["Consume+1","Gash+1"],"picked":"Stack+1","floor":47}],"player_experience":1383005,"relics_obtained":[{"floor":6,"key":"Art of War"},{"floor":9,"key":"Happy Flower"},{"floor":10,"key":"Omamori"},{"floor":24,"key":"Dead Branch"},{"floor":26,"key":"DataDisk"},{"floor":28,"key":"Kunai"},{"floor":34,"key":"War Paint"},{"floor":34,"key":"Shuriken"},{"floor":34,"key":"Torii"},{"floor":37,"key":"Du-Vu Doll"},{"floor":43,"key":"Juzu Bracelet"},{"floor":44,"key":"Symbiotic Virus"}],"event_choices":[{"damage_healed":0,"gold_gain":0,"player_choice":"Success","damage_taken":25,"relics_obtained":["Regal Pillow"],"max_hp_gain":0,"max_hp_loss":0,"event_name":"Scrap Ooze","floor":2,"gold_loss":0},{"damage_healed":0,"gold_gain":0,"cards_transformed":["Strike_B"],"player_choice":"Transformed","damage_taken":0,"max_hp_gain":0,"max_hp_loss":0,"event_name":"Transmorgrifier","floor":4,"gold_loss":0,"cards_obtained":["Core Surge"]},{"damage_healed":0,"gold_gain":0,"player_choice":"Opened","damage_taken":0,"relics_obtained":["Tiny Chest"],"max_hp_gain":0,"max_hp_loss":0,"event_name":"The Mausoleum","floor":19,"gold_loss":0},{"damage_healed":0,"gold_gain":0,"player_choice":"Copied","damage_taken":0,"max_hp_gain":0,"max_hp_loss":0,"event_name":"Duplicator","floor":20,"gold_loss":0,"cards_obtained":["Buffer"]},{"damage_healed":0,"gold_gain":0,"player_choice":"Embrace Madness","damage_taken":9,"max_hp_gain":0,"max_hp_loss":0,"event_name":"Winding Halls","floor":36,"gold_loss":0,"cards_obtained":["Madness","Madness"]},{"damage_healed":0,"gold_gain":0,"player_choice":"Fight","damage_taken":0,"max_hp_gain":0,"max_hp_loss":0,"event_name":"Mysterious Sphere","floor":37,"gold_loss":0},{"damage_healed":0,"gold_gain":0,"player_choice":"Memory 1","damage_taken":0,"max_hp_gain":0,"max_hp_loss":0,"event_name":"SensoryStone","floor":38,"gold_loss":0},{"damage_healed":0,"gold_gain":100,"player_choice":"Pray","damage_taken":0,"max_hp_gain":0,"max_hp_loss":0,"event_name":"Golden Shrine","floor":39,"gold_loss":0},{"damage_healed":0,"gold_gain":0,"player_choice":"0 cards matched","damage_taken":0,"max_hp_gain":0,"max_hp_loss":0,"event_name":"Match and Keep!","floor":45,"gold_loss":0,"cards_obtained":[]}],"is_beta":false,"boss_relics":[{"not_picked":["Astrolabe","Black Star"],"picked":"Fusion Hammer"},{"not_picked":["Eternal Feather","Coffee Dripper"],"picked":"Calling Bell"}],"items_purged_floors":[13],"is_endless":false,"potions_floor_spawned":[6,8,12,22,24,29,31,35,37,47],"ascension_level":8}