{"gold_per_floor":[16,34,34,34,34,67,41,41,67,17,36,47,47,67,67,166,166,134,134,147,20,20],"floor_reached":22,"playtime":888,"items_purged":[],"score":285,"play_id":"6891e8c7-a1d9-465a-9fb8-73b61bddc7ea","local_time":"20190423221513","is_ascension_mode":true,"campfire_choices":[{"floor":8,"key":"REST"},{"floor":13,"key":"REST"},{"data":"Poisoned Stab","floor":15,"key":"SMITH"}],"neow_cost":"NO_GOLD","seed_source_timestamp":523260585513000,"circlet_count":0,"master_deck":["AscendersBane","Defend_G","Defend_G","Defend_G","Defend_G","Defend_G","Strike_G","Strike_G","Strike_G","Strike_G","Strike_G","Survivor","Neutralize","Underhanded Strike","Flying Knee","Infinite Blades","Flying Knee","Distraction","Poisoned Stab+1","Night Terror","Cloak And Dagger+1","Shame","Well Laid Plans+1","Accuracy","Cloak And Dagger+1","Acrobatics+1"],"relics":["Ring of the Snake","Ice Cream","Dream Catcher","Blood Vial","Blue Candle","Mummified Hand","Philosopher\u0027s Stone","Toxic Egg 2"],"potions_floor_usage":[6,16,16,22],"damage_taken":[{"damage":0,"enemies":"Cultist","floor":1,"turns":4},{"damage":0,"enemies":"Small Slimes","floor":2,"turns":4},{"damage":41,"enemies":"Lagavulin","floor":6,"turns":10},{"damage":1,"enemies":"Jaw Worm","floor":11,"turns":4},{"damage":3,"enemies":"Blue Slaver","floor":12,"turns":4},{"damage":1,"enemies":"3 Louse","floor":14,"turns":5},{"damage":10,"enemies":"Slime Boss","floor":16,"turns":8},{"damage":34,"enemies":"2 Thieves","floor":18,"turns":5},{"damage":26,"enemies":"Spheric Guardian","floor":20,"turns":5},{"damage":13,"enemies":"Centurion and Healer","floor":22,"turns":1}],"seed_played":"1330654384554921715","potions_obtained":[{"floor":1,"key":"Swift Potion"},{"floor":11,"key":"FearPotion"},{"floor":14,"key":"Poison Potion"},{"floor":20,"key":"Strength Potion"}],"is_trial":false,"path_per_floor":["M","M","?","?","T","E","$","R","T","?","M","M","R","M","R","B",null,"M","?","M","$","M"],"character_chosen":"THE_SILENT","items_purchased":["Flying Knee","Accuracy","Cloak And Dagger+1","Acrobatics+1"],"campfire_rested":2,"item_purchase_floors":[7,21,21,21],"current_hp_per_floor":[63,63,56,56,56,17,17,38,38,38,39,38,59,60,60,52,66,34,34,10,10,0],"gold":20,"neow_bonus":"ONE_RARE_RELIC","is_prod":false,"is_daily":false,"chose_seed":false,"campfire_upgraded":1,"win_rate":0,"timestamp":1556050513,"path_taken":["M","?","?","?","?","E","$","R","T","?","M","M","R","M","R","BOSS","M","?","M","$","M"],"build_version":"2019-01-23","purchased_purges":0,"victory":false,"max_hp_per_floor":[70,70,70,70,70,70,70,70,70,70,70,70,70,70,70,70,70,70,70,70,70,70],"card_choices":[{"not_picked":["Distraction","Cloak And Dagger"],"picked":"Underhanded Strike","floor":1},{"not_picked":["PiercingWail","Blade Dance","Endless Agony"],"picked":"SKIP","floor":2},{"not_picked":["Bouncing Flask","Finisher","Blade Dance"],"picked":"SKIP","floor":6},{"not_picked":["Glass Knife","Deadly Poison"],"picked":"Infinite Blades","floor":11},{"not_picked":["Prepared","Sucker Punch"],"picked":"Flying Knee","floor":12},{"not_picked":["Predator","Flying Knee"],"picked":"Distraction","floor":13},{"not_picked":["Bouncing Flask","Prepared"],"picked":"Poisoned Stab","floor":14},{"not_picked":["Grand Finale","A Thousand Cuts"],"picked":"Night Terror","floor":16},{"not_picked":["Eviscerate","Bane"],"picked":"Cloak And Dagger+1","floor":18},{"not_picked":["Poisoned Stab","Backflip+1"],"picked":"Well Laid Plans+1","floor":20}],"player_experience":1742460,"relics_obtained":[{"floor":5,"key":"Blue Candle"},{"floor":6,"key":"Mummified Hand"}],"event_choices":[{"damage_healed":0,"gold_gain":0,"player_choice":"Success","damage_taken":7,"relics_obtained":["Dream Catcher"],"max_hp_gain":0,"max_hp_loss":0,"event_name":"Scrap Ooze","floor":3,"gold_loss":0},{"damage_healed":0,"gold_gain":0,"player_choice":"Box","damage_taken":0,"relics_obtained":["Blood Vial"],"max_hp_gain":0,"max_hp_loss":0,"event_name":"Big Fish","floor":4,"gold_loss":0,"cards_obtained":["Regret"]},{"cards_removed":["Regret"],"damage_healed":0,"gold_gain":0,"player_choice":"Card Removal","damage_taken":0,"max_hp_gain":0,"max_hp_loss":0,"event_name":"The Cleric","floor":10,"gold_loss":50},{"damage_healed":0,"gold_gain":0,"player_choice":"Stole Relic","damage_taken":0,"relics_obtained":["Toxic Egg 2"],"max_hp_gain":0,"max_hp_loss":0,"event_name":"Addict","floor":19,"gold_loss":0,"cards_obtained":["Shame"]}],"is_beta":false,"boss_relics":[{"not_picked":["Velvet Choker","Ectoplasm"],"picked":"Philosopher\u0027s Stone"}],"items_purged_floors":[],"is_endless":false,"potions_floor_spawned":[1,11,14,20],"killed_by":"Centurion and Healer","ascension_level":11}