{"gold_per_floor":[364,379,16,91,91,91,104,118,118,146,146,173,185,205,205,276,576,596,153,171,171],"floor_reached":21,"playtime":978,"items_purged":["Pain","Shame"],"score":325,"play_id":"a6050ae5-3069-4508-b6ba-53c0d5035289","local_time":"20190505191913","is_ascension_mode":true,"campfire_choices":[{"floor":6,"key":"REST"},{"floor":15,"key":"REST"}],"neow_cost":"CURSE","seed_source_timestamp":19946230027300,"circlet_count":0,"master_deck":["AscendersBane","Strike_R","Strike_R","Strike_R","Strike_R","Strike_R","Defend_R","Defend_R+1","Defend_R","Defend_R+1","Bash","Perfected Strike","Juggernaut","Pommel Strike","True Grit","Seeing Red","Shrug It Off+1","Battle Trance+1","Double Tap+1","Doubt","Writhe","Flex+1"],"relics":["Burning Blood","Blood Vial","Happy Flower","Dodecahedron","War Paint","Toxic Egg 2","Calling Bell","Red Skull","Singing Bowl","Old Coin","Tiny Chest","Vajra"],"potions_floor_usage":[7,10,16,16,20,21],"damage_taken":[{"damage":10,"enemies":"Cultist","floor":1,"turns":4},{"damage":9,"enemies":"2 Louse","floor":2,"turns":4},{"damage":0,"enemies":"Jaw Worm","floor":7,"turns":3},{"damage":12,"enemies":"Looter","floor":8,"turns":3},{"damage":16,"enemies":"Lagavulin","floor":10,"turns":7},{"damage":18,"enemies":"Gremlin Nob","floor":12,"turns":4},{"damage":13,"enemies":"Exordium Wildlife","floor":13,"turns":3},{"damage":25,"enemies":"Lots of Slimes","floor":14,"turns":6},{"damage":39,"enemies":"Hexaghost","floor":16,"turns":11},{"damage":48,"enemies":"Spheric Guardian","floor":18,"turns":8},{"damage":15,"enemies":"2 Thieves","floor":20,"turns":4},{"damage":28,"enemies":"Centurion and Healer","floor":21,"turns":4}],"seed_played":"5008303389947576896","potions_obtained":[{"floor":5,"key":"LiquidBronze"},{"floor":5,"key":"SkillPotion"},{"floor":7,"key":"Block Potion"},{"floor":12,"key":"Dexterity Potion"},{"floor":20,"key":"SteroidPotion"}],"is_trial":false,"path_per_floor":["M","M","$","?","?","R","M","M","T","E","$","E","M","M","R","B",null,"M","$","M","M"],"character_chosen":"IRONCLAD","items_purchased":["Blood Vial","Happy Flower","Tiny Chest","Vajra","Flex+1","Energy Potion"],"campfire_rested":2,"item_purchase_floors":[3,3,19,19,19,19],"current_hp_per_floor":[64,61,61,50,50,72,75,69,69,61,61,51,46,29,51,20,61,23,23,18,0],"gold":171,"neow_bonus":"TWO_FIFTY_GOLD","is_prod":false,"is_daily":false,"chose_seed":false,"campfire_upgraded":0,"win_rate":0,"timestamp":1557076753,"path_taken":["M","M","$","?","?","R","M","?","T","E","$","E","M","M","R","BOSS","M","$","M","M"],"build_version":"2019-01-23","purchased_purges":2,"victory":false,"max_hp_per_floor":[75,75,75,75,75,75,75,75,75,75,75,75,75,75,75,75,75,77,77,79,79],"card_choices":[{"not_picked":["Warcry","Body Slam"],"picked":"Perfected Strike","floor":1},{"not_picked":["Anger","Feel No Pain"],"picked":"Juggernaut","floor":2},{"not_picked":["Pummel","Warcry"],"picked":"Pommel Strike","floor":7},{"not_picked":["Second Wind","Iron Wave"],"picked":"True Grit","floor":8},{"not_picked":["Battle Trance","Anger"],"picked":"Seeing Red","floor":10},{"not_picked":["Heavy Blade","Warcry","Impervious"],"picked":"SKIP","floor":12},{"not_picked":["Twin Strike","Thunderclap"],"picked":"Shrug It Off+1","floor":13},{"not_picked":["Flex+1","Cleave"],"picked":"Battle Trance+1","floor":14},{"not_picked":["Reaper","Bludgeon"],"picked":"Double Tap+1","floor":16},{"not_picked":["Burning Pact+1","Twin Strike","Wild Strike"],"picked":"Singing Bowl","floor":18},{"not_picked":["Headbutt","Combust","Clothesline"],"picked":"Singing Bowl","floor":20}],"player_experience":1820466,"relics_obtained":[{"floor":9,"key":"Dodecahedron"},{"floor":10,"key":"War Paint"},{"floor":12,"key":"Toxic Egg 2"},{"floor":17,"key":"Red Skull"},{"floor":17,"key":"Singing Bowl"},{"floor":17,"key":"Old Coin"}],"event_choices":[{"damage_healed":0,"gold_gain":75,"player_choice":"Gather Gold","damage_taken":11,"max_hp_gain":0,"max_hp_loss":0,"event_name":"World of Goop","floor":4,"gold_loss":0},{"damage_healed":0,"gold_gain":0,"player_choice":"Got Potions","damage_taken":0,"max_hp_gain":0,"max_hp_loss":0,"event_name":"Lab","floor":5,"gold_loss":0}],"is_beta":false,"boss_relics":[{"not_picked":["Orrery","Runic Dome"],"picked":"Calling Bell"}],"items_purged_floors":[3,19],"is_endless":false,"potions_floor_spawned":[7,8,12,13,20],"killed_by":"Centurion and Healer","ascension_level":14}