{"gold_per_floor":[111,111,111,124,27,27,61,61,108,140,140,175,189,206,206,304,304,316,1,20,35,35,35,35,35],"floor_reached":25,"playtime":2350,"items_purged":[],"score":241,"play_id":"7dfb0e55-4228-4145-97d5-1ed93bcb2103","local_time":"20190511214841","is_ascension_mode":true,"campfire_choices":[{"data":"Zap","floor":6,"key":"SMITH"},{"data":"Defend_B","floor":8,"key":"SMITH"},{"data":"Streamline","floor":15,"key":"SMITH"},{"data":"Dualcast","floor":23,"key":"SMITH"}],"neow_cost":"NONE","seed_source_timestamp":849338043547200,"circlet_count":0,"master_deck":["Strike_B+1","Strike_B","Strike_B+1","Defend_B","Defend_B","Defend_B","Defend_B+1","Zap+1","Dualcast+1","Compile Driver","BootSequence","Ball Lightning","Steam","Double Energy+1","Streamline+1","Coolheaded+1","Steam+1","Rainbow+1","Auto Shields+1","Doom and Gloom","Steam Power+1"],"relics":["Cracked Core","Orichalcum","Toxic Egg 2","Bag of Preparation","Whetstone","Meat on the Bone","Snecko Eye","Singing Bowl"],"potions_floor_usage":[25,25],"damage_taken":[{"damage":0,"enemies":"Small Slimes","floor":1,"turns":2},{"damage":3,"enemies":"2 Louse","floor":4,"turns":2},{"damage":16,"enemies":"Gremlin Nob","floor":7,"turns":5},{"damage":19,"enemies":"3 Sentries","floor":10,"turns":6},{"damage":17,"enemies":"Gremlin Nob","floor":12,"turns":4},{"damage":0,"enemies":"Cultist","floor":13,"turns":3},{"damage":0,"enemies":"Large Slime","floor":14,"turns":3},{"damage":9,"enemies":"The Guardian","floor":16,"turns":10},{"damage":2,"enemies":"3 Byrds","floor":18,"turns":4},{"damage":3,"enemies":"2 Thieves","floor":20,"turns":3},{"damage":2,"enemies":"Shelled Parasite and Fungi","floor":21,"turns":5},{"damage":81,"enemies":"Slavers","floor":25,"turns":5}],"seed_played":"-2864331215582784442","potions_obtained":[{"floor":4,"key":"Poison Potion"},{"floor":7,"key":"PowerPotion"},{"floor":13,"key":"SpeedPotion"},{"floor":18,"key":"LiquidBronze"},{"floor":24,"key":"Block Potion"}],"is_trial":false,"path_per_floor":["M","?","?","M","$","R","E","R","T","E","?","E","M","M","R","B",null,"M","$","M","M","$","R","?","E"],"character_chosen":"DEFECT","items_purchased":["Ball Lightning","Steam","Doom and Gloom","Singing Bowl"],"campfire_rested":0,"item_purchase_floors":[5,5,19,19],"current_hp_per_floor":[75,75,63,60,60,60,44,44,44,25,75,58,58,58,58,49,75,73,73,70,70,70,70,70,0],"gold":35,"neow_bonus":"TRANSFORM_CARD","is_prod":false,"is_daily":false,"chose_seed":false,"campfire_upgraded":4,"win_rate":0,"timestamp":1557625721,"path_taken":["M","?","?","M","$","R","E","R","T","E","?","E","M","M","R","BOSS","M","$","M","M","?","R","?","E"],"build_version":"2019-01-23","purchased_purges":0,"victory":false,"max_hp_per_floor":[75,75,75,75,75,75,75,75,75,75,75,75,75,75,75,75,75,75,75,75,77,77,77,77,77],"card_choices":[{"not_picked":["Stack","Rebound"],"picked":"Compile Driver","floor":1},{"not_picked":["Sunder","Capacitor"],"picked":"BootSequence","floor":4},{"not_picked":["Steam","Streamline"],"picked":"Double Energy","floor":7},{"not_picked":["Steam+1","Scrape","Recycle+1"],"picked":"SKIP","floor":10},{"not_picked":["Steam+1","Beam Cell"],"picked":"Streamline","floor":12},{"not_picked":["All For One","Turbo+1"],"picked":"Coolheaded+1","floor":13},{"not_picked":["Rebound","Stack+1"],"picked":"Steam+1","floor":14},{"not_picked":["Buffer","Multi-Cast+1"],"picked":"Rainbow+1","floor":16},{"not_picked":["Steam+1","Turbo+1"],"picked":"Auto Shields+1","floor":18},{"not_picked":["Force Field+1","Ball Lightning+1"],"picked":"Steam Power+1","floor":20},{"not_picked":["Storm","Steam+1","Ball Lightning"],"picked":"Singing Bowl","floor":21}],"player_experience":214311,"relics_obtained":[{"floor":7,"key":"Toxic Egg 2"},{"floor":9,"key":"Bag of Preparation"},{"floor":10,"key":"Whetstone"},{"floor":12,"key":"Meat on the Bone"}],"event_choices":[{"damage_healed":0,"gold_gain":0,"player_choice":"Ignored","damage_taken":0,"max_hp_gain":0,"max_hp_loss":0,"event_name":"Liars Game","floor":2,"gold_loss":0},{"damage_healed":0,"gold_gain":0,"player_choice":"Success","damage_taken":12,"relics_obtained":["Orichalcum"],"max_hp_gain":0,"max_hp_loss":0,"event_name":"Scrap Ooze","floor":3,"gold_loss":0},{"cards_removed":["Force Field"],"damage_healed":50,"gold_gain":0,"player_choice":"Offered Uncommon","damage_taken":0,"max_hp_gain":0,"max_hp_loss":0,"event_name":"Bonfire Elementals","floor":11,"gold_loss":0},{"damage_healed":0,"gold_gain":0,"player_choice":"Got Potions","damage_taken":0,"max_hp_gain":0,"max_hp_loss":0,"event_name":"Lab","floor":24,"gold_loss":0}],"is_beta":false,"boss_relics":[{"not_picked":["Nuclear Battery","Ectoplasm"],"picked":"Snecko Eye"}],"items_purged_floors":[],"is_endless":false,"potions_floor_spawned":[4,7,13,18,20],"killed_by":"Slavers","ascension_level":2}