{"gold_per_floor":[119,79,254,329,343,371,371,403,455,455,466,478,478,497,497,596,596,615,615,37,37,37,37,37,37,84,96,123,135,147,159,171,183],"floor_reached":33,"playtime":956,"items_purged":[],"score":436,"play_id":"4111e17d-1e76-4113-afa5-48ca024cf04f","local_time":"20190224183934","is_ascension_mode":true,"campfire_choices":[{"data":"Combust","floor":7,"key":"SMITH"},{"floor":10,"key":"REST"},{"floor":13,"key":"REST"},{"data":"Combust","floor":15,"key":"SMITH"},{"floor":23,"key":"REST"},{"floor":25,"key":"REST"},{"data":"True Grit","floor":30,"key":"SMITH"},{"data":"Double Tap","floor":32,"key":"SMITH"}],"neow_cost":"NONE","seed_source_timestamp":69343706535699,"circlet_count":0,"master_deck":["AscendersBane","Strike_R","Strike_R","Strike_R","Strike_R","Strike_R","Defend_R","Defend_R","Defend_R","Defend_R","Bash","Shockwave","Combust+1","Flame Barrier","Seeing Red","Combust+1","True Grit+1","Pommel Strike","Double Tap+1","Pommel Strike+1","Ghostly","Ghostly","Ghostly","Ghostly","Ghostly","Sadistic Nature","Armaments+1"],"relics":["Burning Blood","NeowsBlessing","Potion Belt","Champion Belt","Boot","Lizard Tail","Pear","Juzu Bracelet","MawBank","Meat on the Bone"],"potions_floor_usage":[16,18],"damage_taken":[{"damage":0,"enemies":"Jaw Worm","floor":1,"turns":1},{"damage":0,"enemies":"2 Louse","floor":5,"turns":2},{"damage":0,"enemies":"3 Sentries","floor":6,"turns":2},{"damage":57,"enemies":"Gremlin Nob","floor":8,"turns":6},{"damage":2,"enemies":"Cultist","floor":11,"turns":2},{"damage":15,"enemies":"3 Louse","floor":12,"turns":4},{"damage":7,"enemies":"Large Slime","floor":14,"turns":4},{"damage":58,"enemies":"Slime Boss","floor":16,"turns":9},{"damage":43,"enemies":"Shell Parasite","floor":18,"turns":9},{"damage":27,"enemies":"Colosseum Slavers","floor":21,"turns":5},{"damage":6,"enemies":"Spheric Guardian","floor":28,"turns":4},{"damage":133,"enemies":"Automaton","floor":33,"turns":12}],"seed_played":"-5252055992621306533","potions_obtained":[{"floor":1,"key":"Strength Potion"},{"floor":12,"key":"BloodPotion"},{"floor":14,"key":"Weak Potion"}],"is_trial":false,"path_per_floor":["M","$","?","?","M","E","R","E","T","R","M","M","R","M","R","B",null,"M","?","$","?","$","R","?","R","T","?","M","?","R","$","R","B"],"character_chosen":"IRONCLAD","items_purchased":["Combust","Pear","Juzu Bracelet","Sadistic Nature"],"campfire_rested":4,"item_purchase_floors":[2,20,20,20],"current_hp_per_floor":[78,78,78,67,73,79,79,28,28,52,56,47,71,70,70,18,65,28,28,38,17,17,32,32,47,47,47,47,47,47,47,47,0],"gold":183,"neow_bonus":"THREE_ENEMY_KILL","is_prod":false,"is_daily":false,"chose_seed":false,"campfire_upgraded":4,"win_rate":0,"timestamp":1551029974,"path_taken":["M","$","?","?","?","E","R","E","T","R","M","?","R","M","R","BOSS","M","?","$","?","$","R","?","R","T","?","M","?","R","$","R","BOSS"],"build_version":"2019-01-23","purchased_purges":0,"victory":false,"max_hp_per_floor":[80,80,80,80,80,80,80,80,80,80,80,80,80,80,80,80,80,80,40,50,50,50,50,50,50,50,50,50,50,50,50,50,50],"card_choices":[{"not_picked":["Anger","Clothesline"],"picked":"Shockwave","floor":1},{"not_picked":["Wild Strike","Havoc","Warcry"],"picked":"SKIP","floor":5},{"not_picked":["Thunderclap","Seeing Red"],"picked":"Flame Barrier","floor":6},{"not_picked":["Headbutt","Rupture"],"picked":"Seeing Red","floor":8},{"not_picked":["Anger","Iron Wave"],"picked":"Combust","floor":11},{"not_picked":["Bloodletting","Perfected Strike"],"picked":"True Grit","floor":12},{"not_picked":["Body Slam","Havoc"],"picked":"Pommel Strike","floor":14},{"not_picked":["Demon Form","Bludgeon"],"picked":"Double Tap","floor":16},{"not_picked":["Warcry","Flame Barrier"],"picked":"Pommel Strike+1","floor":18},{"not_picked":["Rage+1","Body Slam+1"],"picked":"Armaments+1","floor":28}],"player_experience":1432376,"relics_obtained":[{"floor":6,"key":"Potion Belt"},{"floor":8,"key":"Champion Belt"},{"floor":9,"key":"Boot"},{"floor":26,"key":"MawBank"}],"event_choices":[{"damage_healed":0,"gold_gain":175,"player_choice":"AGREE","damage_taken":0,"max_hp_gain":0,"max_hp_loss":0,"event_name":"Liars Game","floor":3,"gold_loss":0,"cards_obtained":["Doubt"]},{"damage_healed":0,"gold_gain":75,"player_choice":"Gather Gold","damage_taken":11,"max_hp_gain":0,"max_hp_loss":0,"event_name":"World of Goop","floor":4,"gold_loss":0},{"damage_healed":0,"gold_gain":0,"player_choice":"Became a Ghost","damage_taken":0,"max_hp_gain":0,"max_hp_loss":40,"event_name":"Ghosts","floor":19,"gold_loss":0,"cards_obtained":["Ghostly","Ghostly","Ghostly","Ghostly","Ghostly"]},{"damage_healed":0,"gold_gain":0,"player_choice":"Fight","damage_taken":0,"max_hp_gain":0,"max_hp_loss":0,"event_name":"Colosseum","floor":21,"gold_loss":0},{"damage_healed":0,"gold_gain":0,"player_choice":"Fled From Nobs","damage_taken":0,"max_hp_gain":0,"max_hp_loss":0,"event_name":"Colosseum","floor":21,"gold_loss":0},{"damage_healed":0,"gold_gain":0,"player_choice":"Ignored","damage_taken":0,"max_hp_gain":0,"max_hp_loss":0,"event_name":"Beggar","floor":24,"gold_loss":0},{"damage_healed":0,"gold_gain":0,"player_choice":"Gave Potion","damage_taken":0,"relics_obtained":["Meat on the Bone"],"max_hp_gain":0,"max_hp_loss":0,"event_name":"WeMeetAgain","floor":27,"gold_loss":0},{"cards_removed":["Doubt"],"damage_healed":0,"gold_gain":0,"player_choice":"Removed Curses","damage_taken":0,"max_hp_gain":0,"max_hp_loss":0,"event_name":"Fountain of Cleansing","floor":29,"gold_loss":0}],"is_beta":false,"boss_relics":[{"not_picked":["Philosopher\u0027s Stone","Eternal Feather"],"picked":"Lizard Tail"}],"items_purged_floors":[],"is_endless":false,"potions_floor_spawned":[1,12,14,21],"killed_by":"Automaton","ascension_level":10}