{"gold_per_floor":[16,16,191,211,211,211,237,237,308,308,328,340,16,44,44,141,141,159,159,159,59,59,59,23,105,132,132],"floor_reached":27,"playtime":1087,"items_purged":["Doubt","Defend_R"],"score":283,"play_id":"b013a5ea-1b30-41d9-b74c-e69e3900c226","local_time":"20181008144102","is_ascension_mode":true,"campfire_choices":[{"data":"Bash","floor":6,"key":"SMITH"},{"floor":8,"key":"REST"},{"data":"Demon Form","floor":10,"key":"SMITH"},{"floor":15,"key":"REST"},{"floor":23,"key":"REST"}],"neow_cost":"NO_GOLD","seed_source_timestamp":7751208122700,"circlet_count":0,"master_deck":["Defend_R","Defend_R","Defend_R","Bash+1","Rampage+1","Pummel","Demon Form+1","Flex","Sword Boomerang","Panache","Flex","Heavy Blade","Fiend Fire","Warcry+1","Bite","Bite","Bite","Bite","Bite","Shockwave"],"relics":["Burning Blood","WingedGreaves","Blue Candle","Torii","Empty Cage","GremlinMask","Mummified Hand","Oddly Smooth Stone"],"potions_floor_usage":[12,12,14,22,27],"damage_taken":[{"damage":4,"enemies":"2 Louse","floor":1,"turns":3},{"damage":5,"enemies":"Small Slimes","floor":4,"turns":3},{"damage":45,"enemies":"3 Sentries","floor":7,"turns":12},{"damage":0,"enemies":"Cultist","floor":11,"turns":3},{"damage":17,"enemies":"Exordium Thugs","floor":12,"turns":5},{"damage":16,"enemies":"Gremlin Nob","floor":14,"turns":3},{"damage":62,"enemies":"The Guardian","floor":16,"turns":8},{"damage":19,"enemies":"Chosen","floor":18,"turns":6},{"damage":58,"enemies":"Colosseum Slavers","floor":22,"turns":6},{"damage":61,"enemies":"Book of Stabbing","floor":27,"turns":6}],"seed_played":"9154897385520266317","potions_obtained":[{"floor":7,"key":"Block Potion"},{"floor":11,"key":"Strength Potion"},{"floor":12,"key":"AttackPotion"},{"floor":16,"key":"Poison Potion"},{"floor":18,"key":"Swift Potion"}],"is_trial":false,"path_per_floor":["M","$","?","M","?","R","E","R","T","R","M","M","$","E","R","B",null,"M","?","?","$","?","R","$","T","T"],"character_chosen":"IRONCLAD","items_purchased":["Panache","Flex","Heavy Blade","Shockwave"],"campfire_rested":3,"item_purchase_floors":[13,13,13,24],"current_hp_per_floor":[96,96,96,96,96,96,57,85,85,85,91,80,80,70,96,40,96,83,83,67,67,27,47,47,47,47,0],"gold":132,"neow_bonus":"TWENTY_PERCENT_HP_BONUS","is_prod":false,"is_daily":false,"chose_seed":false,"campfire_upgraded":2,"win_rate":0,"timestamp":1539002462,"path_taken":["M","$","?","M","?","R","E","R","T","R","?","?","?","E","R","BOSS","M","?","?","$","?","R","$","?","T","E"],"build_version":"2018-10-04v2","purchased_purges":2,"victory":false,"max_hp_per_floor":[96,96,96,96,96,96,96,96,96,96,96,96,96,96,96,96,96,96,96,67,67,67,67,67,67,67,67],"card_choices":[{"not_picked":["Thunderclap","Searing Blow"],"picked":"Rampage","floor":1},{"not_picked":["Wild Strike","Body Slam"],"picked":"Pummel","floor":4},{"not_picked":["Second Wind","Reckless Charge"],"picked":"Demon Form","floor":7},{"not_picked":["Havoc","Heavy Blade"],"picked":"Flex","floor":11},{"not_picked":["Power Through","Twin Strike"],"picked":"Sword Boomerang","floor":12},{"not_picked":["Clash","Anger","Second Wind"],"picked":"SKIP","floor":14},{"not_picked":["Dark Embrace","Berserk"],"picked":"Fiend Fire","floor":16},{"not_picked":["Infernal Blade+1","Clash"],"picked":"Warcry+1","floor":18}],"player_experience":584734,"relics_obtained":[{"floor":7,"key":"WingedGreaves"},{"floor":9,"key":"Blue Candle"},{"floor":14,"key":"Torii"},{"floor":25,"key":"Mummified Hand"},{"floor":26,"key":"Oddly Smooth Stone"}],"event_choices":[{"event_name":"Liars Game","player_choice":"agreed","floor":3,"damage_taken":0},{"event_name":"Upgrade Shrine","player_choice":"Upgraded","floor":5,"damage_taken":0},{"event_name":"FaceTrader","player_choice":"Trade","floor":19,"damage_taken":0},{"event_name":"Vampires","player_choice":"Became a vampire","floor":20,"damage_taken":0},{"event_name":"Colosseum","player_choice":"Fight","floor":22,"damage_taken":0},{"event_name":"Colosseum","player_choice":"Fled From Nobs","floor":22,"damage_taken":0}],"is_beta":false,"boss_relics":[{"not_picked":["Sozu","Orrery"],"picked":"Empty Cage"}],"items_purged_floors":[13,21],"is_endless":false,"potions_floor_spawned":[7,11,12,16,18],"killed_by":"Book of Stabbing","ascension_level":4}