{"gold_per_floor":[116,116,116,116,128,128,153,153,153,153,188,31,47,47,47,122,122,141,141,40,54,54,54,64,64,91,91,108,23,33,65,65,65],"floor_reached":33,"playtime":1271,"items_purged":[],"score":562,"play_id":"2c8b87c7-45fb-4f94-902b-b55e5b8095cc","local_time":"20190513091800","is_ascension_mode":true,"campfire_choices":[{"data":"Crippling Poison","floor":6,"key":"SMITH"},{"data":"Bouncing Flask","floor":8,"key":"SMITH"},{"data":"Prepared","floor":10,"key":"SMITH"},{"floor":15,"key":"REST"},{"floor":23,"key":"REST"},{"floor":25,"key":"REST"},{"floor":27,"key":"REST"},{"floor":32,"key":"REST"}],"neow_cost":"NONE","seed_source_timestamp":8538185301227,"circlet_count":0,"master_deck":["AscendersBane","Defend_G","Defend_G","Defend_G","Defend_G","Defend_G+1","Strike_G","Strike_G","Strike_G","Strike_G","Strike_G","Survivor","Neutralize+1","Bouncing Flask+1","Crippling Poison+1","Prepared+1","Prepared","Dagger Spray+1","Burst","Dagger Spray","Well Laid Plans","Acrobatics","Sucker Punch","Sucker Punch","Escape Plan","Tactician","Bouncing Flask","Acrobatics"],"relics":["Ring of the Snake","NeowsBlessing","Darkstone Periapt","NlothsMask","Omamori","Bronze Scales","Art of War","Fusion Hammer","Pen Nib","Juzu Bracelet"],"potions_floor_usage":[11,16,28,31,31],"damage_taken":[{"damage":0,"enemies":"Jaw Worm","floor":1,"turns":1},{"damage":0,"enemies":"2 Louse","floor":5,"turns":1},{"damage":0,"enemies":"3 Sentries","floor":7,"turns":1},{"damage":7,"enemies":"Lagavulin","floor":11,"turns":4},{"damage":0,"enemies":"Small Slimes","floor":13,"turns":3},{"damage":11,"enemies":"Hexaghost","floor":16,"turns":8},{"damage":6,"enemies":"3 Byrds","floor":18,"turns":2},{"damage":3,"enemies":"Spheric Guardian","floor":21,"turns":3},{"damage":25,"enemies":"Centurion and Healer","floor":24,"turns":6},{"damage":28,"enemies":"Snecko","floor":28,"turns":5},{"damage":6,"enemies":"3 Cultists","floor":30,"turns":4},{"damage":32,"enemies":"Book of Stabbing","floor":31,"turns":5},{"damage":37,"enemies":"Collector","floor":33,"turns":5}],"seed_played":"4998208851576420130","potions_obtained":[{"floor":1,"key":"SkillPotion"},{"floor":11,"key":"AttackPotion"},{"floor":18,"key":"Energy Potion"},{"floor":24,"key":"Strength Potion"},{"floor":30,"key":"Poison Potion"}],"is_trial":false,"path_per_floor":["M","?","?","?","M","R","E","R","T","R","E","$","M","?","R","B",null,"M","?","$","M","?","R","M","R","T","R","M","$","M","E","R","B"],"character_chosen":"THE_SILENT","items_purchased":["Art of War","Well Laid Plans","Acrobatics","Tactician"],"campfire_rested":5,"item_purchase_floors":[12,20,20,29],"current_hp_per_floor":[59,54,34,34,34,34,34,34,34,34,27,27,27,27,46,35,58,52,52,52,49,31,52,27,48,48,69,41,41,35,3,24,0],"gold":65,"neow_bonus":"THREE_ENEMY_KILL","is_prod":false,"is_daily":false,"chose_seed":false,"campfire_upgraded":3,"win_rate":0,"timestamp":1557764280,"path_taken":["M","?","?","?","?","R","E","R","T","R","E","$","?","?","R","BOSS","M","?","$","M","?","R","M","R","T","R","M","$","M","E","R","BOSS"],"build_version":"2019-01-23","purchased_purges":0,"victory":false,"max_hp_per_floor":[66,66,66,66,66,66,66,66,66,66,66,66,66,66,66,66,66,66,66,66,66,71,71,71,71,71,71,71,71,71,71,71,71],"card_choices":[{"not_picked":["Outmaneuver","Flying Knee"],"picked":"Bouncing Flask","floor":1},{"not_picked":["Dagger Throw","Expertise"],"picked":"Crippling Poison","floor":5},{"not_picked":["Accuracy","Underhanded Strike"],"picked":"Prepared","floor":7},{"not_picked":["Cloak And Dagger","All Out Attack"],"picked":"Prepared","floor":11},{"not_picked":["Setup","All Out Attack"],"picked":"Dagger Spray","floor":13},{"not_picked":["Night Terror","Die Die Die"],"picked":"Burst","floor":16},{"not_picked":["Outmaneuver+1","Sucker Punch"],"picked":"Dagger Spray","floor":18},{"not_picked":["Poisoned Stab","Quick Slash"],"picked":"Sucker Punch","floor":21},{"not_picked":["Flying Knee","Slice"],"picked":"Sucker Punch","floor":24},{"not_picked":["Bane","Dagger Throw+1"],"picked":"Escape Plan","floor":28},{"not_picked":["All Out Attack","Sucker Punch"],"picked":"Bouncing Flask","floor":30},{"not_picked":["Dagger Throw","Caltrops"],"picked":"Acrobatics","floor":31}],"player_experience":1694671,"relics_obtained":[{"floor":7,"key":"Omamori"},{"floor":11,"key":"Bronze Scales"},{"floor":26,"key":"Pen Nib"},{"floor":31,"key":"Juzu Bracelet"}],"event_choices":[{"damage_healed":0,"gold_gain":0,"player_choice":"Success","damage_taken":5,"relics_obtained":["Darkstone Periapt"],"max_hp_gain":0,"max_hp_loss":0,"event_name":"Scrap Ooze","floor":2,"gold_loss":0},{"damage_healed":0,"gold_gain":0,"player_choice":"Entered Light","damage_taken":20,"max_hp_gain":0,"max_hp_loss":0,"event_name":"Shining Light","floor":3,"gold_loss":0,"cards_upgraded":["Defend_G","Neutralize"]},{"damage_healed":0,"gold_gain":0,"player_choice":"Trade","damage_taken":0,"relics_obtained":["NlothsMask"],"max_hp_gain":0,"max_hp_loss":0,"event_name":"FaceTrader","floor":4,"gold_loss":0},{"damage_healed":0,"gold_gain":0,"player_choice":"Upgraded","damage_taken":0,"max_hp_gain":0,"max_hp_loss":0,"event_name":"Upgrade Shrine","floor":14,"gold_loss":0,"cards_upgraded":["Dagger Spray"]},{"damage_healed":0,"gold_gain":0,"player_choice":"Ignored","damage_taken":0,"max_hp_gain":0,"max_hp_loss":0,"event_name":"Ghosts","floor":19,"gold_loss":0},{"damage_healed":0,"gold_gain":0,"player_choice":"Shed Blood","damage_taken":23,"max_hp_gain":5,"max_hp_loss":0,"event_name":"Forgotten Altar","floor":22,"gold_loss":0}],"is_beta":false,"boss_relics":[{"not_picked":["Sozu","Coffee Dripper"],"picked":"Fusion Hammer"}],"items_purged_floors":[],"is_endless":false,"potions_floor_spawned":[1,11,18,24,30],"killed_by":"Collector","ascension_level":18}