{"gold_per_floor":[114,133,133,83,6,39,114,127,127,127,127,154,174,199,199,273,273,292,292,307,332,332,332,345,359,440,440,457,64,64,64,64,137,137,151,104,114,114,134,134,134],"floor_reached":41,"playtime":2196,"items_purged":[],"score":780,"play_id":"2acea1ae-4c02-47b2-9920-672be8b3c40f","local_time":"20190503131409","is_ascension_mode":true,"campfire_choices":[{"floor":15,"key":"REST"},{"floor":23,"key":"REST"},{"floor":27,"key":"REST"},{"floor":30,"key":"REST"},{"data":"Inflame","floor":32,"key":"SMITH"},{"floor":40,"key":"REST"}],"neow_cost":"NONE","seed_source_timestamp":1353488223187500,"circlet_count":0,"master_deck":["AscendersBane","Defend_R","Defend_R+1","Defend_R+1","Bash","Infernal Blade","Rampage","Whirlwind","Exhume+1","Rampage","Inflame+1","Fiend Fire","Havoc+1","Feed","Flame Barrier+1","Shockwave+1","Iron Wave+1","Warcry+1","Flex+1","Dual Wield+1","Warcry+1","Impervious+1","Twin Strike","Madness+1","Secret Weapon+1","Battle Trance+1","Impervious+1","Battle Trance+1","Warcry+1","Heavy Blade","Exhume+1","Whirlwind"],"relics":["Burning Blood","NeowsBlessing","Toxic Egg 2","Pen Nib","Red Skull","Darkstone Periapt","Astrolabe","Red Mask","Shuriken","Matryoshka","Bag of Preparation","White Beast Statue"],"potions_floor_usage":[10,16,21,33,37,39,41],"damage_taken":[{"damage":0,"enemies":"2 Louse","floor":1,"turns":1},{"damage":0,"enemies":"Small Slimes","floor":2,"turns":1},{"damage":0,"enemies":"Gremlin Nob","floor":6,"turns":1},{"damage":7,"enemies":"Jaw Worm","floor":8,"turns":4},{"damage":0,"enemies":"The Mushroom Lair","floor":10,"turns":2},{"damage":22,"enemies":"3 Sentries","floor":12,"turns":5},{"damage":0,"enemies":"Exordium Thugs","floor":13,"turns":2},{"damage":24,"enemies":"Lagavulin","floor":14,"turns":5},{"damage":30,"enemies":"Hexaghost","floor":16,"turns":6},{"damage":8,"enemies":"Chosen","floor":18,"turns":4},{"damage":27,"enemies":"Shell Parasite","floor":20,"turns":5},{"damage":13,"enemies":"Masked Bandits","floor":21,"turns":2},{"damage":12,"enemies":"Cultist and Chosen","floor":24,"turns":5},{"damage":19,"enemies":"Chosen and Byrds","floor":25,"turns":7},{"damage":17,"enemies":"Shelled Parasite and Fungi","floor":28,"turns":4},{"damage":52,"enemies":"Automaton","floor":33,"turns":9},{"damage":0,"enemies":"Orb Walker","floor":35,"turns":3},{"damage":21,"enemies":"3 Darklings","floor":37,"turns":4},{"damage":27,"enemies":"Maw","floor":39,"turns":6},{"damage":68,"enemies":"Reptomancer","floor":41,"turns":2}],"seed_played":"-7026756115627676183","potions_obtained":[{"floor":1,"key":"BloodPotion"},{"floor":6,"key":"SmokeBomb"},{"floor":13,"key":"FearPotion"},{"floor":18,"key":"Fire Potion"},{"floor":24,"key":"SpeedPotion"},{"floor":33,"key":"Strength Potion"},{"floor":37,"key":"Poison Potion"},{"floor":39,"key":"Poison Potion"}],"is_trial":false,"path_per_floor":["M","M","?","?","$","E","?","M","T","?","?","E","M","E","R","B",null,"M","?","M","?","?","R","M","M","T","R","M","$","R","?","R","B",null,"M","$","M","?","M","R","E"],"character_chosen":"IRONCLAD","items_purchased":["Whirlwind","Madness+1","Bag of Preparation","Secret Weapon+1","Warcry+1"],"campfire_rested":5,"item_purchase_floors":[5,29,29,29,36],"current_hp_per_floor":[74,75,60,60,60,66,55,54,54,60,60,44,50,32,54,30,64,62,48,27,20,20,44,38,28,28,52,41,41,65,65,65,19,67,73,73,58,58,37,61,0],"gold":134,"neow_bonus":"THREE_ENEMY_KILL","is_prod":false,"is_daily":false,"chose_seed":false,"campfire_upgraded":1,"win_rate":0,"timestamp":1556882049,"path_taken":["M","M","?","?","$","E","?","M","T","?","?","E","M","E","R","BOSS","M","?","M","?","?","R","?","M","T","R","M","?","R","?","R","BOSS","M","$","M","?","?","R","E"],"build_version":"2019-01-23","purchased_purges":0,"victory":false,"max_hp_per_floor":[75,75,75,75,75,75,75,75,75,75,75,75,75,75,75,75,75,75,80,80,80,80,80,80,83,83,83,83,83,83,83,83,83,83,83,83,83,83,83,83,83],"card_choices":[{"not_picked":["Armaments","Carnage"],"picked":"Infernal Blade","floor":1},{"not_picked":["Pommel Strike","Thunderclap"],"picked":"Rampage","floor":2},{"not_picked":["Sever Soul","True Grit"],"picked":"Exhume","floor":6},{"not_picked":["Heavy Blade","Iron Wave"],"picked":"Rampage","floor":8},{"not_picked":["Sword Boomerang","Entrench+1"],"picked":"Fiend Fire","floor":12},{"not_picked":["Body Slam","Perfected Strike"],"picked":"Havoc+1","floor":13},{"not_picked":["Fire Breathing","Corruption","Carnage"],"picked":"SKIP","floor":14},{"not_picked":["Impervious+1","Immolate"],"picked":"Feed","floor":16},{"not_picked":["Fire Breathing","Clothesline"],"picked":"Warcry+1","floor":18},{"not_picked":["Headbutt+1","Armaments+1"],"picked":"Flex+1","floor":20},{"not_picked":["Flex+1","Ghostly Armor+1"],"picked":"Dual Wield+1","floor":21},{"not_picked":["Perfected Strike","Burning Pact+1"],"picked":"Warcry+1","floor":24},{"not_picked":["Carnage","True Grit+1"],"picked":"Impervious+1","floor":25},{"not_picked":["Shrug It Off+1","Sever Soul"],"picked":"Twin Strike","floor":28},{"not_picked":["Demon Form","Feed"],"picked":"Impervious+1","floor":33},{"not_picked":["Clash","Entrench+1"],"picked":"Battle Trance+1","floor":35},{"not_picked":["Shrug It Off+1","Wild Strike"],"picked":"Heavy Blade","floor":37},{"not_picked":["Twin Strike+1","Impervious+1"],"picked":"Whirlwind","floor":39}],"player_experience":1792444,"relics_obtained":[{"floor":6,"key":"Toxic Egg 2"},{"floor":9,"key":"Pen Nib"},{"floor":12,"key":"Red Skull"},{"floor":14,"key":"Darkstone Periapt"},{"floor":21,"key":"Red Mask"},{"floor":26,"key":"Matryoshka"}],"event_choices":[{"damage_healed":0,"gold_gain":0,"player_choice":"Entered Light","damage_taken":15,"max_hp_gain":0,"max_hp_loss":0,"event_name":"Shining Light","floor":3,"gold_loss":0,"cards_upgraded":["Defend_R","Defend_R"]},{"cards_removed":["Strike_R"],"damage_healed":0,"gold_gain":0,"player_choice":"Card Removal","damage_taken":0,"max_hp_gain":0,"max_hp_loss":0,"event_name":"The Cleric","floor":4,"gold_loss":50},{"damage_healed":0,"gold_gain":75,"player_choice":"Gather Gold","damage_taken":11,"max_hp_gain":0,"max_hp_loss":0,"event_name":"World of Goop","floor":7,"gold_loss":0},{"damage_healed":0,"gold_gain":0,"player_choice":"Fought Mushrooms","damage_taken":0,"max_hp_gain":0,"max_hp_loss":0,"event_name":"Mushrooms","floor":10,"gold_loss":0},{"damage_healed":0,"gold_gain":0,"cards_transformed":["Strike_R"],"player_choice":"Change","damage_taken":0,"max_hp_gain":0,"max_hp_loss":0,"event_name":"Living Wall","floor":11,"gold_loss":0,"cards_obtained":["Inflame"]},{"damage_healed":0,"gold_gain":0,"player_choice":"Shed Blood","damage_taken":19,"max_hp_gain":5,"max_hp_loss":0,"event_name":"Forgotten Altar","floor":19,"gold_loss":0},{"damage_healed":0,"gold_gain":0,"player_choice":"Fought Bandits","damage_taken":0,"max_hp_gain":0,"max_hp_loss":0,"event_name":"Masked Bandits","floor":21,"gold_loss":0},{"damage_healed":0,"gold_gain":0,"player_choice":"Opened","damage_taken":0,"relics_obtained":["Shuriken"],"max_hp_gain":0,"max_hp_loss":0,"event_name":"The Mausoleum","floor":22,"gold_loss":0},{"damage_healed":0,"gold_gain":0,"player_choice":"Read","damage_taken":0,"max_hp_gain":0,"max_hp_loss":0,"event_name":"The Library","floor":31,"gold_loss":0,"cards_obtained":["Battle Trance"]},{"damage_healed":0,"gold_gain":0,"cards_transformed":["Defend_R"],"player_choice":"Transformed","damage_taken":0,"max_hp_gain":0,"max_hp_loss":0,"event_name":"Transmorgrifier","floor":38,"gold_loss":0,"cards_obtained":["Exhume"]}],"is_beta":false,"boss_relics":[{"not_picked":["Black Star","Velvet Choker"],"picked":"Astrolabe"},{"not_picked":["Eternal Feather","Sozu"],"picked":"White Beast Statue"}],"items_purged_floors":[],"is_endless":false,"potions_floor_spawned":[1,6,10,13,14,18,24,25,33,35,37,39],"killed_by":"Reptomancer","ascension_level":14}