{"path_per_floor":["M","?","M","M","?","R","E","R","T","T","R","E","M","E","R","B",null,"M","?","M","$","?","R","M","E","T","M","R","M","R","M","R","B",null,"M","$","?","T","$","E","R","M","T","M","M","R","$","E","R","B"],"character_chosen":"IRONCLAD","items_purchased":["Cleave","Shrug It Off","Thread and Needle","Art of War","Cleave","Dexterity Potion","Shrug It Off","Anger"],"gold_per_floor":[116,116,127,147,147,147,176,176,224,224,224,253,270,300,300,397,397,408,408,419,268,368,368,380,408,431,450,450,462,462,473,473,576,576,594,67,0,0,0,30,30,47,47,64,80,80,6,37,37,37],"floor_reached":51,"campfire_rested":2,"playtime":3487,"current_hp_per_floor":[88,88,88,88,88,88,77,77,77,77,91,78,79,73,73,23,103,86,91,91,91,91,91,89,58,58,59,92,96,96,98,98,82,119,111,111,111,111,111,109,109,116,116,127,127,127,127,127,127,71],"items_purged":["Perfected Strike"],"gold":37,"score":697,"play_id":"d10695d7-5c4b-41ee-99ea-fcfbd42117c7","local_time":"20180301205722","is_prod":false,"is_daily":false,"is_ascension_mode":true,"campfire_upgraded":9,"timestamp":1519966642,"path_taken":["M","?","M","M","?","R","E","R","T","?","R","E","M","E","R","BOSS","M","?","M","$","?","R","M","E","T","M","R","M","R","M","R","BOSS","M","$","?","?","$","E","R","?","T","M","?","R","?","E","R","BOSS"],"build_version":"2018-03-01-PROD1","purchased_purges":1,"victory":true,"master_deck":["Bash+1","Heavy Blade+1","Cleave+1","Feed+1","Battle Trance","Anger","Shrug It Off","Limit Break+1","Barricade","Sword Boomerang","Metallicize","Cleave","Bloodletting","Bloodletting","Rage","Pommel Strike+1","Shockwave+1","Cleave","Shrug It Off","Pommel Strike","Demon Form+1","Armaments+1","Shockwave+1","Burning Pact+1","Double Tap+1","Inflame+1","Cleave","Rupture+1","Searing Blow+2","Fire Breathing+1","Juggernaut","Shrug It Off+1","Anger","Flex+1"],"max_hp_per_floor":[88,88,88,88,88,88,91,91,91,91,91,95,99,99,99,103,103,107,107,107,107,107,107,107,107,107,111,111,115,115,119,119,119,119,123,123,123,123,123,123,123,123,123,127,127,127,127,127,127,127],"relics":["Black Blood","Orichalcum","Pen Nib","Mummified Hand","Oddly Smooth Stone","Ornamental Fan","Pandora\u0027s Box","Smiling Mask","Bag of Marbles","Thread and Needle","Art of War","Red Mask","Bronze Scales","Toxic Egg 2","Bird Faced Urn","Anchor"],"card_choices":[{"not_picked":["Perfected Strike","True Grit"],"picked":"Heavy Blade"},{"not_picked":["Iron Wave","Heavy Blade"],"picked":"Cleave"},{"not_picked":["Disarm","Heavy Blade"],"picked":"Feed"},{"not_picked":["Perfected Strike","Power Through"],"picked":"Battle Trance"},{"not_picked":["Armaments","Clash"],"picked":"Anger"},{"not_picked":["Battle Trance","Fire Breathing"],"picked":"Shrug It Off"},{"not_picked":["Anger","Armaments"],"picked":"Limit Break"},{"not_picked":["Double Tap","Offering"],"picked":"Barricade"},{"not_picked":["Armaments","Headbutt"],"picked":"Pommel Strike"},{"not_picked":["Flex","Wild Strike"],"picked":"Shockwave"},{"not_picked":["Perfected Strike","Wild Strike"],"picked":"Pommel Strike"},{"not_picked":["Wild Strike","Dual Wield"],"picked":"Demon Form"},{"not_picked":["Sword Boomerang","Evolve"],"picked":"Armaments"},{"not_picked":["True Grit","Evolve"],"picked":"Shockwave"},{"not_picked":["Feel No Pain","Carnage"],"picked":"Burning Pact"},{"not_picked":["Limit Break","Reaper"],"picked":"Double Tap"},{"not_picked":["Clash","True Grit"],"picked":"Inflame"},{"not_picked":["Combust","Flex"],"picked":"Rupture"},{"not_picked":["Corruption","Burning Pact"],"picked":"Searing Blow"},{"not_picked":["Twin Strike","Pommel Strike"],"picked":"Fire Breathing"},{"not_picked":["Thunderclap","Wild Strike"],"picked":"Juggernaut"},{"not_picked":["Carnage","Ghostly Armor"],"picked":"Flex"}],"player_experience":148542,"potions_floor_usage":[16,16,50,50,50],"damage_taken":[{"damage":1,"enemies":"Cultist","floor":1,"turns":4},{"damage":6,"enemies":"Jaw Worm","floor":3,"turns":3},{"damage":0,"enemies":"2 Louse","floor":4,"turns":2},{"damage":20,"enemies":"Gremlin Nob","floor":7,"turns":4},{"damage":23,"enemies":"3 Sentries","floor":12,"turns":7},{"damage":9,"enemies":"Lots of Slimes","floor":13,"turns":4},{"damage":12,"enemies":"Gremlin Nob","floor":14,"turns":4},{"damage":60,"enemies":"Hexaghost","floor":16,"turns":10},{"damage":27,"enemies":"3 Byrds","floor":18,"turns":5},{"damage":6,"enemies":"Chosen","floor":20,"turns":5},{"damage":8,"enemies":"Snecko","floor":24,"turns":6},{"damage":37,"enemies":"Book of Stabbing","floor":25,"turns":7},{"damage":9,"enemies":"3 Cultists","floor":27,"turns":4},{"damage":6,"enemies":"Centurion and Healer","floor":29,"turns":6},{"damage":8,"enemies":"Chosen and Byrds","floor":31,"turns":4},{"damage":22,"enemies":"Champ","floor":33,"turns":7},{"damage":22,"enemies":"Orb Walker","floor":35,"turns":4},{"damage":12,"enemies":"2 Orb Walkers","floor":40,"turns":5},{"damage":3,"enemies":"3 Darklings","floor":42,"turns":4},{"damage":7,"enemies":"4 Shapes","floor":44,"turns":3},{"damage":12,"enemies":"Maw","floor":45,"turns":7},{"damage":7,"enemies":"Nemesis","floor":48,"turns":5},{"damage":76,"enemies":"Donu and Deca","floor":50,"turns":9}],"event_choices":[{"event_name":"Living Wall","player_choice":"Grow","floor":2,"damage_taken":0},{"event_name":"Purifier","player_choice":"One Purge","floor":5,"damage_taken":0},{"event_name":"Bonfire Elementals","player_choice":"COMMON","floor":19,"damage_taken":0},{"event_name":"Golden Shrine","player_choice":"Pray","floor":22,"damage_taken":0},{"event_name":"Tomb of Lord Red Mask","player_choice":"Paid","floor":37,"damage_taken":0}],"boss_relics":[{"not_picked":["Black Star","Mark of Pain"],"picked":"Pandora\u0027s Box"},{"not_picked":["Runic Cube","Runic Pyramid"],"picked":"Black Blood"}],"potions_floor_spawned":[3,7,12,16,18,20,25,31,40,45,48],"seed_played":"487587937165710817","ascension_level":1,"is_trial":false}