{"gold_per_floor":[117,117,134,146,165,193,193,226,295,295,325,325,325,381,381,477,477,495,519,529,529,529,529],"floor_reached":23,"playtime":1365,"items_purged":[],"score":239,"play_id":"257da484-7430-4716-ad0b-1d41f99c5e55","local_time":"20190514062012","is_ascension_mode":true,"campfire_choices":[{"floor":7,"key":"REST"},{"floor":10,"key":"REST"},{"floor":12,"key":"REST"},{"floor":15,"key":"REST"}],"neow_cost":"NONE","seed_source_timestamp":148209239422032,"circlet_count":0,"master_deck":["Defend_G","Defend_G","Defend_G","Defend_G","Defend_G","Strike_G","Survivor","Neutralize","Crippling Poison","PiercingWail","Endless Agony","Prepared","Calculated Gamble","Poisoned Stab","Skewer","Crippling Poison","Backflip","Adrenaline","Cloak And Dagger","Corpse Explosion","Noxious Fumes","Deadly Poison","Backstab","Bane"],"relics":["Ring of the Snake","Thread and Needle","The Specimen","Sundial","Dream Catcher","Tiny Chest","Empty Cage","Juzu Bracelet"],"potions_floor_usage":[14],"damage_taken":[{"damage":2,"enemies":"Jaw Worm","floor":1,"turns":5},{"damage":2,"enemies":"Small Slimes","floor":3,"turns":5},{"damage":0,"enemies":"Cultist","floor":4,"turns":5},{"damage":18,"enemies":"Gremlin Gang","floor":5,"turns":6},{"damage":27,"enemies":"3 Sentries","floor":6,"turns":12},{"damage":17,"enemies":"Lagavulin","floor":8,"turns":6},{"damage":29,"enemies":"3 Sentries","floor":11,"turns":7},{"damage":21,"enemies":"Gremlin Nob","floor":14,"turns":5},{"damage":30,"enemies":"The Guardian","floor":16,"turns":15},{"damage":0,"enemies":"3 Byrds","floor":18,"turns":4},{"damage":14,"enemies":"Chosen","floor":20,"turns":7},{"damage":52,"enemies":"Gremlin Leader","floor":23,"turns":6}],"seed_played":"9180807520098825150","potions_obtained":[{"floor":4,"key":"AttackPotion"},{"floor":8,"key":"SteroidPotion"},{"floor":11,"key":"SpeedPotion"},{"floor":13,"key":"Regen Potion"},{"floor":13,"key":"EntropicBrew"},{"floor":16,"key":"Poison Potion"}],"is_trial":false,"path_per_floor":["M","?","M","M","M","E","R","E","T","R","E","R","?","E","R","B",null,"M","T","M","?","?","E"],"character_chosen":"THE_SILENT","items_purchased":[],"campfire_rested":4,"item_purchase_floors":[],"current_hp_per_floor":[68,73,71,71,53,26,48,31,31,53,24,46,46,40,62,32,75,75,75,61,61,47,0],"gold":529,"neow_bonus":"THREE_CARDS","is_prod":false,"is_daily":false,"chose_seed":false,"campfire_upgraded":0,"win_rate":0,"timestamp":1557829212,"path_taken":["M","?","M","M","M","E","R","E","T","R","E","R","?","E","R","BOSS","M","?","M","?","?","E"],"build_version":"2019-01-23","purchased_purges":0,"victory":false,"max_hp_per_floor":[70,75,75,75,75,75,75,75,75,75,75,75,75,75,75,75,75,75,75,75,75,80,80],"card_choices":[{"not_picked":["Bane","Outmaneuver"],"picked":"Crippling Poison","floor":0},{"not_picked":["Backflip","Flechettes"],"picked":"PiercingWail","floor":1},{"not_picked":["Slice","Eviscerate"],"picked":"Endless Agony","floor":3},{"not_picked":["Sucker Punch","PiercingWail"],"picked":"Prepared","floor":4},{"not_picked":["Outmaneuver","Choke"],"picked":"Calculated Gamble","floor":5},{"not_picked":["Unload","Blade Dance"],"picked":"Poisoned Stab","floor":6},{"not_picked":["Reflex","Blade Dance"],"picked":"Skewer","floor":8},{"not_picked":["PiercingWail","Acrobatics"],"picked":"Crippling Poison","floor":11},{"not_picked":["Heel Hook","Dodge and Roll"],"picked":"Backflip","floor":12},{"not_picked":["Slice","Sucker Punch"],"picked":"Adrenaline","floor":14},{"not_picked":["Quick Slash","Deadly Poison"],"picked":"Cloak And Dagger","floor":15},{"not_picked":["Envenom","Doppelganger"],"picked":"Corpse Explosion","floor":16},{"not_picked":["Outmaneuver","Bane"],"picked":"Noxious Fumes","floor":18},{"not_picked":["Bane","Blade Dance"],"picked":"Deadly Poison","floor":20}],"player_experience":76497,"relics_obtained":[{"floor":6,"key":"Thread and Needle"},{"floor":8,"key":"The Specimen"},{"floor":9,"key":"Sundial"},{"floor":11,"key":"Dream Catcher"},{"floor":14,"key":"Tiny Chest"},{"floor":19,"key":"Juzu Bracelet"}],"event_choices":[{"damage_healed":0,"gold_gain":0,"player_choice":"Donut","damage_taken":0,"max_hp_gain":5,"max_hp_loss":0,"event_name":"Big Fish","floor":2,"gold_loss":0},{"damage_healed":0,"gold_gain":0,"player_choice":"Got Potions","damage_taken":0,"max_hp_gain":0,"max_hp_loss":0,"event_name":"Lab","floor":13,"gold_loss":0},{"damage_healed":0,"gold_gain":0,"cards_transformed":["Strike_G","Strike_G"],"player_choice":"Became Test Subject","damage_taken":0,"max_hp_gain":0,"max_hp_loss":0,"event_name":"Drug Dealer","floor":21,"gold_loss":0,"cards_obtained":["Backstab","Bane"]},{"damage_healed":0,"gold_gain":0,"player_choice":"Shed Blood","damage_taken":19,"max_hp_gain":5,"max_hp_loss":0,"event_name":"Forgotten Altar","floor":22,"gold_loss":0}],"is_beta":false,"boss_relics":[{"not_picked":["Calling Bell","Coffee Dripper"],"picked":"Empty Cage"}],"items_purged_floors":[],"is_endless":false,"potions_floor_spawned":[4,8,11,16],"killed_by":"Gremlin Leader","ascension_level":2}