{"gold_per_floor":[111,127,142,142,142,142,186,186,186,219,194,217,21,21],"floor_reached":14,"playtime":340,"items_purged":[],"score":182,"play_id":"b61ba273-dbbf-48dd-8e9f-815f10c672b0","local_time":"20190505202227","is_ascension_mode":true,"campfire_choices":[{"floor":6,"key":"REST"},{"floor":8,"key":"REST"}],"neow_cost":"NONE","seed_source_timestamp":24379807274800,"circlet_count":0,"master_deck":["AscendersBane","Strike_B","Strike_B","Strike_B","Strike_B","Defend_B","Defend_B","Defend_B","Defend_B","Zap","Dualcast","Core Surge","Steam Power","White Noise","Injury","Regret","White Noise","Static Discharge","Undo","Sadistic Nature"],"relics":["Cracked Core","Golden Idol","Darkstone Periapt","Pear","Shuriken","Potion Belt"],"potions_floor_usage":[7,12],"damage_taken":[{"damage":0,"enemies":"Cultist","floor":1,"turns":3},{"damage":2,"enemies":"Jaw Worm","floor":2,"turns":3},{"damage":21,"enemies":"Small Slimes","floor":3,"turns":3},{"damage":41,"enemies":"Gremlin Nob","floor":7,"turns":4},{"damage":33,"enemies":"Lagavulin","floor":10,"turns":7},{"damage":23,"enemies":"Exordium Wildlife","floor":12,"turns":4},{"damage":18,"enemies":"Blue Slaver","floor":14,"turns":2}],"seed_played":"1521664509303825953","potions_obtained":[{"floor":1,"key":"SteroidPotion"},{"floor":10,"key":"Fire Potion"},{"floor":12,"key":"Strength Potion"}],"is_trial":false,"path_per_floor":["M","M","M","?","?","R","E","R","T","E","?","M","$","M"],"character_chosen":"DEFECT","items_purchased":["Sadistic Nature"],"campfire_rested":2,"item_purchase_floors":[13],"current_hp_per_floor":[68,66,45,45,51,75,44,71,71,38,38,15,15,0],"gold":21,"neow_bonus":"ONE_RANDOM_RARE_CARD","is_prod":false,"is_daily":false,"chose_seed":false,"campfire_upgraded":0,"win_rate":0,"timestamp":1557080547,"path_taken":["M","M","M","?","?","R","E","R","T","E","?","M","$","M"],"build_version":"2019-01-23","purchased_purges":0,"victory":false,"max_hp_per_floor":[75,75,75,75,81,81,91,91,91,91,91,91,91,91],"card_choices":[{"not_picked":["Turbo","Streamline"],"picked":"Steam Power","floor":1},{"not_picked":["Reinforced Body","Go for the Eyes"],"picked":"White Noise","floor":2},{"not_picked":["Rip and Tear","Coolheaded","Beam Cell"],"picked":"SKIP","floor":3},{"not_picked":["Cold Snap","Tempest"],"picked":"White Noise","floor":7},{"not_picked":["Beam Cell","Sweeping Beam"],"picked":"Static Discharge","floor":10},{"not_picked":["Cold Snap","Meteor Strike"],"picked":"Undo","floor":12}],"player_experience":1822276,"relics_obtained":[{"floor":7,"key":"Pear"},{"floor":9,"key":"Shuriken"},{"floor":10,"key":"Potion Belt"}],"event_choices":[{"damage_healed":0,"gold_gain":0,"player_choice":"Take Wound","damage_taken":0,"relics_obtained":["Golden Idol"],"max_hp_gain":0,"max_hp_loss":0,"event_name":"Golden Idol","floor":4,"gold_loss":0,"cards_obtained":["Injury"]},{"damage_healed":0,"gold_gain":0,"player_choice":"Box","damage_taken":0,"relics_obtained":["Darkstone Periapt"],"max_hp_gain":0,"max_hp_loss":0,"event_name":"Big Fish","floor":5,"gold_loss":0,"cards_obtained":["Regret"]},{"damage_healed":0,"gold_gain":0,"player_choice":"Left Gold","damage_taken":0,"max_hp_gain":0,"max_hp_loss":0,"event_name":"World of Goop","floor":11,"gold_loss":25}],"is_beta":false,"boss_relics":[],"items_purged_floors":[],"is_endless":false,"potions_floor_spawned":[1,10,12],"killed_by":"Blue Slaver","ascension_level":12}