{"gold_per_floor":[12,12,12,0,0,0,10,46,46,46,46,46,46,58,58,153,153,166,18,0,0,0,15,30,30,30,30,30],"floor_reached":28,"playtime":1482,"items_purged":["Defend_B"],"score":204,"play_id":"a9e1fc74-4544-4461-83b7-11f70c6e3a42","local_time":"20181021210103","is_ascension_mode":false,"campfire_choices":[{"data":"Apotheosis","floor":6,"key":"SMITH"},{"floor":11,"key":"REST"},{"data":"Double Energy","floor":15,"key":"SMITH"},{"floor":25,"key":"REST"}],"neow_cost":"NO_GOLD","seed_source_timestamp":75456358745700,"circlet_count":0,"master_deck":["Strike_B","Strike_B","Strike_B","Defend_B","Defend_B","Defend_B","Zap","Dualcast","Transmutation","Apotheosis+1","Leap","Conserve Battery","Hologram","Double Energy+1","Meteor Strike","Hologram","Loop","Rebound+1","Tempest","Writhe"],"relics":["Cracked Core","Incense Burner","Ancient Tea Set","Cursed Key","Enchiridion","Dodecahedron"],"potions_floor_usage":[16,23,24],"damage_taken":[{"damage":0,"enemies":"Cultist","floor":1,"turns":3},{"damage":7,"enemies":"Small Slimes","floor":7,"turns":5},{"damage":0,"enemies":"2 Louse","floor":8,"turns":3},{"damage":2,"enemies":"2 Fungi Beasts","floor":14,"turns":3},{"damage":11,"enemies":"The Guardian","floor":16,"turns":8},{"damage":10,"enemies":"3 Byrds","floor":18,"turns":3},{"damage":20,"enemies":"2 Thieves","floor":20,"turns":4},{"damage":5,"enemies":"Centurion and Healer","floor":23,"turns":5},{"damage":20,"enemies":"Sentry and Sphere","floor":24,"turns":4},{"damage":30,"enemies":"Snake Plant","floor":28,"turns":2}],"seed_played":"723371046198516823","potions_obtained":[{"floor":8,"key":"GamblersBrew"},{"floor":16,"key":"Explosive Potion"},{"floor":23,"key":"GamblersBrew"}],"is_trial":false,"path_per_floor":["M","?","$","?","?","R","M","M","T","?","R","?","$","M","R","B",null,"M","$","M","?","?","M","M","R","T","$"],"character_chosen":"DEFECT","items_purchased":["Loop"],"campfire_rested":2,"item_purchase_floors":[19],"current_hp_per_floor":[75,68,68,68,68,68,61,61,61,49,71,64,64,62,62,51,75,65,65,45,45,29,24,4,26,26,26,0],"gold":30,"neow_bonus":"RANDOM_COLORLESS_2","is_prod":false,"is_daily":false,"chose_seed":false,"campfire_upgraded":2,"win_rate":0,"timestamp":1540148463,"path_taken":["M","?","$","?","?","R","M","M","T","?","R","?","?","?","R","BOSS","M","$","?","?","?","?","M","R","T","$","M"],"build_version":"2018-10-18","purchased_purges":1,"victory":false,"max_hp_per_floor":[75,75,75,75,75,75,75,75,75,75,75,75,75,75,75,75,75,75,75,75,75,75,75,75,75,75,75,75],"card_choices":[{"not_picked":["Gash","Rip and Tear"],"picked":"Leap","floor":1},{"not_picked":["Doom and Gloom","Fusion"],"picked":"Conserve Battery","floor":7},{"not_picked":["Streamline","Barrage"],"picked":"Hologram","floor":8},{"not_picked":["Conserve Battery","Reinforced Body"],"picked":"Double Energy","floor":14},{"not_picked":["Amplify","Thunder Strike"],"picked":"Meteor Strike","floor":16},{"not_picked":["Fusion","Redo"],"picked":"Hologram","floor":18},{"not_picked":["Cold Snap","Go for the Eyes"],"picked":"Rebound+1","floor":20},{"not_picked":["Steam","Rip and Tear"],"picked":"Tempest","floor":23},{"not_picked":["Leap+1","Ball Lightning","Barrage+1"],"picked":"SKIP","floor":24}],"player_experience":745836,"relics_obtained":[{"floor":9,"key":"Incense Burner"},{"floor":22,"key":"Enchiridion"},{"floor":26,"key":"Dodecahedron"}],"event_choices":[{"cards_removed":["Strike_B"],"damage_healed":0,"gold_gain":0,"player_choice":"Card Removal","damage_taken":7,"max_hp_gain":0,"max_hp_loss":0,"event_name":"Golden Wing","floor":2,"gold_loss":0},{"damage_healed":0,"gold_gain":0,"player_choice":"Left Gold","damage_taken":0,"max_hp_gain":0,"max_hp_loss":0,"event_name":"World of Goop","floor":4,"gold_loss":12},{"damage_healed":0,"gold_gain":0,"player_choice":"Leave","damage_taken":0,"max_hp_gain":0,"max_hp_loss":0,"event_name":"The Cleric","floor":5,"gold_loss":0},{"damage_healed":0,"gold_gain":0,"player_choice":"Success","damage_taken":12,"relics_obtained":["Ancient Tea Set"],"max_hp_gain":0,"max_hp_loss":0,"event_name":"Scrap Ooze","floor":10,"gold_loss":0},{"damage_healed":0,"gold_gain":0,"player_choice":"Damaged","damage_taken":7,"max_hp_gain":0,"max_hp_loss":0,"event_name":"Wheel of Change","floor":12,"gold_loss":0},{"damage_healed":0,"gold_gain":0,"player_choice":"Ignored","damage_taken":0,"max_hp_gain":0,"max_hp_loss":0,"event_name":"Vampires","floor":21,"gold_loss":0},{"damage_healed":0,"gold_gain":0,"player_choice":"Obtained Book","damage_taken":16,"max_hp_gain":0,"max_hp_loss":0,"event_name":"Cursed Tome","floor":22,"gold_loss":0}],"is_beta":false,"boss_relics":[{"not_picked":["Busted Crown","Astrolabe"],"picked":"Cursed Key"}],"items_purged_floors":[19],"is_endless":false,"potions_floor_spawned":[8,16,23],"killed_by":"Snake Plant","ascension_level":0}