{"gold_per_floor":[119,79,96,112,74,103,103,129,177,177,177,177,177,189,189,189],"floor_reached":16,"playtime":603,"items_purged":[],"score":157,"play_id":"4a419ffa-99fe-4c66-9471-c952fdcd4a04","local_time":"20190125231633","is_ascension_mode":true,"campfire_choices":[{"floor":7,"key":"REST"},{"floor":10,"key":"REST"},{"floor":12,"key":"REST"},{"data":"Phantasmal Killer","floor":15,"key":"SMITH"}],"neow_cost":"PERCENT_DAMAGE","seed_source_timestamp":192814128869200,"circlet_count":0,"master_deck":["Defend_G","Defend_G","Defend_G","Defend_G","Defend_G","Strike_G","Strike_G","Strike_G","Strike_G","Strike_G","Survivor","Neutralize","Glass Knife","Poisoned Stab","Deadly Poison","Riddle With Holes","Phantasmal Killer+1","Riddle With Holes","Poisoned Stab"],"relics":["Ring of the Snake","Paper Crane","Bag of Marbles","Anchor","Snake Skull","Pen Nib"],"potions_floor_usage":[6,6,8,14],"damage_taken":[{"damage":0,"enemies":"Jaw Worm","floor":1,"turns":3},{"damage":0,"enemies":"Cultist","floor":3,"turns":2},{"damage":6,"enemies":"2 Louse","floor":4,"turns":2},{"damage":32,"enemies":"Gremlin Nob","floor":6,"turns":5},{"damage":16,"enemies":"3 Sentries","floor":8,"turns":8},{"damage":0,"enemies":"Gremlin Gang","floor":14,"turns":2},{"damage":58,"enemies":"Hexaghost","floor":16,"turns":9}],"seed_played":"5489598707502426704","potions_obtained":[{"floor":2,"key":"SpeedPotion"},{"floor":2,"key":"GamblersBrew"},{"floor":2,"key":"Energy Potion"},{"floor":3,"key":"Regen Potion"},{"floor":4,"key":"SkillPotion"},{"floor":6,"key":"Dexterity Potion"},{"floor":8,"key":"Fire Potion"}],"is_trial":false,"path_per_floor":["M","?","M","M","?","E","R","E","T","R","?","R","?","M","R","B"],"character_chosen":"THE_SILENT","items_purchased":[],"campfire_rested":3,"item_purchase_floors":[],"current_hp_per_floor":[45,45,45,39,39,21,42,26,26,47,35,56,56,56,56,0],"gold":189,"neow_bonus":"THREE_RARE_CARDS","is_prod":false,"is_daily":false,"chose_seed":false,"campfire_upgraded":1,"win_rate":0,"timestamp":1548454593,"path_taken":["M","?","?","?","?","E","R","E","T","R","?","R","?","?","R","BOSS"],"build_version":"2019-01-23","purchased_purges":0,"victory":false,"max_hp_per_floor":[70,70,70,70,70,70,70,70,70,70,70,70,70,70,70,70],"card_choices":[{"not_picked":["Malaise","Burst"],"picked":"Glass Knife","floor":0},{"not_picked":["Dodge and Roll","Expertise"],"picked":"Poisoned Stab","floor":1},{"not_picked":["Reflex","Poisoned Stab"],"picked":"Deadly Poison","floor":3},{"not_picked":["Outmaneuver","Cloak And Dagger"],"picked":"Riddle With Holes","floor":4},{"not_picked":["Outmaneuver","Deflect"],"picked":"Phantasmal Killer","floor":6},{"not_picked":["Quick Slash","Underhanded Strike"],"picked":"Riddle With Holes","floor":8},{"not_picked":["Dagger Throw","PiercingWail"],"picked":"Poisoned Stab","floor":14}],"player_experience":1297316,"relics_obtained":[{"floor":6,"key":"Paper Crane"},{"floor":8,"key":"Bag of Marbles"},{"floor":9,"key":"Anchor"}],"event_choices":[{"damage_healed":0,"gold_gain":0,"player_choice":"Bought 3 Potions","damage_taken":0,"max_hp_gain":0,"max_hp_loss":0,"event_name":"The Woman in Blue","floor":2,"gold_loss":0},{"damage_healed":0,"gold_gain":0,"player_choice":"Left Gold","damage_taken":0,"max_hp_gain":0,"max_hp_loss":0,"event_name":"World of Goop","floor":5,"gold_loss":38},{"damage_healed":0,"gold_gain":0,"player_choice":"Success","damage_taken":12,"relics_obtained":["Snake Skull"],"max_hp_gain":0,"max_hp_loss":0,"event_name":"Scrap Ooze","floor":11,"gold_loss":0},{"damage_healed":0,"gold_gain":0,"player_choice":"Gave Potion","damage_taken":0,"relics_obtained":["Pen Nib"],"max_hp_gain":0,"max_hp_loss":0,"event_name":"WeMeetAgain","floor":13,"gold_loss":0}],"is_beta":false,"boss_relics":[],"items_purged_floors":[],"is_endless":false,"potions_floor_spawned":[3,4,6,8],"killed_by":"Hexaghost","ascension_level":9}