{"path_per_floor":["M","?","M","$","?","R","M","R","T","?","T","M","R","$","R","B",null,"M","$","?","M","M"],"character_chosen":"IRONCLAD","items_purchased":["Twin Strike","Flex","Ghostly Armor","Carnage"],"gold_per_floor":[210,210,227,74,249,249,263,263,263,283,283,296,296,158,158,263,263,283,119,119,131,143],"floor_reached":23,"campfire_rested":0,"playtime":1360,"current_hp_per_floor":[75,68,69,69,69,69,74,74,74,61,75,78,78,78,78,31,94,90,90,90,25,16],"items_purged":["Strike_R","Doubt","Strike_R"],"gold":143,"score":197,"play_id":"054c4b6c-217d-47d9-8972-03bc3a285cd4","local_time":"20180310003048","is_prod":false,"is_daily":false,"is_ascension_mode":true,"campfire_upgraded":4,"timestamp":1520670648,"path_taken":["M","?","?","$","?","R","M","R","T","?","?","M","R","$","R","BOSS","M","$","?","M","M","E"],"build_version":"2018-03-09","purchased_purges":3,"victory":false,"master_deck":["Strike_R","Strike_R","Defend_R","Defend_R","Defend_R","Bash","Power Through","Metallicize","Twin Strike","Flex+1","Uppercut+1","Dual Wield","Whirlwind+1","Ghostly Armor+1","Double Tap","True Grit","Carnage","Twin Strike+1","Heavy Blade+1"],"max_hp_per_floor":[80,80,80,80,80,80,80,80,80,80,94,94,94,94,94,94,94,94,94,94,94,94],"relics":["Burning Blood","Self Forming Clay","Odd Mushroom","Mango","Question Card"],"card_choices":[{"not_picked":["Clothesline","True Grit"],"picked":"Power Through"},{"not_picked":["Reckless Charge","Pommel Strike"],"picked":"Metallicize"},{"not_picked":["Iron Wave","Body Slam"],"picked":"Uppercut"},{"not_picked":["Flex","Ghostly Armor"],"picked":"Dual Wield"},{"not_picked":["Carnage","Headbutt"],"picked":"Whirlwind"},{"not_picked":["Exhume","Impervious"],"picked":"Double Tap"},{"not_picked":["Wild Strike","Anger","Clash"],"picked":"True Grit"},{"not_picked":["Rupture","Headbutt","Armaments"],"picked":"Twin Strike"},{"not_picked":["True Grit","Power Through","Wild Strike"],"picked":"Heavy Blade"}],"player_experience":165022,"potions_floor_usage":[10,16,22,23,23],"damage_taken":[{"damage":11,"enemies":"2 Louse","floor":1,"turns":4},{"damage":5,"enemies":"Small Slimes","floor":3,"turns":5},{"damage":1,"enemies":"Cultist","floor":7,"turns":3},{"damage":19,"enemies":"The Mushroom Lair","floor":10,"turns":5},{"damage":3,"enemies":"Looter","floor":12,"turns":2},{"damage":53,"enemies":"Slime Boss","floor":16,"turns":14},{"damage":10,"enemies":"Spheric Guardian","floor":18,"turns":4},{"damage":71,"enemies":"3 Byrds","floor":21,"turns":10},{"damage":27,"enemies":"Snake Plant","floor":22,"turns":5},{"damage":19,"enemies":"Slavers","floor":23,"turns":1}],"event_choices":[{"event_name":"Golden Wing","player_choice":"Card Removal","floor":2,"damage_taken":0},{"event_name":"Liars Game","player_choice":"agreed","floor":5,"damage_taken":0},{"event_name":"Mushrooms","player_choice":"Fought Mushrooms","floor":10,"damage_taken":0},{"event_name":"Back to Basics","player_choice":"Elegance","floor":20,"damage_taken":0}],"boss_relics":[{"not_picked":["Ectoplasm","Runic Dome"],"picked":"Question Card"}],"potions_floor_spawned":[7,10,12,21,22],"seed_played":"5549599020050341532","killed_by":"Slavers","ascension_level":2,"is_trial":false}