{"gold_per_floor":[116,116,116,129,204,204,238,238,238,249,424,452,465,485,485,564,564,548,19,19,34,46,46,73,73,98,124,171,171,191,206,206,281,281,292,46,0,0,0,0,0,100,124,142,142,142,152,162,162,162],"floor_reached":51,"playtime":3645,"items_purged":["Doubt","Defend_G"],"score":1152,"play_id":"1698e27a-b258-40af-a89a-31bf511ef965","local_time":"20190502204151","is_ascension_mode":true,"campfire_choices":[{"data":"Predator","floor":6,"key":"SMITH"},{"floor":8,"key":"REST"},{"floor":15,"key":"REST"},{"data":"Crippling Poison","floor":23,"key":"SMITH"},{"data":"Dash","floor":25,"key":"SMITH"},{"data":"Acrobatics","floor":32,"key":"SMITH"},{"data":"Choke","floor":40,"key":"SMITH"},{"data":"Malaise","floor":46,"key":"SMITH"},{"data":"Transmutation","floor":49,"key":"SMITH"}],"neow_cost":"NONE","seed_source_timestamp":131822498244980,"circlet_count":0,"master_deck":["AscendersBane","Defend_G","Defend_G","Defend_G","Defend_G","Survivor","Neutralize","Predator+1","Backflip","Tactician","Crippling Poison+1","Footwork","Flying Knee","Deadly Poison","Venomology","Blur+1","Dash+1","Flying Knee+1","Acrobatics+1","Caltrops","Expertise","Malaise+1","Phantasmal Killer","Bouncing Flask+1","Dash+1","Phantasmal Killer+1","PiercingWail","Choke+1","Mind Blast","Footwork","Eviscerate","PiercingWail+1","Transmutation+1","Mind Blast","The Bomb","Cloak And Dagger","Dagger Throw+1"],"relics":["Snecko Eye","Nunchaku","Bag of Preparation","Paper Crane","Eternal Feather","ClockworkSouvenir","Bottled Flame","Peace Pipe","PreservedInsect","Smiling Mask","Centennial Puzzle","MutagenicStrength","Astrolabe","Red Mask","Mango","Omamori"],"potions_floor_usage":[12,16,16,21,22,24,24,30,31,33,33,44,50,50,50],"damage_taken":[{"damage":5,"enemies":"Small Slimes","floor":1,"turns":5},{"damage":0,"enemies":"Cultist","floor":4,"turns":3},{"damage":14,"enemies":"Lagavulin","floor":7,"turns":6},{"damage":4,"enemies":"2 Louse","floor":10,"turns":3},{"damage":15,"enemies":"Gremlin Nob","floor":12,"turns":4},{"damage":0,"enemies":"Gremlin Gang","floor":13,"turns":4},{"damage":0,"enemies":"Exordium Thugs","floor":14,"turns":4},{"damage":22,"enemies":"The Guardian","floor":16,"turns":13},{"damage":8,"enemies":"2 Thieves","floor":18,"turns":4},{"damage":0,"enemies":"Chosen","floor":21,"turns":4},{"damage":11,"enemies":"Shelled Parasite and Fungi","floor":22,"turns":6},{"damage":0,"enemies":"Gremlin Leader","floor":24,"turns":6},{"damage":7,"enemies":"Book of Stabbing","floor":27,"turns":6},{"damage":0,"enemies":"Sentry and Sphere","floor":30,"turns":4},{"damage":5,"enemies":"Centurion and Healer","floor":31,"turns":6},{"damage":44,"enemies":"Collector","floor":33,"turns":11},{"damage":0,"enemies":"3 Shapes","floor":35,"turns":4},{"damage":0,"enemies":"Mind Bloom Boss Battle","floor":42,"turns":9},{"damage":15,"enemies":"3 Darklings","floor":44,"turns":8},{"damage":4,"enemies":"4 Shapes","floor":47,"turns":3},{"damage":6,"enemies":"Sphere and 2 Shapes","floor":48,"turns":3},{"damage":102,"enemies":"Time Eater","floor":50,"turns":13}],"seed_played":"-2796836705945781462","potions_obtained":[{"floor":1,"key":"Energy Potion"},{"floor":4,"key":"Explosive Potion"},{"floor":12,"key":"Strength Potion"},{"floor":18,"key":"Poison Potion"},{"floor":30,"key":"Regen Potion"},{"floor":31,"key":"Block Potion"}],"is_trial":false,"path_per_floor":["M","?","?","M","?","R","E","R","T","M","?","E","M","M","R","B",null,"M","$","?","M","M","R","E","R","T","E","T","?","M","M","R","B",null,"M","$","?","?","$","R","$","?","T","M","?","R","M","M","R","B",null],"character_chosen":"THE_SILENT","items_purchased":["ClockworkSouvenir","Bottled Flame","Choke","Mind Blast","Footwork"],"campfire_rested":2,"item_purchase_floors":[19,19,36,36,36],"current_hp_per_floor":[58,58,58,58,47,47,33,54,54,50,50,35,35,35,56,34,61,53,53,53,53,42,54,54,66,66,59,59,59,59,54,69,30,60,60,60,60,60,60,70,70,84,84,76,66,84,80,74,84,12],"gold":162,"neow_bonus":"BOSS_RELIC","is_prod":false,"is_daily":false,"chose_seed":false,"campfire_upgraded":7,"win_rate":0,"timestamp":1556854911,"path_taken":["M","?","?","?","?","R","E","R","T","M","?","E","M","M","R","BOSS","M","$","?","?","M","R","E","R","T","E","?","?","?","M","R","BOSS","M","$","?","?","?","R","?","?","T","?","?","R","M","M","R","BOSS"],"build_version":"2019-01-23","purchased_purges":2,"victory":true,"max_hp_per_floor":[70,70,70,70,70,70,70,70,70,70,70,70,70,70,70,70,70,70,70,70,70,70,70,70,70,70,70,70,70,70,70,70,70,70,70,70,70,70,70,70,70,84,84,84,84,84,84,84,84,84],"card_choices":[{"not_picked":["Concentrate","Bane"],"picked":"Predator","floor":1},{"not_picked":["Sucker Punch","Poisoned Stab"],"picked":"Backflip","floor":4},{"not_picked":["Terror","Masterful Stab"],"picked":"Tactician","floor":7},{"not_picked":["Expertise","Caltrops"],"picked":"Crippling Poison","floor":10},{"not_picked":["Deflect","Accuracy"],"picked":"Footwork","floor":12},{"not_picked":["Deflect","Sucker Punch"],"picked":"Flying Knee","floor":13},{"not_picked":["Poisoned Stab","Reflex"],"picked":"Deadly Poison","floor":14},{"not_picked":["Phantasmal Killer","Bullet Time"],"picked":"Venomology","floor":16},{"not_picked":["Dagger Throw","Deflect"],"picked":"Blur+1","floor":18},{"not_picked":["Prepared","Outmaneuver"],"picked":"Dash","floor":21},{"not_picked":["Flechettes","Setup"],"picked":"Flying Knee+1","floor":22},{"not_picked":["Setup+1","Heel Hook"],"picked":"Acrobatics","floor":24},{"not_picked":["Heel Hook","Outmaneuver"],"picked":"Caltrops","floor":27},{"not_picked":["Backstab","Bane+1"],"picked":"Expertise","floor":30},{"not_picked":["Cloak And Dagger","All Out Attack"],"picked":"Malaise","floor":31},{"not_picked":["Grand Finale","Wraith Form v2"],"picked":"Phantasmal Killer","floor":33},{"not_picked":["Endless Agony","Backstab"],"picked":"PiercingWail","floor":35},{"not_picked":["Backflip","Cloak And Dagger"],"picked":"Eviscerate","floor":42},{"not_picked":["Dagger Spray","Outmaneuver"],"picked":"PiercingWail+1","floor":44},{"not_picked":["Discovery","Secret Technique"],"picked":"Transmutation","floor":45},{"not_picked":["Dramatic Entrance","Metamorphosis"],"picked":"Mind Blast","floor":45},{"not_picked":["Jack Of All Trades","Secret Weapon"],"picked":"The Bomb","floor":45},{"not_picked":["Sucker Punch","Blade Dance"],"picked":"Cloak And Dagger","floor":47},{"not_picked":["Dagger Spray","Expertise"],"picked":"Dagger Throw+1","floor":48}],"player_experience":1567714,"relics_obtained":[{"floor":7,"key":"Nunchaku"},{"floor":9,"key":"Bag of Preparation"},{"floor":12,"key":"Paper Crane"},{"floor":24,"key":"Peace Pipe"},{"floor":26,"key":"PreservedInsect"},{"floor":27,"key":"Smiling Mask"},{"floor":28,"key":"Centennial Puzzle"},{"floor":42,"key":"Mango"},{"floor":43,"key":"Omamori"}],"event_choices":[{"damage_healed":0,"gold_gain":0,"cards_transformed":["Strike_G"],"player_choice":"Change","damage_taken":0,"max_hp_gain":0,"max_hp_loss":0,"event_name":"Living Wall","floor":2,"gold_loss":0,"cards_obtained":["Tactician"]},{"damage_healed":0,"gold_gain":0,"player_choice":"Bought 0 Potions","damage_taken":0,"max_hp_gain":0,"max_hp_loss":0,"event_name":"The Woman in Blue","floor":3,"gold_loss":0},{"damage_healed":0,"gold_gain":75,"player_choice":"Gather Gold","damage_taken":11,"max_hp_gain":0,"max_hp_loss":0,"event_name":"World of Goop","floor":5,"gold_loss":0},{"damage_healed":0,"gold_gain":175,"player_choice":"AGREE","damage_taken":0,"max_hp_gain":0,"max_hp_loss":0,"event_name":"Liars Game","floor":11,"gold_loss":0,"cards_obtained":["Doubt"]},{"cards_removed":["Strike_G"],"damage_healed":0,"gold_gain":0,"player_choice":"Purged","damage_taken":0,"max_hp_gain":0,"max_hp_loss":0,"event_name":"Purifier","floor":20,"gold_loss":0},{"damage_healed":0,"gold_gain":0,"player_choice":"Inject Mutagens","damage_taken":0,"relics_obtained":["MutagenicStrength"],"max_hp_gain":0,"max_hp_loss":0,"event_name":"Drug Dealer","floor":29,"gold_loss":0},{"damage_healed":0,"gold_gain":0,"player_choice":"Paid","damage_taken":0,"relics_obtained":["Red Mask"],"max_hp_gain":0,"max_hp_loss":0,"event_name":"Tomb of Lord Red Mask","floor":37,"gold_loss":46},{"cards_removed":["Tactician"],"damage_healed":0,"gold_gain":0,"player_choice":"Removed Skill","damage_taken":0,"max_hp_gain":0,"max_hp_loss":0,"event_name":"Falling","floor":38,"gold_loss":0},{"damage_healed":0,"gold_gain":0,"player_choice":"Fight","damage_taken":0,"max_hp_gain":0,"max_hp_loss":0,"event_name":"MindBloom","floor":42,"gold_loss":0},{"damage_healed":0,"gold_gain":0,"player_choice":"Memory 3","damage_taken":10,"max_hp_gain":0,"max_hp_loss":0,"event_name":"SensoryStone","floor":45,"gold_loss":0}],"is_beta":false,"boss_relics":[{"not_picked":["Busted Crown","Coffee Dripper"],"picked":"Eternal Feather"},{"not_picked":["White Beast Statue","Runic Dome"],"picked":"Astrolabe"}],"items_purged_floors":[19,36],"is_endless":false,"potions_floor_spawned":[1,4,12,18,21,30,31,42],"ascension_level":13}