{"gold_per_floor":[115,134,59,109,125,125,153,165,215,229,253,270,270,302,302,373,373,390,315,326,70,120,120,153,163,163,179,192,211,126,0,0,73,73,88,108,208,208,208],"floor_reached":39,"playtime":2322,"items_purged":["Strike_B"],"score":876,"play_id":"769b491a-b524-4361-ab08-588d41b80169","local_time":"20190504065612","is_ascension_mode":true,"campfire_choices":[{"data":"Zap","floor":6.0,"key":"SMITH"},{"floor":13.0,"key":"REST"},{"data":"Defragment","floor":15.0,"key":"SMITH"},{"data":"Capacitor","floor":23.0,"key":"SMITH"},{"floor":32.0,"key":"REST"}],"neow_cost":"NONE","seed_source_timestamp":607027852169734,"circlet_count":0,"master_deck":["AscendersBane","Defend_B","Defend_B","Defend_B","Defend_B","Zap+1","Dualcast","Fission","Defragment+1","Capacitor+1","Doom and Gloom","Cold Snap","Glacier","Defragment","Coolheaded","Creative AI","Compile Driver","Stack","Defragment","Creative AI","Electrodynamics","Buffer","Leap+1","Force Field+1","Coolheaded","White Noise"],"special_seed":0,"relics":["Cracked Core","Symbiotic Virus","Potion Belt","Ancient Tea Set","Dream Catcher","Snecko Eye","Membership Card","Pen Nib","Darkstone Periapt","Bronze Scales","Inserter","Pocketwatch"],"potions_floor_usage":[],"damage_taken":[{"damage":5.0,"enemies":"2 Louse","floor":1.0,"turns":2.0},{"damage":9.0,"enemies":"Jaw Worm","floor":2.0,"turns":4.0},{"damage":6.0,"enemies":"Cultist","floor":5.0,"turns":3.0},{"damage":25.0,"enemies":"Lagavulin","floor":7.0,"turns":6.0},{"damage":4.0,"enemies":"Exordium Thugs","floor":8.0,"turns":4.0},{"damage":0.0,"enemies":"Blue Slaver","floor":10.0,"turns":5.0},{"damage":0.0,"enemies":"3 Louse","floor":12.0,"turns":1.0},{"damage":12.0,"enemies":"3 Sentries","floor":14.0,"turns":6.0},{"damage":3.0,"enemies":"The Guardian","floor":16.0,"turns":11.0},{"damage":21.0,"enemies":"Shell Parasite","floor":18.0,"turns":6.0},{"damage":0.0,"enemies":"3 Byrds","floor":20.0,"turns":4.0},{"damage":25.0,"enemies":"Gremlin Leader","floor":24.0,"turns":5.0},{"damage":21.0,"enemies":"Snake Plant","floor":25.0,"turns":8.0},{"damage":1.0,"enemies":"Centurion and Healer","floor":27.0,"turns":8.0},{"damage":2.0,"enemies":"Snecko","floor":28.0,"turns":8.0},{"damage":0.0,"enemies":"3 Cultists","floor":29.0,"turns":5.0},{"damage":21.0,"enemies":"Champ","floor":33.0,"turns":9.0},{"damage":22.0,"enemies":"3 Shapes","floor":35.0,"turns":6.0},{"damage":0.0,"enemies":"Orb Walker","floor":36.0,"turns":4.0},{"damage":4.0,"enemies":"Mind Bloom Boss Battle","floor":37.0,"turns":8.0},{"damage":28,"enemies":"Sphere and 2 Shapes","floor":39,"turns":2}],"seed_played":"-2072758279604249160","potions_obtained":[{"floor":1.0,"key":"Strength Potion"},{"floor":5.0,"key":"LiquidBronze"},{"floor":8.0,"key":"Explosive Potion"},{"floor":16.0,"key":"Regen Potion"},{"floor":20.0,"key":"FocusPotion"},{"floor":25.0,"key":"SpeedPotion"},{"floor":27.0,"key":"SteroidPotion"},{"floor":29.0,"key":"Strength Potion"}],"is_trial":false,"path_per_floor":["M","M","?","?","M","R","E","M","T","M","T","M","R","E","R","B",null,"M","?","M","$","?","R","E","M","T","M","M","M","?","?","R","B",null,"M","M","?","?","M"],"character_chosen":"DEFECT","items_purchased":["Membership Card"],"campfire_rested":2,"item_purchase_floors":[21],"current_hp_per_floor":[59,50,50,43,37,37,12,8,8,8,8,8,29,17,17,14,57,51,51,51,51,51,51,26,5,5,4,2,2,2,2,23,2,54,32,32,28,28,0],"gold":208,"neow_bonus":"ONE_RANDOM_RARE_CARD","is_prod":false,"is_daily":false,"chose_seed":false,"campfire_upgraded":3,"win_rate":0,"timestamp":1556967372,"path_taken":["M","M","?","?","M","R","E","?","T","M","?","M","R","E","R","BOSS","M","?","M","$","?","R","E","M","T","?","M","M","?","?","R","BOSS","M","M","?","?","M"],"build_version":"2019-01-23","purchased_purges":1,"victory":false,"max_hp_per_floor":[71,71,71,71,71,71,71,71,71,71,71,71,71,71,71,71,71,71,71,71,71,71,71,71,71,71,71,71,71,71,71,71,71,71,71,71,71,71,71],"card_choices":[{"not_picked":["Sweeping Beam","Aggregate"],"picked":"Defragment","floor":1.0},{"not_picked":["Hologram","Turbo"],"picked":"Capacitor","floor":2.0},{"not_picked":["Storm","White Noise"],"picked":"Doom and Gloom","floor":5.0},{"not_picked":["Sweeping Beam","Fusion"],"picked":"Cold Snap","floor":7.0},{"not_picked":["Self Repair","Double Energy"],"picked":"Glacier","floor":8.0},{"not_picked":["Double Energy","Lockon"],"picked":"Defragment","floor":10.0},{"not_picked":["Cold Snap","Stack"],"picked":"Coolheaded","floor":12.0},{"not_picked":["Barrage","Stack","Auto Shields"],"picked":"SKIP","floor":14.0},{"not_picked":["Thunder Strike","Reboot"],"picked":"Creative AI","floor":16.0},{"not_picked":["Conserve Battery","Hologram"],"picked":"Compile Driver","floor":18.0},{"not_picked":["Ball Lightning","Darkness"],"picked":"Stack","floor":20.0},{"not_picked":["Turbo","Seek","Streamline"],"picked":"SKIP","floor":24.0},{"not_picked":["Redo","Gash+1"],"picked":"Defragment","floor":25.0},{"not_picked":["Compile Driver+1","Skim"],"picked":"Creative AI","floor":27.0},{"not_picked":["Sweeping Beam","Go for the Eyes","Leap"],"picked":"SKIP","floor":28.0},{"not_picked":["Stack","Turbo","FTL"],"picked":"SKIP","floor":29.0},{"not_picked":["Go for the Eyes+1","Turbo"],"picked":"Electrodynamics","floor":32.0},{"not_picked":["Electrodynamics","Thunder Strike"],"picked":"Buffer","floor":33.0},{"not_picked":["Auto Shields+1","Hologram"],"picked":"Leap+1","floor":35.0},{"not_picked":["Steam","Leap"],"picked":"Force Field+1","floor":36.0},{"not_picked":["Leap","Capacitor"],"picked":"Coolheaded","floor":37.0}],"player_experience":846077,"relics_obtained":[{"floor":7.0,"key":"Symbiotic Virus"},{"floor":9.0,"key":"Potion Belt"},{"floor":11.0,"key":"Ancient Tea Set"},{"floor":14.0,"key":"Dream Catcher"},{"floor":24.0,"key":"Pen Nib"},{"floor":26.0,"key":"Darkstone Periapt"},{"floor":37.0,"key":"Pocketwatch"}],"event_choices":[{"cards_removed":["Strike_B"],"damage_healed":0.0,"max_hp_gain":0.0,"max_hp_loss":0.0,"gold_gain":0.0,"event_name":"The Cleric","player_choice":"Card Removal","floor":3.0,"gold_loss":75.0,"damage_taken":0.0},{"damage_healed":0.0,"max_hp_gain":0.0,"max_hp_loss":0.0,"gold_gain":50.0,"event_name":"FaceTrader","player_choice":"Touch","floor":4.0,"gold_loss":0.0,"damage_taken":7.0},{"cards_removed":["Strike_B"],"damage_healed":0.0,"max_hp_gain":0.0,"max_hp_loss":0.0,"gold_gain":0.0,"event_name":"Beggar","player_choice":"Gave Gold","floor":19.0,"gold_loss":75.0,"damage_taken":0.0},{"damage_healed":0.0,"max_hp_gain":0.0,"max_hp_loss":0.0,"gold_gain":50.0,"event_name":"Golden Shrine","player_choice":"Pray","floor":22.0,"gold_loss":0.0,"damage_taken":0.0},{"damage_healed":0.0,"max_hp_gain":0.0,"max_hp_loss":0.0,"gold_gain":0.0,"event_name":"Addict","player_choice":"Obtained Relic","floor":30.0,"gold_loss":85.0,"damage_taken":0.0,"relics_obtained":["Bronze Scales"]},{"damage_healed":0.0,"max_hp_gain":0.0,"max_hp_loss":0.0,"gold_gain":0.0,"event_name":"Masked Bandits","player_choice":"Paid Fearfully","floor":31.0,"gold_loss":126.0,"damage_taken":0.0},{"damage_healed":0.0,"max_hp_gain":0.0,"max_hp_loss":0.0,"gold_gain":0.0,"event_name":"MindBloom","player_choice":"Fight","floor":37.0,"gold_loss":0.0,"damage_taken":0.0},{"damage_healed":0.0,"max_hp_gain":0.0,"max_hp_loss":0.0,"gold_gain":0.0,"cards_transformed":["Strike_B"],"event_name":"Transmorgrifier","player_choice":"Transformed","floor":38.0,"gold_loss":0.0,"damage_taken":0.0,"cards_obtained":["White Noise"]}],"is_beta":false,"boss_relics":[{"not_picked":["Lizard Tail","Velvet Choker"],"picked":"Snecko Eye"},{"not_picked":["Coffee Dripper","Busted Crown"],"picked":"Inserter"}],"items_purged_floors":[21],"is_endless":false,"potions_floor_spawned":[1,5,8,16,20,25,27,29],"killed_by":"Sphere and 2 Shapes","ascension_level":20}