{"gold_per_floor":[116,116,19,33,33,62,62,97,143,143,175,175,175,190,190,290,290,263,263,280,280,190,190,190,208,208,228,228,241,241,241,241,344,344,354,409,48,48,59,59,89,114,137,171,171,184,0,0,0,0],"floor_reached":51,"playtime":5195,"items_purged":["Strike_G"],"score":794,"play_id":"1721d268-912b-4909-a6d7-a82e07311f60","local_time":"20181028012652","is_ascension_mode":false,"campfire_choices":[{"floor":13,"key":"REST"},{"floor":15,"key":"REST"},{"floor":23,"key":"REST"},{"data":"Tactician","floor":30,"key":"SMITH"},{"data":"Footwork","floor":32,"key":"SMITH"},{"floor":40,"key":"REST"},{"data":"Forethought","floor":49,"key":"SMITH"}],"neow_cost":"NONE","seed_source_timestamp":270767895068700,"circlet_count":0,"master_deck":["Defend_G+1","Defend_G+1","Defend_G+1","Defend_G+1","Defend_G+1","Survivor+1","Neutralize+1","Deadly Poison+1","Blur+1","Acrobatics+1","Venomology+1","Footwork+1","Bane+1","Malaise+1","Quick Slash+1","Ghostly+1","Ghostly+1","Ghostly+1","Ghostly+1","Ghostly+1","Well Laid Plans+1","Swift Strike+1","Deadly Poison+1","Night Terror+1","Tactician+1","Endless Agony+1","Acrobatics+1","Adrenaline+1","Blade Dance+1","Endless Agony+1","Transmutation+1","Backflip+1","Madness+1","Madness+1","Noxious Fumes+1","Forethought+1"],"relics":["Ring of the Snake","Juzu Bracelet","Vajra","Bag of Preparation","War Paint","Pocketwatch","HoveringKite","Snake Skull","Tough Bandages","White Beast Statue","The Specimen","Ancient Tea Set","Happy Flower","Bronze Scales","Regal Pillow","Mark of the Bloom","Red Mask"],"potions_floor_usage":[11,18,25,27,29,33,35,35,36,36,39,41,41,41,41,41,42,42,44,44,46,50,50,50],"damage_taken":[{"damage":0,"enemies":"Jaw Worm","floor":1,"turns":5},{"damage":0,"enemies":"2 Louse","floor":4,"turns":3},{"damage":17,"enemies":"3 Sentries","floor":6,"turns":18},{"damage":20,"enemies":"Lagavulin","floor":8,"turns":8},{"damage":20,"enemies":"Gremlin Nob","floor":11,"turns":5},{"damage":0,"enemies":"Cultist","floor":14,"turns":5},{"damage":12,"enemies":"The Guardian","floor":16,"turns":11},{"damage":23,"enemies":"2 Thieves","floor":18,"turns":5},{"damage":7,"enemies":"Spheric Guardian","floor":20,"turns":7},{"damage":13,"enemies":"Shelled Parasite and Fungi","floor":25,"turns":8},{"damage":0,"enemies":"Chosen and Byrds","floor":27,"turns":8},{"damage":0,"enemies":"Snake Plant","floor":29,"turns":4},{"damage":8,"enemies":"Automaton","floor":33,"turns":11},{"damage":0,"enemies":"3 Shapes","floor":35,"turns":3},{"damage":0,"enemies":"2 Orb Walkers","floor":36,"turns":11},{"damage":7,"enemies":"3 Darklings","floor":39,"turns":10},{"damage":2,"enemies":"Sphere and 2 Shapes","floor":41,"turns":8},{"damage":0,"enemies":"Nemesis","floor":42,"turns":5},{"damage":0,"enemies":"Giant Head","floor":44,"turns":12},{"damage":0,"enemies":"Maw","floor":46,"turns":8},{"damage":3,"enemies":"Awakened One","floor":50,"turns":12}],"seed_played":"7463517915318685402","potions_obtained":[{"floor":1,"key":"Poison Potion"},{"floor":14,"key":"Explosive Potion"},{"floor":35,"key":"Poison Potion"},{"floor":36,"key":"Energy Potion"},{"floor":39,"key":"Explosive Potion"},{"floor":41,"key":"PowerPotion"},{"floor":42,"key":"SkillPotion"},{"floor":44,"key":"SpeedPotion"},{"floor":46,"key":"LiquidBronze"}],"is_trial":false,"path_per_floor":["M","?","$","M","?","E","?","E","T","?","E","?","R","M","R","B",null,"M","?","M","?","?","R","?","M","T","M","?","M","R","?","R","B",null,"M","?","$","?","M","R","M","E","T","E","?","M","?","?","R","B"],"character_chosen":"THE_SILENT","items_purchased":["Deadly Poison","Transmutation","Backflip","Ancient Tea Set"],"campfire_rested":4,"item_purchase_floors":[3,37,37,37],"current_hp_per_floor":[77,82,82,82,82,65,65,45,45,38,18,18,42,42,66,54,82,59,41,34,22,22,34,34,35,35,35,35,35,35,35,35,27,41,41,41,41,36,29,41,39,39,39,39,39,39,39,39,39,36],"gold":0,"neow_bonus":"TEN_PERCENT_HP_BONUS","is_prod":false,"is_daily":false,"chose_seed":false,"campfire_upgraded":3,"win_rate":0,"timestamp":1540682812,"path_taken":["M","?","$","?","?","E","?","E","T","?","E","?","R","M","R","BOSS","M","?","M","?","?","R","?","M","T","M","?","M","R","?","R","BOSS","M","?","$","?","M","R","M","E","T","E","?","M","?","?","R","BOSS"],"build_version":"2018-10-25v2","purchased_purges":1,"victory":true,"max_hp_per_floor":[77,82,82,82,82,82,82,82,82,82,82,82,82,82,82,82,82,82,41,41,41,41,41,41,41,41,41,41,41,41,41,41,41,41,41,41,41,41,41,41,41,41,41,41,41,41,41,41,41,41],"card_choices":[{"not_picked":["Flechettes","Deflect","Dodge and Roll"],"picked":"SKIP","floor":1},{"not_picked":["Quick Slash","Finisher"],"picked":"Blur","floor":4},{"not_picked":["Eviscerate","Quick Slash"],"picked":"Acrobatics","floor":6},{"not_picked":["Infinite Blades","Deadly Poison"],"picked":"Venomology","floor":8},{"not_picked":["Dash","Sucker Punch"],"picked":"Footwork","floor":11},{"not_picked":["Underhanded Strike","PiercingWail"],"picked":"Bane","floor":14},{"not_picked":["Die Die Die","Glass Knife"],"picked":"Malaise","floor":16},{"not_picked":["Outmaneuver","Deadly Poison"],"picked":"Quick Slash+1","floor":18},{"not_picked":["Bane","PiercingWail"],"picked":"Well Laid Plans","floor":20},{"not_picked":["Sucker Punch","Prepared+1"],"picked":"Deadly Poison+1","floor":25},{"not_picked":["Backflip","Deadly Poison"],"picked":"Night Terror","floor":27},{"not_picked":["Dodge and Roll+1","Bane+1"],"picked":"Tactician","floor":29},{"not_picked":["A Thousand Cuts","Storm of Steel"],"picked":"Adrenaline","floor":33},{"not_picked":["Crippling Poison","Dagger Spray+1"],"picked":"Blade Dance+1","floor":35},{"not_picked":["All Out Attack","PiercingWail+1"],"picked":"Endless Agony","floor":36},{"not_picked":["Cloak And Dagger","Predator+1","Backflip+1"],"picked":"SKIP","floor":39},{"not_picked":["Sucker Punch","Cloak And Dagger+1","Dagger Throw"],"picked":"SKIP","floor":41},{"not_picked":["Catalyst","Flying Knee+1"],"picked":"Noxious Fumes","floor":42},{"not_picked":["All Out Attack+1","Cloak And Dagger+1","Well Laid Plans"],"picked":"SKIP","floor":44},{"not_picked":["Slice","Deflect","Underhanded Strike"],"picked":"SKIP","floor":46},{"not_picked":["Apotheosis","Master of Strategy"],"picked":"Forethought","floor":48}],"player_experience":793466,"relics_obtained":[{"floor":6,"key":"Vajra"},{"floor":8,"key":"Bag of Preparation"},{"floor":9,"key":"War Paint"},{"floor":11,"key":"Pocketwatch"},{"floor":26,"key":"Tough Bandages"},{"floor":36,"key":"The Specimen"},{"floor":42,"key":"Happy Flower"},{"floor":43,"key":"Bronze Scales"},{"floor":44,"key":"Regal Pillow"}],"event_choices":[{"damage_healed":0,"gold_gain":0,"player_choice":"Donut","damage_taken":0,"max_hp_gain":5,"max_hp_loss":0,"event_name":"Big Fish","floor":2,"gold_loss":0},{"damage_healed":0,"gold_gain":0,"player_choice":"Gave Potion","damage_taken":0,"relics_obtained":["Juzu Bracelet"],"max_hp_gain":0,"max_hp_loss":0,"event_name":"WeMeetAgain","floor":5,"gold_loss":0},{"damage_healed":0,"gold_gain":0,"player_choice":"Leave","damage_taken":0,"max_hp_gain":0,"max_hp_loss":0,"event_name":"FaceTrader","floor":7,"gold_loss":0},{"cards_removed":["Strike_G"],"damage_healed":0,"gold_gain":0,"player_choice":"Card Removal","damage_taken":7,"max_hp_gain":0,"max_hp_loss":0,"event_name":"Golden Wing","floor":10,"gold_loss":0},{"damage_healed":0,"gold_gain":0,"player_choice":"Searched \u00270\u0027 times","damage_taken":0,"max_hp_gain":0,"max_hp_loss":0,"event_name":"Dead Adventurer","floor":12,"gold_loss":0},{"damage_healed":0,"gold_gain":0,"player_choice":"Became a Ghost","damage_taken":0,"max_hp_gain":0,"max_hp_loss":41,"event_name":"Ghosts","floor":19,"gold_loss":0,"cards_obtained":["Ghostly","Ghostly","Ghostly","Ghostly","Ghostly"]},{"damage_healed":0,"gold_gain":0,"player_choice":"CARD ","damage_taken":12,"max_hp_gain":0,"max_hp_loss":0,"event_name":"Knowing Skull","floor":21,"potions_obtained":[],"gold_loss":0,"cards_obtained":["Swift Strike"]},{"cards_removed":["Strike_G"],"damage_healed":0,"gold_gain":0,"player_choice":"Upgrade and Remove","damage_taken":0,"max_hp_gain":0,"max_hp_loss":0,"event_name":"Designer","floor":22,"gold_loss":90,"cards_upgraded":["Malaise"]},{"damage_healed":0,"gold_gain":0,"player_choice":"Opened","damage_taken":0,"relics_obtained":["Snake Skull"],"max_hp_gain":0,"max_hp_loss":0,"event_name":"The Mausoleum","floor":24,"gold_loss":0,"cards_obtained":["Writhe"]},{"cards_removed":["Writhe"],"damage_healed":0,"gold_gain":0,"player_choice":"Removed Curses","damage_taken":0,"max_hp_gain":0,"max_hp_loss":0,"event_name":"Fountain of Cleansing","floor":28,"gold_loss":0},{"damage_healed":0,"gold_gain":0,"cards_transformed":["Strike_G","Strike_G"],"player_choice":"Became Test Subject","damage_taken":0,"max_hp_gain":0,"max_hp_loss":0,"event_name":"Drug Dealer","floor":31,"gold_loss":0,"cards_obtained":["Endless Agony","Acrobatics"]},{"damage_healed":0,"gold_gain":0,"player_choice":"Fight","damage_taken":0,"max_hp_gain":0,"max_hp_loss":0,"event_name":"Mysterious Sphere","floor":36,"gold_loss":0},{"damage_healed":0,"gold_gain":0,"player_choice":"Embrace Madness","damage_taken":5,"max_hp_gain":0,"max_hp_loss":0,"event_name":"Winding Halls","floor":38,"gold_loss":0,"cards_obtained":["Madness","Madness"]},{"damage_healed":0,"gold_gain":0,"player_choice":"Upgrade","damage_taken":0,"relics_obtained":["Mark of the Bloom"],"max_hp_gain":0,"max_hp_loss":0,"event_name":"MindBloom","floor":45,"gold_loss":0,"cards_upgraded":["Defend_G","Defend_G","Defend_G","Defend_G","Survivor","Neutralize","Deadly Poison","Blur","Venomology","Bane","Ghostly","Ghostly","Ghostly","Ghostly","Ghostly","Well Laid Plans","Swift Strike","Night Terror","Endless Agony","Acrobatics","Adrenaline","Endless Agony","Transmutation","Backflip","Madness","Madness","Noxious Fumes"]},{"damage_healed":0,"gold_gain":0,"player_choice":"Paid","damage_taken":0,"relics_obtained":["Red Mask"],"max_hp_gain":0,"max_hp_loss":0,"event_name":"Tomb of Lord Red Mask","floor":47,"gold_loss":184},{"damage_healed":0,"gold_gain":0,"player_choice":"Memory 1","damage_taken":0,"max_hp_gain":0,"max_hp_loss":0,"event_name":"SensoryStone","floor":48,"gold_loss":0}],"is_beta":false,"boss_relics":[{"not_picked":["Coffee Dripper","Philosopher\u0027s Stone"],"picked":"HoveringKite"},{"not_picked":["Runic Pyramid","Astrolabe"],"picked":"White Beast Statue"}],"items_purged_floors":[3],"is_endless":false,"potions_floor_spawned":[1,14,16,27,35,36,39,41,42,44,46],"ascension_level":0}