{"gold_per_floor":[114,2,21,21,21,21,196,196,196,208,208,240,251,268,268,363,363,378,392,63,79,93,93,107,0,0,16,16],"floor_reached":28,"playtime":1065,"items_purged":["Strike_B"],"score":278,"play_id":"ccaa2027-0101-493a-8e2c-8dd2514cb164","local_time":"20181027160517","is_ascension_mode":true,"campfire_choices":[{"data":"Loop","floor":6,"key":"SMITH"},{"data":"Zap","floor":8,"key":"SMITH"},{"floor":11,"key":"REST"},{"data":"Static Discharge","floor":15,"key":"SMITH"},{"floor":23,"key":"REST"}],"neow_cost":"NONE","seed_source_timestamp":241206953542000,"circlet_count":0,"master_deck":["Strike_B","Strike_B","Defend_B","Defend_B","Defend_B","Defend_B","Zap+1","Dualcast","Blind+1","Doom and Gloom+1","Loop+1","Fusion","Tempest","Static Discharge+1","Rainbow","Darkness+1","Sunder","Apotheosis","Glacier","Amplify"],"relics":["Cracked Core","Pear","Sundial","Mercury Hourglass","Empty Cage","Blood Vial","Mummified Hand"],"potions_floor_usage":[12,19,19,22],"damage_taken":[{"damage":3,"enemies":"Small Slimes","floor":1,"turns":3},{"damage":7,"enemies":"Jaw Worm","floor":3,"turns":4},{"damage":0,"enemies":"2 Louse","floor":10,"turns":1},{"damage":5,"enemies":"Lagavulin","floor":12,"turns":7},{"damage":0,"enemies":"Lots of Slimes","floor":13,"turns":1},{"damage":13,"enemies":"Gremlin Gang","floor":14,"turns":3},{"damage":18,"enemies":"Slime Boss","floor":16,"turns":5},{"damage":4,"enemies":"Spheric Guardian","floor":18,"turns":3},{"damage":8,"enemies":"2 Thieves","floor":19,"turns":2},{"damage":23,"enemies":"Sentry and Sphere","floor":21,"turns":4},{"damage":41,"enemies":"Shelled Parasite and Fungi","floor":22,"turns":4},{"damage":16,"enemies":"Centurion and Healer","floor":24,"turns":6},{"damage":8,"enemies":"Sentry and Sphere","floor":27,"turns":4},{"damage":27,"enemies":"Cultist and Chosen","floor":28,"turns":4}],"seed_played":"5402025921115826109","potions_obtained":[{"floor":1,"key":"Weak Potion"},{"floor":16,"key":"Fire Potion"},{"floor":18,"key":"Block Potion"},{"floor":21,"key":"SpeedPotion"}],"is_trial":false,"path_per_floor":["M","$","M","?","T","R","?","R","T","M","R","E","M","M","R","B",null,"M","M","$","M","M","R","M","?","T","M"],"character_chosen":"DEFECT","items_purchased":["Loop","Apotheosis","Blood Vial"],"campfire_rested":2,"item_purchase_floors":[2,20,20],"current_hp_per_floor":[72,72,65,50,60,60,60,60,60,60,85,80,80,67,67,49,76,72,64,64,43,4,29,15,15,15,9,0],"gold":16,"neow_bonus":"RANDOM_COLORLESS","is_prod":false,"is_daily":false,"chose_seed":false,"campfire_upgraded":3,"win_rate":0,"timestamp":1540649117,"path_taken":["M","$","M","?","?","R","?","R","T","?","R","E","M","M","R","BOSS","M","M","$","?","M","R","M","?","T","?","M"],"build_version":"2018-10-25v2","purchased_purges":1,"victory":false,"max_hp_per_floor":[75,75,75,75,85,85,85,85,85,85,85,85,85,85,85,85,85,85,85,85,85,85,85,85,85,85,85,85],"card_choices":[{"not_picked":["Compile Driver","Conserve Battery"],"picked":"Doom and Gloom","floor":1},{"not_picked":["Compile Driver","Leap"],"picked":"Fusion","floor":3},{"not_picked":["Steam","Go for the Eyes","Ball Lightning"],"picked":"SKIP","floor":10},{"not_picked":["Conserve Battery","Darkness"],"picked":"Tempest","floor":12},{"not_picked":["Aggregate","Leap","Beam Cell"],"picked":"SKIP","floor":13},{"not_picked":["Conserve Battery","Double Energy"],"picked":"Static Discharge","floor":14},{"not_picked":["Buffer","Hyperbeam"],"picked":"Rainbow","floor":16},{"not_picked":["Beam Cell","Ball Lightning"],"picked":"Darkness+1","floor":18},{"not_picked":["Streamline","Go for the Eyes"],"picked":"Sunder","floor":19},{"not_picked":["Aggregate+1","Reinforced Body+1","Capacitor+1"],"picked":"SKIP","floor":21},{"not_picked":["Steam","Sweeping Beam","Go for the Eyes"],"picked":"SKIP","floor":22},{"not_picked":["Steam","Beam Cell"],"picked":"Glacier","floor":24},{"not_picked":["Gash","Hello World"],"picked":"Amplify","floor":27}],"player_experience":777294,"relics_obtained":[{"floor":5,"key":"Pear"},{"floor":9,"key":"Sundial"},{"floor":12,"key":"Mercury Hourglass"},{"floor":26,"key":"Mummified Hand"}],"event_choices":[{"damage_healed":0,"gold_gain":0,"player_choice":"Entered Light","damage_taken":15,"max_hp_gain":0,"max_hp_loss":0,"event_name":"Shining Light","floor":4,"gold_loss":0,"cards_upgraded":["Blind","Doom and Gloom"]},{"damage_healed":0,"gold_gain":175,"player_choice":"AGREE","damage_taken":0,"max_hp_gain":0,"max_hp_loss":0,"event_name":"Liars Game","floor":7,"gold_loss":0,"cards_obtained":["Doubt"]},{"damage_healed":0,"gold_gain":0,"player_choice":"Paid Fearfully","damage_taken":0,"max_hp_gain":0,"max_hp_loss":0,"event_name":"Masked Bandits","floor":25,"gold_loss":107}],"is_beta":false,"boss_relics":[{"not_picked":["Snecko Eye","White Beast Statue"],"picked":"Empty Cage"}],"items_purged_floors":[2],"is_endless":false,"potions_floor_spawned":[1,16,18,21],"killed_by":"Cultist and Chosen","ascension_level":5}