{"gold_per_floor":[119,119,137,137,156,169,169,14,14,14,30,30,42,59,59,59],"floor_reached":16,"playtime":449,"items_purged":[],"score":146,"play_id":"f4fdea13-1da5-4216-ac96-0dbd14aa4449","local_time":"20190406204145","is_ascension_mode":true,"campfire_choices":[{"data":"Doom and Gloom","floor":10,"key":"SMITH"},{"data":"Hyperbeam","floor":12,"key":"SMITH"},{"data":"Zap","floor":15,"key":"SMITH"}],"neow_cost":"NONE","seed_source_timestamp":17640434941500,"circlet_count":0,"master_deck":["AscendersBane","Strike_B","Strike_B","Strike_B","Strike_B","Defend_B","Defend_B","Defend_B","Defend_B","Zap+1","Dualcast","Force Field","Doom and Gloom+1","Regret","Hyperbeam+1","Turbo","Conserve Battery"],"relics":["Cracked Core","NeowsBlessing","Cables","Oddly Smooth Stone","Anchor","Mummified Hand"],"potions_floor_usage":[16],"damage_taken":[{"damage":0,"enemies":"Small Slimes","floor":1,"turns":1},{"damage":0,"enemies":"Cultist","floor":3,"turns":1},{"damage":0,"enemies":"2 Louse","floor":5,"turns":1},{"damage":3,"enemies":"Exordium Wildlife","floor":6,"turns":4},{"damage":9,"enemies":"Red Slaver","floor":11,"turns":4},{"damage":0,"enemies":"2 Fungi Beasts","floor":13,"turns":1},{"damage":0,"enemies":"Exordium Wildlife","floor":14,"turns":1},{"damage":57,"enemies":"Hexaghost","floor":16,"turns":10}],"seed_played":"8494612431133328389","potions_obtained":[{"floor":6,"key":"SkillPotion"},{"floor":11,"key":"Ancient Potion"}],"is_trial":false,"path_per_floor":["M","?","M","$","M","M","?","$","T","R","M","R","M","M","R","B"],"character_chosen":"DEFECT","items_purchased":["Anchor"],"campfire_rested":0,"item_purchase_floors":[8],"current_hp_per_floor":[68,68,68,68,68,65,65,65,65,65,56,56,56,56,56,0],"gold":59,"neow_bonus":"THREE_ENEMY_KILL","is_prod":false,"is_daily":false,"chose_seed":false,"campfire_upgraded":3,"win_rate":0,"timestamp":1554576105,"path_taken":["M","?","M","$","M","?","?","$","T","R","M","R","M","M","R","BOSS"],"build_version":"2019-01-23","purchased_purges":0,"victory":false,"max_hp_per_floor":[75,75,75,75,75,75,75,75,75,75,75,75,75,75,75,75],"card_choices":[{"not_picked":["Gash","Hologram"],"picked":"Cold Snap","floor":1},{"not_picked":["Streamline","Aggregate"],"picked":"Force Field","floor":3},{"not_picked":["Capacitor","Stack","Skim"],"picked":"SKIP","floor":5},{"not_picked":["Cold Snap","Heatsinks"],"picked":"Doom and Gloom","floor":6},{"not_picked":["Steam","Conserve Battery"],"picked":"Hyperbeam","floor":11},{"not_picked":["Cold Snap","Hologram"],"picked":"Turbo","floor":13},{"not_picked":["BootSequence","Doom and Gloom"],"picked":"Conserve Battery","floor":14}],"player_experience":1610366,"relics_obtained":[{"floor":9,"key":"Mummified Hand"}],"event_choices":[{"cards_removed":["Cold Snap"],"damage_healed":0,"gold_gain":0,"player_choice":"Gave Card","damage_taken":0,"relics_obtained":["Cables"],"max_hp_gain":0,"max_hp_loss":0,"event_name":"WeMeetAgain","floor":2,"gold_loss":0},{"damage_healed":0,"gold_gain":0,"player_choice":"Box","damage_taken":0,"relics_obtained":["Oddly Smooth Stone"],"max_hp_gain":0,"max_hp_loss":0,"event_name":"Big Fish","floor":7,"gold_loss":0,"cards_obtained":["Regret"]}],"is_beta":false,"boss_relics":[],"items_purged_floors":[],"is_endless":false,"potions_floor_spawned":[6,11,14],"killed_by":"Hexaghost","ascension_level":11}