{"gold_per_floor":[113,38,38,38,49,76,76,111,111,122,140,40,73,89,89,184,184,203,203,177,197,216,248,248,266,266,301,315,315,346,356,356,455,455,469,469,480,80,432,432,467,484,509,509,540,560,587,598,598,598],"floor_reached":51,"playtime":6790,"items_purged":["Strike_B","Strike_B","Defend_B"],"score":908,"play_id":"2cf6d475-7d63-4864-af05-e7d45f988ce5","local_time":"20190510232945","is_ascension_mode":true,"campfire_choices":[{"data":"Defragment","floor":7,"key":"SMITH"},{"floor":15,"key":"REST"},{"floor":24,"key":"REST"},{"floor":29,"key":"REST"},{"floor":32,"key":"REST"},{"data":"Coolheaded","floor":40,"key":"SMITH"},{"floor":44,"key":"REST"},{"floor":49,"key":"REST"}],"neow_cost":"NONE","seed_source_timestamp":1911745480278924,"circlet_count":0,"master_deck":["Defend_B","Defend_B","Zap","Dualcast","Defragment+1","Defragment","Capacitor","Conserve Battery","Core Surge","White Noise","Echo Form","Coolheaded","Machine Learning","Skim+1","Defragment+1","Conserve Battery","Redo","Coolheaded+1","Chill","Blizzard","Cold Snap","Cold Snap+1","Madness","Madness","Rebound","Defragment+1","Machine Learning","Glacier+1","White Noise","Chill+1"],"relics":["Cracked Core","Strawberry","Gambling Chip","Ancient Tea Set","Boot","Potion Belt","Astrolabe","Pen Nib","Ice Cream","Oddly Smooth Stone","Smiling Mask","Sozu","DataDisk","ClockworkSouvenir","Old Coin","Molten Egg 2","Bag of Marbles","Orichalcum","Thread and Needle"],"potions_floor_usage":[22,23,23,27,28,39,45],"damage_taken":[{"damage":1,"enemies":"Jaw Worm","floor":1,"turns":3},{"damage":6,"enemies":"Cultist","floor":5,"turns":4},{"damage":16,"enemies":"Lagavulin","floor":6,"turns":6},{"damage":21,"enemies":"3 Sentries","floor":8,"turns":6},{"damage":0,"enemies":"2 Louse","floor":10,"turns":2},{"damage":0,"enemies":"Large Slime","floor":11,"turns":4},{"damage":9,"enemies":"Lagavulin","floor":13,"turns":5},{"damage":13,"enemies":"2 Fungi Beasts","floor":14,"turns":3},{"damage":24,"enemies":"The Guardian","floor":16,"turns":8},{"damage":0,"enemies":"Shell Parasite","floor":18,"turns":8},{"damage":20,"enemies":"2 Thieves","floor":21,"turns":2},{"damage":29,"enemies":"Cultist and Chosen","floor":22,"turns":10},{"damage":2,"enemies":"Book of Stabbing","floor":23,"turns":8},{"damage":7,"enemies":"Centurion and Healer","floor":25,"turns":9},{"damage":26,"enemies":"Slavers","floor":27,"turns":9},{"damage":6,"enemies":"Snake Plant","floor":28,"turns":3},{"damage":21,"enemies":"Book of Stabbing","floor":30,"turns":9},{"damage":0,"enemies":"Snecko","floor":31,"turns":7},{"damage":22,"enemies":"Automaton","floor":33,"turns":14},{"damage":8,"enemies":"Orb Walker","floor":35,"turns":4},{"damage":9,"enemies":"3 Shapes","floor":37,"turns":7},{"damage":0,"enemies":"2 Orb Walkers","floor":39,"turns":9},{"damage":32,"enemies":"Reptomancer","floor":41,"turns":7},{"damage":13,"enemies":"Jaw Worm Horde","floor":42,"turns":5},{"damage":2,"enemies":"Giant Head","floor":45,"turns":9},{"damage":25,"enemies":"Writhing Mass","floor":46,"turns":7},{"damage":0,"enemies":"Nemesis","floor":47,"turns":11},{"damage":0,"enemies":"Sphere and 2 Shapes","floor":48,"turns":8},{"damage":2,"enemies":"Awakened One","floor":50,"turns":15}],"seed_played":"4389684371541328028","potions_obtained":[{"floor":5,"key":"Explosive Potion"},{"floor":6,"key":"Block Potion"},{"floor":11,"key":"LiquidBronze"},{"floor":16,"key":"Energy Potion"},{"floor":21,"key":"Weak Potion"},{"floor":22,"key":"Swift Potion"},{"floor":23,"key":"SkillPotion"},{"floor":25,"key":"Explosive Potion"},{"floor":30,"key":"AttackPotion"},{"floor":33,"key":"Regen Potion"}],"is_trial":false,"path_per_floor":["M","$","?","$","M","E","R","E","T","M","M","$","E","M","R","B",null,"M","?","$","M","M","E","R","M","T","E","M","R","E","M","R","B",null,"M","?","M","$","?","R","E","M","T","R","E","M","E","M","R","B",null],"character_chosen":"DEFECT","items_purchased":["Conserve Battery","DataDisk","ClockworkSouvenir"],"campfire_rested":6,"item_purchase_floors":[20,38,38],"current_hp_per_floor":[81,81,74,74,68,52,52,31,31,31,31,31,22,9,33,9,82,82,82,82,62,33,31,55,48,48,22,16,40,19,19,43,21,82,74,64,55,55,55,55,23,10,10,34,47,22,22,22,46,44],"gold":598,"neow_bonus":"RANDOM_COMMON_RELIC","is_prod":false,"is_daily":false,"chose_seed":false,"campfire_upgraded":2,"win_rate":0,"timestamp":1557548985,"path_taken":["M","$","?","?","M","E","R","E","T","M","M","$","E","M","R","BOSS","M","?","?","M","M","E","R","M","T","E","M","R","E","M","R","BOSS","M","?","M","$","?","R","E","M","T","R","E","M","E","M","R","BOSS"],"build_version":"2019-01-23","purchased_purges":3,"victory":true,"max_hp_per_floor":[82,82,82,82,82,82,82,82,82,82,82,82,82,82,82,82,82,82,82,82,82,82,82,82,82,82,82,82,82,82,82,82,82,82,82,82,82,82,82,82,82,82,82,82,82,82,82,82,82,82],"card_choices":[{"not_picked":["Conserve Battery","Rebound"],"picked":"Defragment","floor":1},{"not_picked":["Streamline","Cold Snap"],"picked":"Defragment","floor":5},{"not_picked":["Leap","Sweeping Beam"],"picked":"Capacitor","floor":6},{"not_picked":["Coolheaded","Compile Driver"],"picked":"Conserve Battery","floor":8},{"not_picked":["Auto Shields","Steam"],"picked":"Core Surge","floor":10},{"not_picked":["Double Energy","Rip and Tear"],"picked":"White Noise","floor":11},{"not_picked":["Rebound","Doom and Gloom"],"picked":"Echo Form","floor":13},{"not_picked":["Steam","Genetic Algorithm"],"picked":"Coolheaded","floor":14},{"not_picked":["Biased Cognition","Hyperbeam"],"picked":"Machine Learning","floor":16},{"not_picked":["Turbo","Skim","Go for the Eyes"],"picked":"SKIP","floor":18},{"not_picked":["Compile Driver+1","Chaos"],"picked":"Redo","floor":21},{"not_picked":["Aggregate","Rip and Tear"],"picked":"Coolheaded","floor":22},{"not_picked":["Genetic Algorithm","Beam Cell","Hologram"],"picked":"SKIP","floor":23},{"not_picked":["Sweeping Beam","Beam Cell","Lockon"],"picked":"SKIP","floor":25},{"not_picked":["Rebound+1","Compile Driver","Doom and Gloom"],"picked":"SKIP","floor":27},{"not_picked":["Lockon+1","Turbo"],"picked":"Chill","floor":28},{"not_picked":["Chaos","Streamline"],"picked":"Blizzard","floor":30},{"not_picked":["Stack","Gash+1"],"picked":"Cold Snap","floor":31},{"not_picked":["Sunder","Hello World"],"picked":"Cold Snap+1","floor":35},{"not_picked":["Redo","Turbo","Barrage+1"],"picked":"SKIP","floor":37},{"not_picked":["Steam Power+1","Rip and Tear"],"picked":"Rebound","floor":39},{"not_picked":["Skim+1","Barrage+1"],"picked":"Defragment+1","floor":41},{"not_picked":["Gash+1","Leap","Rebound+1"],"picked":"SKIP","floor":42},{"not_picked":["Steam Power","Turbo+1"],"picked":"Machine Learning","floor":45},{"not_picked":["Compile Driver+1","Steam"],"picked":"Glacier+1","floor":46},{"not_picked":["Go for the Eyes+1","Rip and Tear+1"],"picked":"White Noise","floor":47},{"not_picked":["Ball Lightning+1","Turbo+1"],"picked":"Chill+1","floor":48}],"player_experience":273415,"relics_obtained":[{"floor":6,"key":"Ancient Tea Set"},{"floor":8,"key":"Boot"},{"floor":13,"key":"Potion Belt"},{"floor":23,"key":"Pen Nib"},{"floor":26,"key":"Ice Cream"},{"floor":27,"key":"Oddly Smooth Stone"},{"floor":30,"key":"Smiling Mask"},{"floor":39,"key":"Old Coin"},{"floor":41,"key":"Molten Egg 2"},{"floor":43,"key":"Bag of Marbles"},{"floor":45,"key":"Orichalcum"},{"floor":47,"key":"Thread and Needle"}],"event_choices":[{"damage_healed":0,"gold_gain":0,"player_choice":"Success","damage_taken":7,"relics_obtained":["Gambling Chip"],"max_hp_gain":0,"max_hp_loss":0,"event_name":"Scrap Ooze","floor":3,"gold_loss":0},{"cards_removed":["Hyperbeam"],"damage_healed":0,"gold_gain":0,"player_choice":"Card Removal","damage_taken":0,"max_hp_gain":0,"max_hp_loss":0,"event_name":"Wheel of Change","floor":19,"gold_loss":0},{"damage_healed":0,"gold_gain":0,"player_choice":"Embrace Madness","damage_taken":10,"max_hp_gain":0,"max_hp_loss":0,"event_name":"Winding Halls","floor":36,"gold_loss":0,"cards_obtained":["Madness","Madness"]},{"damage_healed":0,"gold_gain":0,"player_choice":"Fight","damage_taken":0,"max_hp_gain":0,"max_hp_loss":0,"event_name":"Mysterious Sphere","floor":39,"gold_loss":0}],"is_beta":false,"boss_relics":[{"not_picked":["Busted Crown","Snecko Eye"],"picked":"Astrolabe"},{"not_picked":["Inserter","Black Star"],"picked":"Sozu"}],"items_purged_floors":[2,12,38],"is_endless":false,"potions_floor_spawned":[5,6,11,16,21,22,23,25,30,33,39,42,46,47],"ascension_level":1}