{"gold_per_floor":[116,191,191,191,5,5,5,34,105,118,136,148,148,128,128,228,228,208,24,0,0,13,13,29,42,67,67,67],"floor_reached":28,"playtime":1280,"items_purged":["Strike_R","Strike_R"],"score":352,"play_id":"addb5796-239a-42c1-9a69-8c2cf0dac1c8","local_time":"20190126003626","is_ascension_mode":true,"campfire_choices":[{"data":"Bash","floor":6,"key":"SMITH"},{"floor":15,"key":"REST"},{"floor":23,"key":"REST"},{"floor":27,"key":"REST"}],"neow_cost":"CURSE","seed_source_timestamp":196929273980600,"circlet_count":0,"master_deck":["AscendersBane","Strike_R","Strike_R","Strike_R","Defend_R","Defend_R","Defend_R","Defend_R","Bash+1","Infernal Blade","Enlightenment","Thunderclap","Armaments","True Grit","Dropkick","Flex","Warcry","Juggernaut","True Grit","Good Instincts","Shrug It Off","Juggernaut","Flame Barrier"],"relics":["Burning Blood","Oddly Smooth Stone","Mummified Hand","Champion Belt","Mark of Pain","PreservedInsect"],"potions_floor_usage":[8,16,16,16,18],"damage_taken":[{"damage":5,"enemies":"Jaw Worm","floor":1,"turns":6},{"damage":60,"enemies":"Lagavulin","floor":8,"turns":7},{"damage":0,"enemies":"Small Slimes","floor":10,"turns":1},{"damage":0,"enemies":"2 Louse","floor":11,"turns":4},{"damage":4,"enemies":"Blue Slaver","floor":12,"turns":5},{"damage":8,"enemies":"Exordium Thugs","floor":14,"turns":4},{"damage":16,"enemies":"The Guardian","floor":16,"turns":13},{"damage":9,"enemies":"2 Thieves","floor":18,"turns":4},{"damage":52,"enemies":"3 Byrds","floor":22,"turns":8},{"damage":27,"enemies":"Snecko","floor":24,"turns":7},{"damage":28,"enemies":"Centurion and Healer","floor":25,"turns":4},{"damage":54,"enemies":"Book of Stabbing","floor":28,"turns":5}],"seed_played":"-1159843390318802409","potions_obtained":[{"floor":1,"key":"Regen Potion"},{"floor":8,"key":"SteroidPotion"},{"floor":11,"key":"AttackPotion"},{"floor":12,"key":"SteroidPotion"},{"floor":16,"key":"AttackPotion"},{"floor":25,"key":"SpeedPotion"}],"is_trial":false,"path_per_floor":["M","?","?","?","$","R","$","E","T","M","M","M","T","M","R","B",null,"M","$","?","$","M","R","M","M","T","R","E"],"character_chosen":"IRONCLAD","items_purchased":["Enlightenment","Thunderclap","Good Instincts"],"campfire_rested":3,"item_purchase_floors":[5,5,19],"current_hp_per_floor":[89,78,78,78,78,78,78,36,36,42,48,50,50,48,76,66,89,86,86,86,86,40,68,47,25,25,53,0],"gold":67,"neow_bonus":"TWENTY_PERCENT_HP_BONUS","is_prod":false,"is_daily":false,"chose_seed":false,"campfire_upgraded":1,"win_rate":0,"timestamp":1548459386,"path_taken":["M","?","?","?","$","R","?","E","T","M","?","M","?","M","R","BOSS","M","?","?","$","M","R","M","M","T","R","E"],"build_version":"2019-01-23","purchased_purges":2,"victory":false,"max_hp_per_floor":[96,96,96,96,96,96,96,96,96,96,96,96,96,96,96,96,96,96,96,96,96,96,96,96,96,96,96,96],"card_choices":[{"not_picked":["Perfected Strike","Warcry"],"picked":"Infernal Blade","floor":1},{"not_picked":["Flex","Pummel"],"picked":"Armaments","floor":8},{"not_picked":["Spot Weakness","Power Through"],"picked":"True Grit","floor":10},{"not_picked":["Uppercut","Headbutt"],"picked":"Dropkick","floor":11},{"not_picked":["Body Slam","Warcry"],"picked":"Flex","floor":12},{"not_picked":["Carnage","Iron Wave"],"picked":"Warcry","floor":14},{"not_picked":["Immolate","Berserk"],"picked":"Juggernaut","floor":16},{"not_picked":["Pommel Strike","Warcry"],"picked":"True Grit","floor":18},{"not_picked":["Flex","Sword Boomerang"],"picked":"Shrug It Off","floor":22},{"not_picked":["Havoc+1","True Grit"],"picked":"Juggernaut","floor":24},{"not_picked":["Flex","Cleave"],"picked":"Flame Barrier","floor":25}],"player_experience":1301398,"relics_obtained":[{"floor":8,"key":"Oddly Smooth Stone"},{"floor":9,"key":"Mummified Hand"},{"floor":13,"key":"Champion Belt"},{"floor":26,"key":"PreservedInsect"}],"event_choices":[{"damage_healed":0,"gold_gain":75,"player_choice":"Gather Gold","damage_taken":11,"max_hp_gain":0,"max_hp_loss":0,"event_name":"World of Goop","floor":2,"gold_loss":0},{"damage_healed":0,"gold_gain":0,"player_choice":"Ignored","damage_taken":0,"max_hp_gain":0,"max_hp_loss":0,"event_name":"Shining Light","floor":3,"gold_loss":0},{"cards_removed":["Writhe"],"damage_healed":0,"gold_gain":0,"player_choice":"Forget","damage_taken":0,"max_hp_gain":0,"max_hp_loss":0,"event_name":"Living Wall","floor":4,"gold_loss":0},{"damage_healed":0,"gold_gain":0,"player_choice":"Paid Fearfully","damage_taken":0,"max_hp_gain":0,"max_hp_loss":0,"event_name":"Masked Bandits","floor":20,"gold_loss":24}],"is_beta":false,"boss_relics":[{"not_picked":["Tiny House","Ectoplasm"],"picked":"Mark of Pain"}],"items_purged_floors":[5,19],"is_endless":false,"potions_floor_spawned":[1,8,11,12,16,25],"killed_by":"Book of Stabbing","ascension_level":10}