{"gold_per_floor":[113,124,124,2,2,32,49,78,156,156,156,18,32,94,94,198,198,185,185,185,215,232,232,257,269,281,311,356,384,396,425,437,551,563,589,621,15,15,28,61,61,95,95,95,126,38,73,89,89,89],"floor_reached":51,"playtime":5032,"items_purged":[],"score":1120,"play_id":"78f520dd-0fd4-449c-9c46-9dcb5b8ed9f2","local_time":"20190413212354","is_ascension_mode":true,"campfire_choices":[{"floor":11,"key":"REST"},{"data":"Leg Sweep","floor":15,"key":"SMITH"},{"floor":23,"key":"REST"},{"floor":25,"key":"REST"},{"floor":32,"key":"REST"},{"data":"After Image","floor":41,"key":"SMITH"},{"floor":49,"key":"DIG"}],"neow_cost":"NONE","seed_source_timestamp":183968172590697,"circlet_count":0,"master_deck":["Defend_G","Defend_G","Defend_G","Defend_G","Defend_G","Strike_G","Strike_G","Strike_G","Survivor","Neutralize","Leg Sweep+1","Backflip","Caltrops","PiercingWail","Cloak And Dagger","Caltrops","Predator","Caltrops","Flechettes","Deflect","Caltrops","After Image+1","Infinite Blades","Cloak And Dagger","Well Laid Plans","Dodge and Roll+1","A Thousand Cuts","Quick Slash+1","Cloak And Dagger","PiercingWail","Dagger Spray+1","Adrenaline","Blade Dance+1","Concentrate","Adrenaline","Madness","Madness","Deflect+1","Caltrops+1","Backstab","Tactician+1","Noxious Fumes","Concentrate","Backstab+1","All Out Attack+1"],"relics":["Ring of the Snake","NeowsBlessing","Gambling Chip","Anchor","Pantograph","The Courier","Philosopher\u0027s Stone","Red Mask","MawBank","Kunai","Bag of Preparation","Runic Pyramid","Mummified Hand","Ice Cream","DollysMirror","Blue Candle","Peace Pipe","Vajra","Shovel","Bottled Flame","Letter Opener"],"potions_floor_usage":[8,8,14,21,21,21,28,29,33,39,40,40],"damage_taken":[{"damage":0,"enemies":"2 Louse","floor":1,"turns":1},{"damage":0,"enemies":"Jaw Worm","floor":2,"turns":1},{"damage":0,"enemies":"Gremlin Nob","floor":6,"turns":1},{"damage":0,"enemies":"Cultist","floor":7,"turns":4},{"damage":30,"enemies":"3 Sentries","floor":8,"turns":14},{"damage":1,"enemies":"Blue Slaver","floor":13,"turns":5},{"damage":6,"enemies":"3 Sentries","floor":14,"turns":7},{"damage":18,"enemies":"The Guardian","floor":16,"turns":11},{"damage":11,"enemies":"2 Thieves","floor":18,"turns":4},{"damage":5,"enemies":"Masked Bandits","floor":21,"turns":6},{"damage":3,"enemies":"Shell Parasite","floor":22,"turns":5},{"damage":22,"enemies":"Gremlin Leader","floor":24,"turns":9},{"damage":0,"enemies":"Snecko","floor":27,"turns":7},{"damage":35,"enemies":"Book of Stabbing","floor":28,"turns":6},{"damage":3,"enemies":"Sentry and Sphere","floor":29,"turns":6},{"damage":0,"enemies":"Centurion and Healer","floor":31,"turns":10},{"damage":5,"enemies":"Champ","floor":33,"turns":14},{"damage":3,"enemies":"3 Shapes","floor":35,"turns":6},{"damage":0,"enemies":"3 Darklings","floor":36,"turns":5},{"damage":0,"enemies":"4 Shapes","floor":39,"turns":3},{"damage":0,"enemies":"Giant Head","floor":40,"turns":9},{"damage":1,"enemies":"Nemesis","floor":42,"turns":9},{"damage":13,"enemies":"Reptomancer","floor":45,"turns":7},{"damage":0,"enemies":"Nemesis","floor":47,"turns":9},{"damage":0,"enemies":"Sphere and 2 Shapes","floor":48,"turns":4},{"damage":63,"enemies":"Donu and Deca","floor":50,"turns":9}],"seed_played":"-6204545022357275146","potions_obtained":[{"floor":1,"key":"GamblersBrew"},{"floor":2,"key":"SkillPotion"},{"floor":8,"key":"PowerPotion"},{"floor":16,"key":"SpeedPotion"},{"floor":18,"key":"SkillPotion"},{"floor":27,"key":"PowerPotion"},{"floor":28,"key":"EssenceOfSteel"},{"floor":31,"key":"AttackPotion"},{"floor":33,"key":"Weak Potion"},{"floor":35,"key":"LiquidBronze"},{"floor":39,"key":"Strength Potion"},{"floor":45,"key":"GhostInAJar"}],"is_trial":false,"path_per_floor":["M","M","?","$","?","E","M","E","T","?","R","$","M","?","R","B",null,"M","?","?","?","M","R","E","R","T","M","E","M","?","M","R","B",null,"M","M","$","?","M","E","R","E","T","?","E","$","E","M","R","B",null],"character_chosen":"THE_SILENT","items_purchased":["Caltrops","Explosive Potion","Caltrops","Flechettes","Mummified Hand","Ice Cream","DollysMirror","Dodge and Roll","Noxious Fumes","Concentrate"],"campfire_rested":4,"item_purchase_floors":[4,4,12,12,37,37,37,37,46,46],"current_hp_per_floor":[70,70,70,70,70,70,70,40,40,40,61,61,60,54,54,52,66,55,42,42,37,34,56,34,56,56,56,21,18,18,18,40,60,71,68,68,68,59,59,59,59,58,58,58,45,45,45,45,45,7],"gold":89,"neow_bonus":"THREE_ENEMY_KILL","is_prod":false,"is_daily":false,"chose_seed":false,"campfire_upgraded":2,"win_rate":0,"timestamp":1555215834,"path_taken":["M","M","?","$","?","E","M","E","T","?","R","$","?","?","R","BOSS","M","?","?","?","?","R","E","R","T","M","E","?","?","?","R","BOSS","M","M","$","?","M","E","R","E","T","?","E","$","E","M","R","BOSS"],"build_version":"2019-01-23","purchased_purges":0,"victory":true,"max_hp_per_floor":[70,70,70,70,70,70,70,70,70,70,70,70,70,70,70,70,70,70,75,75,75,75,75,75,75,75,75,75,75,75,75,75,75,75,75,75,75,75,75,75,75,75,75,75,75,75,75,75,75,75],"card_choices":[{"not_picked":["PiercingWail","Finisher"],"picked":"Leg Sweep","floor":1},{"not_picked":["Dagger Throw","Dodge and Roll"],"picked":"Backflip","floor":2},{"not_picked":["Prepared","Outmaneuver"],"picked":"PiercingWail","floor":6},{"not_picked":["Slice","Phantasmal Killer"],"picked":"Cloak And Dagger","floor":7},{"not_picked":["Acrobatics","Blade Dance"],"picked":"Caltrops","floor":8},{"not_picked":["Outmaneuver","Sucker Punch"],"picked":"Deflect","floor":13},{"not_picked":["Sucker Punch","Finisher"],"picked":"Caltrops","floor":14},{"not_picked":["Tools of the Trade","Bullet Time"],"picked":"After Image","floor":16},{"not_picked":["Masterful Stab+1","Riddle With Holes"],"picked":"Infinite Blades","floor":18},{"not_picked":["Dagger Spray","Escape Plan"],"picked":"Well Laid Plans","floor":21},{"not_picked":["Terror","Underhanded Strike"],"picked":"Dodge and Roll+1","floor":22},{"not_picked":["Underhanded Strike","Bullet Time"],"picked":"A Thousand Cuts","floor":24},{"not_picked":["Dagger Throw","Flying Knee+1"],"picked":"Quick Slash+1","floor":27},{"not_picked":["Deadly Poison+1","Dagger Throw"],"picked":"Cloak And Dagger","floor":28},{"not_picked":["Poisoned Stab","Slice"],"picked":"PiercingWail","floor":29},{"not_picked":["Flying Knee","Terror"],"picked":"Dagger Spray+1","floor":31},{"not_picked":["Venomology","Unload"],"picked":"Adrenaline","floor":33},{"not_picked":["Slice","Underhanded Strike+1"],"picked":"Blade Dance+1","floor":35},{"not_picked":["Quick Slash","Dagger Spray"],"picked":"Concentrate","floor":36},{"not_picked":["Flying Knee+1","Sucker Punch"],"picked":"Deflect+1","floor":39},{"not_picked":["Flying Knee","Cloak And Dagger"],"picked":"Caltrops+1","floor":40},{"not_picked":["Distraction+1","Grand Finale"],"picked":"Backstab","floor":42},{"not_picked":["PiercingWail","Poisoned Stab"],"picked":"Tactician+1","floor":45},{"not_picked":["Escape Plan","Dagger Spray"],"picked":"Backstab+1","floor":47},{"not_picked":["Deadly Poison","Acrobatics+1"],"picked":"All Out Attack+1","floor":48}],"player_experience":1342969,"relics_obtained":[{"floor":6,"key":"Gambling Chip"},{"floor":8,"key":"Anchor"},{"floor":9,"key":"Pantograph"},{"floor":21,"key":"Red Mask"},{"floor":24,"key":"MawBank"},{"floor":26,"key":"Kunai"},{"floor":28,"key":"Bag of Preparation"},{"floor":40,"key":"Blue Candle"},{"floor":42,"key":"Peace Pipe"},{"floor":43,"key":"Vajra"},{"floor":45,"key":"Shovel"},{"floor":47,"key":"Bottled Flame"},{"floor":49,"key":"Letter Opener"}],"event_choices":[{"damage_healed":0,"gold_gain":0,"cards_transformed":["Strike_G"],"player_choice":"Change","damage_taken":0,"max_hp_gain":0,"max_hp_loss":0,"event_name":"Living Wall","floor":3,"gold_loss":0,"cards_obtained":["Unload"]},{"damage_healed":0,"gold_gain":0,"player_choice":"Leave","damage_taken":0,"max_hp_gain":0,"max_hp_loss":0,"event_name":"The Cleric","floor":5,"gold_loss":0},{"damage_healed":0,"gold_gain":0,"cards_transformed":["Unload"],"player_choice":"Transformed","damage_taken":0,"max_hp_gain":0,"max_hp_loss":0,"event_name":"Transmorgrifier","floor":10,"gold_loss":0,"cards_obtained":["Predator"]},{"damage_healed":0,"gold_gain":0,"player_choice":"Searched \u00272\u0027 times","damage_taken":0,"relics_obtained":["The Courier"],"max_hp_gain":0,"max_hp_loss":0,"event_name":"Dead Adventurer","floor":14,"gold_loss":0},{"damage_healed":0,"gold_gain":0,"player_choice":"Shed Blood","damage_taken":18,"max_hp_gain":5,"max_hp_loss":0,"event_name":"Forgotten Altar","floor":19,"gold_loss":0},{"damage_healed":0,"gold_gain":0,"player_choice":"Read","damage_taken":0,"max_hp_gain":0,"max_hp_loss":0,"event_name":"The Library","floor":20,"gold_loss":0,"cards_obtained":["Cloak And Dagger"]},{"damage_healed":0,"gold_gain":0,"player_choice":"Fought Bandits","damage_taken":0,"max_hp_gain":0,"max_hp_loss":0,"event_name":"Masked Bandits","floor":21,"gold_loss":0},{"cards_removed":["Strike_G"],"damage_healed":0,"gold_gain":0,"player_choice":"Offered Basic","damage_taken":0,"max_hp_gain":0,"max_hp_loss":0,"event_name":"Bonfire Elementals","floor":30,"gold_loss":0},{"damage_healed":0,"gold_gain":0,"player_choice":"Embrace Madness","damage_taken":9,"max_hp_gain":0,"max_hp_loss":0,"event_name":"Winding Halls","floor":38,"gold_loss":0,"cards_obtained":["Madness","Madness"]},{"cards_removed":["Dodge and Roll"],"damage_healed":0,"gold_gain":0,"player_choice":"Removed Skill","damage_taken":0,"max_hp_gain":0,"max_hp_loss":0,"event_name":"Falling","floor":44,"gold_loss":0}],"is_beta":false,"boss_relics":[{"not_picked":["Lizard Tail","Empty Cage"],"picked":"Philosopher\u0027s Stone"},{"not_picked":["White Beast Statue","Black Star"],"picked":"Runic Pyramid"}],"items_purged_floors":[],"is_endless":false,"potions_floor_spawned":[1,2,8,16,18,27,28,31,33,35,39,45],"ascension_level":5}