{"gold_per_floor":[364,65,81,81,98,123,123,123,148,148,148,148,159,191,191,286,286,297,297,283,70,70,70],"floor_reached":23,"playtime":17653,"items_purged":[],"score":305,"play_id":"e40e62e7-6e1d-4e0e-aa91-90e3974099ad","local_time":"20190416233216","is_ascension_mode":true,"campfire_choices":[{"floor":7,"key":"REST"},{"floor":11,"key":"REST"},{"floor":15,"key":"REST"}],"neow_cost":"CURSE","seed_source_timestamp":497434187646500,"circlet_count":0,"master_deck":["AscendersBane","Defend_G","Defend_G+1","Defend_G","Defend_G","Defend_G+1","Strike_G","Strike_G","Strike_G","Strike_G","Strike_G","Survivor+1","Neutralize","Choke","Acrobatics+1","Endless Agony","Tools of the Trade","Cloak And Dagger","Terror","A Thousand Cuts","Blade Dance+1","Metamorphosis","Backstab"],"relics":["Ring of the Snake","FossilizedHelix","Shuriken","Vajra","Anchor","War Paint","Boot","White Beast Statue"],"potions_floor_usage":[14,16,23,23],"damage_taken":[{"damage":6,"enemies":"Cultist","floor":1,"turns":5},{"damage":0,"enemies":"Jaw Worm","floor":3,"turns":4},{"damage":0,"enemies":"2 Louse","floor":5,"turns":3},{"damage":16,"enemies":"Gremlin Nob","floor":6,"turns":5},{"damage":6,"enemies":"2 Fungi Beasts","floor":13,"turns":3},{"damage":12,"enemies":"Lagavulin","floor":14,"turns":7},{"damage":34,"enemies":"Hexaghost","floor":16,"turns":9},{"damage":6,"enemies":"Chosen","floor":18,"turns":5},{"damage":11,"enemies":"2 Thieves","floor":20,"turns":4},{"damage":43,"enemies":"Gremlin Leader","floor":23,"turns":5}],"seed_played":"-1137366993474800588","potions_obtained":[{"floor":1,"key":"Regen Potion"},{"floor":3,"key":"EssenceOfSteel"},{"floor":13,"key":"PowerPotion"},{"floor":18,"key":"Energy Potion"},{"floor":20,"key":"EssenceOfSteel"}],"is_trial":false,"path_per_floor":["M","$","M","T","M","E","R","?","T","?","R","?","M","E","R","B",null,"M","?","M","$","?","E"],"character_chosen":"THE_SILENT","items_purchased":["FossilizedHelix","Metamorphosis","Backstab"],"campfire_rested":3,"item_purchase_floors":[2,21,21],"current_hp_per_floor":[57,57,57,57,57,41,62,62,62,49,67,64,58,46,66,47,62,56,50,39,39,39,0],"gold":70,"neow_bonus":"TWO_FIFTY_GOLD","is_prod":false,"is_daily":false,"chose_seed":false,"campfire_upgraded":0,"win_rate":0,"timestamp":1555450336,"path_taken":["M","$","M","?","?","E","R","?","T","?","R","?","M","E","R","BOSS","M","?","?","$","?","E"],"build_version":"2019-01-23","purchased_purges":0,"victory":false,"max_hp_per_floor":[70,70,70,70,70,70,70,67,67,67,67,67,67,67,67,67,67,67,67,67,67,67,67],"card_choices":[{"not_picked":["Outmaneuver","Deadly Poison"],"picked":"Choke","floor":1},{"not_picked":["Underhanded Strike","Prepared"],"picked":"Acrobatics","floor":3},{"not_picked":["Deadly Poison","Prepared"],"picked":"Endless Agony","floor":5},{"not_picked":["Backflip","Outmaneuver"],"picked":"Tools of the Trade","floor":6},{"not_picked":["Underhanded Strike","Night Terror"],"picked":"Cloak And Dagger","floor":13},{"not_picked":["Deadly Poison","Distraction"],"picked":"Terror","floor":14},{"not_picked":["Envenom","Night Terror"],"picked":"A Thousand Cuts","floor":16},{"not_picked":["Eviscerate+1","Deadly Poison+1","Riddle With Holes"],"picked":"SKIP","floor":18},{"not_picked":["Dash","Slice"],"picked":"Blade Dance+1","floor":20}],"player_experience":1708004,"relics_obtained":[{"floor":4,"key":"Shuriken"},{"floor":6,"key":"Vajra"},{"floor":9,"key":"Anchor"},{"floor":14,"key":"Boot"}],"event_choices":[{"cards_removed":["Parasite"],"damage_healed":0,"gold_gain":0,"player_choice":"Forget","damage_taken":0,"max_hp_gain":0,"max_hp_loss":0,"event_name":"Living Wall","floor":8,"gold_loss":0},{"damage_healed":0,"gold_gain":0,"player_choice":"Entered Light","damage_taken":13,"max_hp_gain":0,"max_hp_loss":0,"event_name":"Shining Light","floor":10,"gold_loss":0,"cards_upgraded":["Defend_G","Defend_G"]},{"damage_healed":0,"gold_gain":0,"player_choice":"Success","damage_taken":3,"relics_obtained":["War Paint"],"max_hp_gain":0,"max_hp_loss":0,"event_name":"Scrap Ooze","floor":12,"gold_loss":0},{"damage_healed":0,"gold_gain":0,"player_choice":"Damaged","damage_taken":6,"max_hp_gain":0,"max_hp_loss":0,"event_name":"Wheel of Change","floor":19,"gold_loss":0},{"damage_healed":0,"gold_gain":0,"player_choice":"Ignored","damage_taken":0,"max_hp_gain":0,"max_hp_loss":0,"event_name":"Vampires","floor":22,"gold_loss":0}],"is_beta":false,"boss_relics":[{"not_picked":["Philosopher\u0027s Stone","Runic Dome"],"picked":"White Beast Statue"}],"items_purged_floors":[],"is_endless":false,"potions_floor_spawned":[1,3,13,18,20],"killed_by":"Gremlin Leader","ascension_level":11}