{"gold_per_floor":[113,113,113,18,193,225,236,261,288,302,302,314,314,332,332,332],"floor_reached":16,"playtime":436,"items_purged":[],"score":216,"play_id":"1c3f2152-e72a-47ef-ae67-c495a696be2b","local_time":"20190419010739","is_ascension_mode":true,"campfire_choices":[{"floor":11,"key":"REST"},{"floor":15,"key":"REST"}],"neow_cost":"NONE","seed_source_timestamp":102054959710600,"circlet_count":0,"master_deck":["AscendersBane","Strike_B","Strike_B","Strike_B","Strike_B","Defend_B","Defend_B","Defend_B","Defend_B+1","Zap","Dualcast+1","Darkness","Bandage Up","Conserve Battery","Sunder","Amplify","Leap"],"relics":["Cracked Core","NeowsBlessing","DataDisk","Happy Flower","Bronze Scales","Centennial Puzzle"],"potions_floor_usage":[8,16,16],"damage_taken":[{"damage":0,"enemies":"Jaw Worm","floor":1,"turns":1},{"damage":0,"enemies":"3 Sentries","floor":6,"turns":1},{"damage":0,"enemies":"Small Slimes","floor":7,"turns":1},{"damage":23,"enemies":"Lagavulin","floor":8,"turns":7},{"damage":0,"enemies":"2 Louse","floor":10,"turns":3},{"damage":6,"enemies":"Looter","floor":12,"turns":3},{"damage":15,"enemies":"2 Fungi Beasts","floor":14,"turns":2},{"damage":50,"enemies":"Slime Boss","floor":16,"turns":10}],"seed_played":"-7115303844526953469","potions_obtained":[{"floor":6,"key":"Swift Potion"},{"floor":10,"key":"SpeedPotion"},{"floor":14,"key":"Ancient Potion"}],"is_trial":false,"path_per_floor":["M","?","?","$","?","E","M","E","T","M","R","M","?","M","R","B"],"character_chosen":"DEFECT","items_purchased":["Bandage Up"],"campfire_rested":2,"item_purchase_floors":[4],"current_hp_per_floor":[68,43,28,28,28,28,28,9,9,9,31,29,29,14,36,0],"gold":332,"neow_bonus":"THREE_ENEMY_KILL","is_prod":false,"is_daily":false,"chose_seed":false,"campfire_upgraded":0,"win_rate":0,"timestamp":1555628859,"path_taken":["M","?","?","$","?","E","?","E","T","M","R","M","?","M","R","BOSS"],"build_version":"2019-01-23","purchased_purges":0,"victory":false,"max_hp_per_floor":[75,75,75,75,75,75,75,75,75,75,75,75,75,75,75,75],"card_choices":[{"not_picked":["Sweeping Beam","Recycle"],"picked":"Darkness","floor":1},{"not_picked":["Glacier","Streamline"],"picked":"Conserve Battery","floor":6},{"not_picked":["Reinforced Body","Blizzard"],"picked":"Sunder","floor":7},{"not_picked":["Skim","Turbo"],"picked":"Amplify","floor":8},{"not_picked":["Redo","Stack"],"picked":"Leap","floor":10},{"not_picked":["Steam","Barrage","Cold Snap"],"picked":"SKIP","floor":12},{"not_picked":["Barrage","Compile Driver","Go for the Eyes"],"picked":"SKIP","floor":14}],"player_experience":1735974,"relics_obtained":[{"floor":6,"key":"Happy Flower"},{"floor":8,"key":"Bronze Scales"},{"floor":9,"key":"Centennial Puzzle"}],"event_choices":[{"damage_healed":0,"gold_gain":0,"player_choice":"Success","damage_taken":25,"relics_obtained":["DataDisk"],"max_hp_gain":0,"max_hp_loss":0,"event_name":"Scrap Ooze","floor":2,"gold_loss":0},{"damage_healed":0,"gold_gain":0,"player_choice":"Entered Light","damage_taken":15,"max_hp_gain":0,"max_hp_loss":0,"event_name":"Shining Light","floor":3,"gold_loss":0,"cards_upgraded":["Dualcast","Defend_B"]},{"damage_healed":0,"gold_gain":175,"player_choice":"AGREE","damage_taken":0,"max_hp_gain":0,"max_hp_loss":0,"event_name":"Liars Game","floor":5,"gold_loss":0,"cards_obtained":["Doubt"]},{"cards_removed":["Doubt"],"damage_healed":0,"gold_gain":0,"player_choice":"Forget","damage_taken":0,"max_hp_gain":0,"max_hp_loss":0,"event_name":"Living Wall","floor":13,"gold_loss":0}],"is_beta":false,"boss_relics":[],"items_purged_floors":[],"is_endless":false,"potions_floor_spawned":[6,10,14],"killed_by":"Slime Boss","ascension_level":12}