{"gold_per_floor":[114,114,389,399,28,60,75,101,101,101,115,132,143,143,143,245,295,314,314,314,314],"floor_reached":21,"playtime":811,"items_purged":[],"score":384,"play_id":"cdb317ce-3cc1-4b05-a866-180074cfac7d","local_time":"20190314174700","is_ascension_mode":true,"campfire_choices":[{"floor":10,"key":"REST"},{"floor":15,"key":"REST"}],"neow_cost":"NONE","seed_source_timestamp":83756233940300,"circlet_count":0,"master_deck":["AscendersBane","Defend_G","Defend_G","Defend_G","Defend_G","Defend_G","Strike_G","Strike_G+1","Strike_G","Strike_G+1","Survivor","Neutralize","Terror","Regret","Quick Slash","Deadly Poison","Catalyst","Quick Slash","Bouncing Flask+1","Night Terror","Deadly Poison","Setup","Regret","Envenom","Acrobatics","Bane+1","Writhe","Necronomicurse"],"relics":["Ring of the Snake","Whetstone","Mercury Hourglass","Bag of Marbles","Ninja Scroll","Regal Pillow","The Courier","Tiny House","Bag of Preparation","Necronomicon"],"potions_floor_usage":[6,16,18,21,21],"damage_taken":[{"damage":8,"enemies":"Jaw Worm","floor":1,"turns":5},{"damage":3,"enemies":"Small Slimes","floor":4,"turns":3},{"damage":24,"enemies":"Lagavulin","floor":6,"turns":5},{"damage":3,"enemies":"Cultist","floor":7,"turns":2},{"damage":17,"enemies":"Gremlin Nob","floor":8,"turns":3},{"damage":5,"enemies":"2 Fungi Beasts","floor":11,"turns":2},{"damage":0,"enemies":"Large Slime","floor":12,"turns":3},{"damage":0,"enemies":"Blue Slaver","floor":13,"turns":2},{"damage":19,"enemies":"Slime Boss","floor":16,"turns":9},{"damage":28,"enemies":"Spheric Guardian","floor":18,"turns":4},{"damage":41,"enemies":"Masked Bandits","floor":21,"turns":5}],"seed_played":"-6909596689480466612","potions_obtained":[{"floor":4,"key":"Swift Potion"},{"floor":11,"key":"Regen Potion"},{"floor":12,"key":"GamblersBrew"},{"floor":13,"key":"Explosive Potion"},{"floor":17,"key":"Dexterity Potion"}],"is_trial":false,"path_per_floor":["M","?","?","M","$","E","M","E","T","R","M","M","M","?","R","B",null,"M","?","?","?"],"character_chosen":"THE_SILENT","items_purchased":["Mercury Hourglass","Deadly Poison","Catalyst"],"campfire_rested":2,"item_purchase_floors":[5,5,5],"current_hp_per_floor":[55,55,55,52,52,28,25,8,8,44,39,39,39,39,70,51,70,42,42,26,0],"gold":314,"neow_bonus":"RANDOM_COMMON_RELIC","is_prod":false,"is_daily":false,"chose_seed":false,"campfire_upgraded":0,"win_rate":0,"timestamp":1552582020,"path_taken":["M","?","?","M","$","E","M","E","T","R","M","M","?","?","R","BOSS","M","?","?","?"],"build_version":"2019-01-23","purchased_purges":0,"victory":false,"max_hp_per_floor":[70,70,70,70,70,70,70,70,70,70,70,70,70,70,70,70,75,75,75,75,75],"card_choices":[{"not_picked":["Acrobatics","PiercingWail"],"picked":"Terror","floor":1},{"not_picked":["Underhanded Strike","Predator"],"picked":"Quick Slash","floor":4},{"not_picked":["Crippling Poison","Backflip"],"picked":"Quick Slash","floor":6},{"not_picked":["Dash","Blade Dance"],"picked":"Bouncing Flask","floor":7},{"not_picked":["Dagger Throw","Acrobatics"],"picked":"Night Terror","floor":8},{"not_picked":["All Out Attack","Sucker Punch","Underhanded Strike"],"picked":"SKIP","floor":11},{"not_picked":["Well Laid Plans","Flying Knee"],"picked":"Deadly Poison","floor":12},{"not_picked":["Riddle With Holes","Prepared"],"picked":"Setup","floor":13},{"not_picked":["Die Die Die","Burst"],"picked":"Envenom","floor":16},{"not_picked":["Underhanded Strike","Outmaneuver"],"picked":"Acrobatics","floor":17},{"not_picked":["Deadly Poison","Flying Knee"],"picked":"Bane+1","floor":18}],"player_experience":1511222,"relics_obtained":[{"floor":6,"key":"Bag of Marbles"},{"floor":8,"key":"Ninja Scroll"},{"floor":9,"key":"Regal Pillow"},{"floor":20,"key":"Necronomicon"}],"event_choices":[{"cards_removed":["Strike_G"],"damage_healed":0,"gold_gain":0,"player_choice":"Forget","damage_taken":0,"max_hp_gain":0,"max_hp_loss":0,"event_name":"Living Wall","floor":2,"gold_loss":0},{"damage_healed":0,"gold_gain":275,"player_choice":"Desecrate","damage_taken":0,"max_hp_gain":0,"max_hp_loss":0,"event_name":"Golden Shrine","floor":3,"gold_loss":0,"cards_obtained":["Regret"]},{"damage_healed":0,"gold_gain":0,"player_choice":"Box","damage_taken":0,"relics_obtained":["The Courier"],"max_hp_gain":0,"max_hp_loss":0,"event_name":"Big Fish","floor":14,"gold_loss":0,"cards_obtained":["Regret"]},{"damage_healed":0,"gold_gain":0,"player_choice":"Opened","damage_taken":0,"relics_obtained":["Bag of Preparation"],"max_hp_gain":0,"max_hp_loss":0,"event_name":"The Mausoleum","floor":19,"gold_loss":0,"cards_obtained":["Writhe"]},{"damage_healed":0,"gold_gain":0,"player_choice":"Obtained Book","damage_taken":16,"max_hp_gain":0,"max_hp_loss":0,"event_name":"Cursed Tome","floor":20,"gold_loss":0},{"damage_healed":0,"gold_gain":0,"player_choice":"Fought Bandits","damage_taken":0,"max_hp_gain":0,"max_hp_loss":0,"event_name":"Masked Bandits","floor":21,"gold_loss":0}],"is_beta":false,"boss_relics":[{"not_picked":["Empty Cage","Orrery"],"picked":"Tiny House"}],"items_purged_floors":[],"is_endless":false,"potions_floor_spawned":[4,11,12,13],"killed_by":"Masked Bandits","ascension_level":10}