{"gold_per_floor":[113,34,34,48,67,67,83,117,117,133,56,56,56,69,69,143,143,161,181,181,198,231,231,231,258,258,258,258],"floor_reached":28,"playtime":937,"items_purged":[],"score":476,"play_id":"f2c465af-798d-46ec-9218-5de0d85d2d33","local_time":"20190513154747","is_ascension_mode":true,"campfire_choices":[{"data":"Second Wind","floor":6.0,"key":"SMITH"},{"data":"Uppercut","floor":15.0,"key":"SMITH"},{"floor":23.0,"key":"REST"},{"floor":27,"key":"REST"}],"neow_cost":"TEN_PERCENT_HP_LOSS","seed_source_timestamp":260549497781254,"circlet_count":0,"master_deck":["AscendersBane","Strike_R","Strike_R","Defend_R","Defend_R","Defend_R","Defend_R","Spot Weakness","Second Wind+1","Evolve","Burning Pact","Uppercut+1","Offering","Whirlwind","Shrug It Off","Flex","Perfected Strike","Feel No Pain+1"],"special_seed":0,"relics":["Burning Blood","Thread and Needle","Frozen Egg 2","Pantograph","Letter Opener","Runic Dome","Red Mask","Orichalcum","Strawberry","Question Card"],"potions_floor_usage":[25,28],"damage_taken":[{"damage":11.0,"enemies":"Jaw Worm","floor":1.0,"turns":7.0},{"damage":11.0,"enemies":"Cultist","floor":4.0,"turns":4.0},{"damage":12.0,"enemies":"Small Slimes","floor":5.0,"turns":3.0},{"damage":5.0,"enemies":"Looter","floor":7.0,"turns":4.0},{"damage":25.0,"enemies":"3 Sentries","floor":8.0,"turns":8.0},{"damage":8.0,"enemies":"Blue Slaver","floor":10.0,"turns":6.0},{"damage":6.0,"enemies":"2 Fungi Beasts","floor":14.0,"turns":5.0},{"damage":36.0,"enemies":"The Guardian","floor":16.0,"turns":11.0},{"damage":19.0,"enemies":"Spheric Guardian","floor":18.0,"turns":5.0},{"damage":11.0,"enemies":"Shell Parasite","floor":19.0,"turns":6.0},{"damage":20.0,"enemies":"3 Cultists","floor":21.0,"turns":5.0},{"damage":17.0,"enemies":"Masked Bandits","floor":22.0,"turns":3.0},{"damage":29,"enemies":"Slavers","floor":25,"turns":6},{"damage":52,"enemies":"Gremlin Leader","floor":28,"turns":6}],"seed_played":"-7206285801583310424","potions_obtained":[{"floor":3.0,"key":"AttackPotion"},{"floor":3.0,"key":"Dexterity Potion"},{"floor":16.0,"key":"SpeedPotion"},{"floor":21.0,"key":"SkillPotion"},{"floor":22.0,"key":"Block Potion"},{"floor":25,"key":"Regen Potion"}],"is_trial":false,"path_per_floor":["M","$","?","M","M","R","M","E","T","M","$","?","T","M","R","B",null,"M","M","?","M","?","R","T","E","T","R","E"],"character_chosen":"IRONCLAD","items_purchased":["Second Wind","Uppercut"],"campfire_rested":2,"item_purchase_floors":[2,11],"current_hp_per_floor":[63,63,63,58,52,52,53,34,34,32,32,21,21,21,21,16,55,42,37,37,23,12,32,32,16,16,38,0],"gold":258,"neow_bonus":"REMOVE_TWO","is_prod":false,"is_daily":false,"chose_seed":false,"campfire_upgraded":2,"win_rate":0,"timestamp":1557733667,"path_taken":["M","$","?","M","?","R","M","E","T","M","$","?","?","?","R","BOSS","M","M","?","M","?","R","?","E","T","R","E"],"build_version":"2019-01-23","purchased_purges":0,"victory":false,"max_hp_per_floor":[68,68,68,68,68,68,68,68,68,68,68,68,68,68,68,68,68,68,68,68,68,68,68,68,75,75,75,75],"card_choices":[{"not_picked":["Perfected Strike","Heavy Blade"],"picked":"Spot Weakness","floor":1.0},{"not_picked":["Infernal Blade","Cleave","Anger"],"picked":"SKIP","floor":4.0},{"not_picked":["Clothesline","Anger"],"picked":"Evolve","floor":5.0},{"not_picked":["Sever Soul","Whirlwind","Flex"],"picked":"SKIP","floor":7.0},{"not_picked":["Dual Wield","Sever Soul","Headbutt"],"picked":"SKIP","floor":8.0},{"not_picked":["Heavy Blade","Shockwave"],"picked":"Burning Pact","floor":10.0},{"not_picked":["Sword Boomerang","Armaments","Bloodletting"],"picked":"SKIP","floor":14.0},{"not_picked":["Sword Boomerang","Armaments","Bloodletting"],"picked":"SKIP","floor":14.0},{"not_picked":["Immolate","Exhume"],"picked":"Offering","floor":16.0},{"not_picked":["Flex","Iron Wave","Whirlwind"],"picked":"SKIP","floor":18.0},{"not_picked":["Flex","Iron Wave"],"picked":"Whirlwind","floor":18.0},{"not_picked":["Clash","Sword Boomerang"],"picked":"Shrug It Off","floor":19.0},{"not_picked":["Cleave","Dual Wield","Anger"],"picked":"SKIP","floor":21.0},{"not_picked":["Clothesline","Sword Boomerang"],"picked":"Feel No Pain+1","floor":25}],"player_experience":1637940,"relics_obtained":[{"floor":8.0,"key":"Thread and Needle"},{"floor":9.0,"key":"Frozen Egg 2"},{"floor":13.0,"key":"Letter Opener"},{"floor":22.0,"key":"Red Mask"},{"floor":24.0,"key":"Orichalcum"},{"floor":25,"key":"Strawberry"},{"floor":26,"key":"Question Card"}],"event_choices":[{"damage_healed":0.0,"max_hp_gain":0.0,"max_hp_loss":0.0,"gold_gain":0.0,"event_name":"Lab","player_choice":"Got Potions","floor":3.0,"gold_loss":0.0,"damage_taken":0.0},{"damage_healed":0.0,"max_hp_gain":0.0,"max_hp_loss":0.0,"gold_gain":0.0,"event_name":"Scrap Ooze","player_choice":"Success","floor":12.0,"gold_loss":0.0,"damage_taken":11.0,"relics_obtained":["Pantograph"]},{"damage_healed":0.0,"max_hp_gain":0.0,"max_hp_loss":0.0,"gold_gain":0.0,"cards_transformed":["Strike_R","Bash"],"event_name":"Drug Dealer","player_choice":"Became Test Subject","floor":20.0,"gold_loss":0.0,"damage_taken":0.0,"cards_obtained":["Flex","Perfected Strike"]},{"damage_healed":0.0,"max_hp_gain":0.0,"max_hp_loss":0.0,"gold_gain":0.0,"event_name":"Masked Bandits","player_choice":"Fought Bandits","floor":22.0,"gold_loss":0.0,"damage_taken":0.0}],"is_beta":false,"boss_relics":[{"not_picked":["Black Blood","Cursed Key"],"picked":"Runic Dome"}],"items_purged_floors":[],"is_endless":false,"potions_floor_spawned":[4,14,16,21,22,25],"killed_by":"Gremlin Leader","ascension_level":20}