{"gold_per_floor":[361,371,391,26,0,0,0,0,0,32,32,48,48,80,80,185,185,201,219,235,235,27,62,62,62,86,86],"floor_reached":27,"playtime":2375,"items_purged":["Strike_G"],"score":311,"play_id":"35f8af7f-0fb0-4fbe-823f-ee745045c39b","local_time":"20190430204705","is_ascension_mode":true,"campfire_choices":[{"data":"Dash","floor":6,"key":"SMITH"},{"data":"Neutralize","floor":8,"key":"SMITH"},{"floor":13,"key":"REST"},{"floor":15,"key":"DIG"},{"floor":24,"key":"REST"}],"neow_cost":"TEN_PERCENT_HP_LOSS","seed_source_timestamp":1683605081415100,"circlet_count":0,"master_deck":["Defend_G","Defend_G","Defend_G","Defend_G","Defend_G+1","Strike_G","Strike_G","Strike_G+1","Strike_G","Survivor","Neutralize+1","Dash+1","PiercingWail","Blur","Poisoned Stab","Finisher","Bane","Backflip","Heel Hook","Adrenaline","Noxious Fumes","Poisoned Stab","Deadly Poison","Well Laid Plans","Backstab","Decay"],"relics":["Ring of the Snake","Strawberry","Ornamental Fan","Bottled Flame","Shovel","Peace Pipe","Black Star","ClockworkSouvenir","Bronze Scales","Art of War","Boot"],"potions_floor_usage":[23,23,23,23,27],"damage_taken":[{"damage":6,"enemies":"2 Louse","floor":1,"turns":4},{"damage":1,"enemies":"Jaw Worm","floor":2,"turns":4},{"damage":5,"enemies":"Cultist","floor":3,"turns":4},{"damage":0,"enemies":"Looter","floor":5,"turns":4},{"damage":16,"enemies":"Lagavulin","floor":10,"turns":10},{"damage":6,"enemies":"Large Slime","floor":12,"turns":5},{"damage":12,"enemies":"3 Sentries","floor":14,"turns":11},{"damage":24,"enemies":"The Guardian","floor":16,"turns":19},{"damage":8,"enemies":"Shell Parasite","floor":18,"turns":8},{"damage":11,"enemies":"Spheric Guardian","floor":19,"turns":5},{"damage":1,"enemies":"Cultist and Chosen","floor":20,"turns":7},{"damage":18,"enemies":"Book of Stabbing","floor":23,"turns":8},{"damage":37,"enemies":"Slavers","floor":27,"turns":4}],"seed_played":"-8792176050334695216","potions_obtained":[{"floor":1,"key":"FearPotion"},{"floor":10,"key":"Swift Potion"},{"floor":20,"key":"GhostInAJar"}],"is_trial":false,"path_per_floor":["M","M","M","$","M","R","?","R","T","E","$","M","R","E","R","B",null,"M","M","M","?","$","E","R","?","T","E"],"character_chosen":"THE_SILENT","items_purchased":["Strawberry","Poisoned Stab","EntropicBrew","ClockworkSouvenir"],"campfire_rested":2,"item_purchase_floors":[4,4,4,22],"current_hp_per_floor":[57,56,51,58,58,58,44,44,44,28,28,22,43,31,31,7,54,46,35,34,34,34,16,37,37,37,0],"gold":86,"neow_bonus":"TWO_FIFTY_GOLD","is_prod":false,"is_daily":false,"chose_seed":false,"campfire_upgraded":2,"win_rate":0,"timestamp":1556682425,"path_taken":["M","M","M","$","M","R","?","R","T","E","$","M","R","E","R","BOSS","M","M","M","?","$","E","R","?","T","E"],"build_version":"2019-01-23","purchased_purges":1,"victory":false,"max_hp_per_floor":[63,63,63,70,70,70,70,70,70,70,70,70,70,70,70,70,70,70,70,70,70,70,70,70,70,70,70],"card_choices":[{"not_picked":["Dodge and Roll","Slice"],"picked":"Dash","floor":1},{"not_picked":["Heel Hook","Terror"],"picked":"PiercingWail","floor":2},{"not_picked":["Blade Dance","Masterful Stab"],"picked":"Blur","floor":3},{"not_picked":["Poisoned Stab","Sucker Punch"],"picked":"Finisher","floor":5},{"not_picked":["Sucker Punch","Dagger Throw"],"picked":"Bane","floor":10},{"not_picked":["Dash","Sucker Punch"],"picked":"Backflip","floor":12},{"not_picked":["Blade Dance","Prepared"],"picked":"Heel Hook","floor":14},{"not_picked":["Phantasmal Killer","Envenom"],"picked":"Adrenaline","floor":16},{"not_picked":["Acrobatics","Bane"],"picked":"Noxious Fumes","floor":18},{"not_picked":["Flying Knee","Bullet Time"],"picked":"Poisoned Stab","floor":19},{"not_picked":["Backstab","Eviscerate"],"picked":"Deadly Poison","floor":20},{"not_picked":["Setup","Terror"],"picked":"Backstab","floor":23}],"player_experience":417319,"relics_obtained":[{"floor":9,"key":"Ornamental Fan"},{"floor":10,"key":"Bottled Flame"},{"floor":14,"key":"Shovel"},{"floor":15,"key":"Peace Pipe"},{"floor":23,"key":"Bronze Scales"},{"floor":23,"key":"Art of War"},{"floor":26,"key":"Boot"}],"event_choices":[{"damage_healed":0,"gold_gain":0,"player_choice":"Entered Light","damage_taken":14,"max_hp_gain":0,"max_hp_loss":0,"event_name":"Shining Light","floor":7,"gold_loss":0,"cards_upgraded":["Defend_G","Strike_G"]},{"damage_healed":0,"gold_gain":0,"player_choice":"Read","damage_taken":0,"max_hp_gain":0,"max_hp_loss":0,"event_name":"The Library","floor":21,"gold_loss":0,"cards_obtained":["Well Laid Plans"]},{"damage_healed":0,"gold_gain":0,"player_choice":"Smashed Altar","damage_taken":0,"max_hp_gain":0,"max_hp_loss":0,"event_name":"Forgotten Altar","floor":25,"gold_loss":0,"cards_obtained":["Decay"]}],"is_beta":false,"boss_relics":[{"not_picked":["Runic Pyramid","Astrolabe"],"picked":"Black Star"}],"items_purged_floors":[4],"is_endless":false,"potions_floor_spawned":[1,10,12,20],"killed_by":"Slavers","ascension_level":6}