{"gold_per_floor":[118,132,99,99,99,130,140,154,154,33,33,48,48,65,65,166,216,233,332,422,263,274,274,292,309,355,374,401,401,420,436,436,541,541,561,574,306,321,333,333,345,345,399,0,0,0,0,0,0,0],"floor_reached":51,"playtime":4503,"items_purged":["Regret","Strike_G","Strike_G"],"score":696,"play_id":"00a01710-673e-410d-b44c-e88b4fec3598","local_time":"20181127224602","is_ascension_mode":false,"campfire_choices":[{"data":"Accuracy","floor":11.0,"key":"SMITH"},{"data":"Infinite Blades","floor":13.0,"key":"SMITH"},{"floor":15.0,"key":"REST"},{"floor":23.0,"key":"REST"},{"floor":29.0,"key":"REST"},{"floor":32.0,"key":"REST"},{"floor":40.0,"key":"REST"},{"data":"A Thousand Cuts","floor":42,"key":"SMITH"},{"data":"Blade Dance","floor":47,"key":"SMITH"},{"floor":49,"key":"REST"}],"neow_cost":"NONE","seed_source_timestamp":0,"circlet_count":0,"master_deck":["Defend_G","Defend_G","Defend_G","Strike_G","Strike_G","Survivor","Neutralize","Blade Dance+1","Finisher+1","Accuracy+1","Iron Wave","Well Laid Plans","Dagger Spray","Infinite Blades+1","A Thousand Cuts+1","Escape Plan","Infinite Blades","After Image","Storm of Steel","Blade Dance+1","Prepared","Accuracy+1","Prepared+1","Infinite Blades","Madness","Madness"],"special_seed":0,"relics":["Ring of the Snake","Centennial Puzzle","Singing Bowl","Smiling Mask","Tiny House","Regal Pillow","Ninja Scroll","Empty Cage","Lee\u0027s Waffle","Anchor","Red Mask","Bottled Lightning"],"potions_floor_usage":[50,50],"damage_taken":[{"damage":0.0,"enemies":"Small Slimes","floor":1.0,"turns":5.0},{"damage":0.0,"enemies":"2 Louse","floor":2.0,"turns":3.0},{"damage":23.0,"enemies":"Lagavulin","floor":6.0,"turns":9.0},{"damage":0.0,"enemies":"Cultist","floor":7.0,"turns":4.0},{"damage":4.0,"enemies":"3 Louse","floor":8.0,"turns":4.0},{"damage":5.0,"enemies":"Gremlin Gang","floor":12.0,"turns":4.0},{"damage":0.0,"enemies":"Looter","floor":14.0,"turns":4.0},{"damage":29.0,"enemies":"Hexaghost","floor":16.0,"turns":8.0},{"damage":10.0,"enemies":"Spheric Guardian","floor":18.0,"turns":3.0},{"damage":5.0,"enemies":"Chosen","floor":22.0,"turns":4.0},{"damage":15.0,"enemies":"Centurion and Healer","floor":24.0,"turns":5.0},{"damage":26.0,"enemies":"Sentry and Sphere","floor":25.0,"turns":4.0},{"damage":30.0,"enemies":"Snake Plant","floor":27.0,"turns":4.0},{"damage":0.0,"enemies":"Gremlin Leader","floor":28.0,"turns":4.0},{"damage":14.0,"enemies":"Centurion and Healer","floor":30.0,"turns":4.0},{"damage":10.0,"enemies":"3 Cultists","floor":31.0,"turns":4.0},{"damage":51.0,"enemies":"Champ","floor":33.0,"turns":13.0},{"damage":43.0,"enemies":"3 Shapes","floor":35.0,"turns":9.0},{"damage":23.0,"enemies":"3 Darklings","floor":36.0,"turns":5.0},{"damage":24.0,"enemies":"Jaw Worm Horde","floor":38.0,"turns":5.0},{"damage":29.0,"enemies":"Spire Growth","floor":39.0,"turns":4.0},{"damage":11,"enemies":"4 Shapes","floor":41,"turns":4},{"damage":95,"enemies":"Awakened One","floor":50,"turns":9}],"seed_played":"4031962302729785703","potions_obtained":[{"floor":2.0,"key":"Weak Potion"},{"floor":6.0,"key":"SpeedPotion"},{"floor":8.0,"key":"GhostInAJar"},{"floor":16.0,"key":"Strength Potion"},{"floor":17.0,"key":"Swift Potion"},{"floor":22.0,"key":"Swift Potion"},{"floor":25.0,"key":"Strength Potion"},{"floor":27.0,"key":"Fire Potion"},{"floor":31.0,"key":"Block Potion"},{"floor":35.0,"key":"Energy Potion"},{"floor":38.0,"key":"GhostInAJar"}],"is_trial":false,"path_per_floor":["M","M","$","?","?","E","M","M","T","$","R","M","R","M","R","B",null,"M","?","?","$","M","R","M","M","T","M","E","R","M","M","R","B",null,"M","M","M","$","M","M","R","M","R","T","?","?","?","R","T","R","B",null],"character_chosen":"THE_SILENT","items_purchased":["Accuracy","Infinite Blades","Escape Plan","Infinite Blades","Lee\u0027s Waffle","Prepared"],"campfire_rested":6,"item_purchase_floors":[3,10,21,21,37,37],"current_hp_per_floor":[70,70,70,70,70,49,49,45,45,45,45,42,42,44,66,37,83,75,75,59,59,56,82,69,45,45,17,19,62,50,40,84,33,97,54,33,106,82,53,99,88,88,88,88,88,75,75,75,106,11],"gold":0,"neow_bonus":"THREE_CARDS","is_prod":false,"is_daily":false,"chose_seed":false,"campfire_upgraded":4,"win_rate":0,"timestamp":1543326362,"path_taken":["M","M","$","?","?","E","M","M","T","$","R","M","R","M","R","BOSS","M","?","?","$","M","R","M","M","T","?","E","R","M","M","R","BOSS","M","M","$","M","M","R","M","R","T","?","?","?","R","?","R","BOSS"],"build_version":"2018-11-15","purchased_purges":3,"victory":true,"max_hp_per_floor":[70,70,70,70,70,72,72,72,72,72,72,74,74,76,76,76,83,85,85,85,85,87,87,89,91,91,93,95,95,97,97,97,97,97,97,99,106,106,106,106,106,106,106,106,106,106,106,106,106,106],"card_choices":[{"not_picked":["Dodge and Roll","Distraction"],"picked":"Blade Dance","floor":0.0},{"not_picked":["Slice","Catalyst"],"picked":"Finisher","floor":1.0},{"not_picked":["Distraction","Riddle With Holes","Deflect"],"picked":"SKIP","floor":2.0},{"not_picked":["Expertise","Bane","Underhanded Strike"],"picked":"Singing Bowl","floor":6.0},{"not_picked":["Poisoned Stab","Quick Slash"],"picked":"Well Laid Plans","floor":7.0},{"not_picked":["Underhanded Strike","All Out Attack"],"picked":"Dagger Spray","floor":8.0},{"not_picked":["Outmaneuver","Deadly Poison","Flying Knee"],"picked":"Singing Bowl","floor":12.0},{"not_picked":["Outmaneuver","Blur","Phantasmal Killer"],"picked":"Singing Bowl","floor":14.0},{"not_picked":["Bullet Time","Wraith Form v2"],"picked":"A Thousand Cuts","floor":16.0},{"not_picked":["Backflip","Choke","Slice"],"picked":"Singing Bowl","floor":17.0},{"not_picked":["Slice+1","Dagger Spray","Outmaneuver"],"picked":"Singing Bowl","floor":18.0},{"not_picked":["Dagger Throw","Slice","Tactician"],"picked":"Singing Bowl","floor":22.0},{"not_picked":["Flechettes","Predator","Distraction"],"picked":"Singing Bowl","floor":24.0},{"not_picked":["Slice","Predator+1","Flying Knee"],"picked":"Singing Bowl","floor":25.0},{"not_picked":["Leg Sweep","Poisoned Stab","Eviscerate+1"],"picked":"Singing Bowl","floor":27.0},{"not_picked":["Flying Knee","Dagger Throw+1","Bane"],"picked":"Singing Bowl","floor":28.0},{"not_picked":["Riddle With Holes+1","Acrobatics","Underhanded Strike+1"],"picked":"Singing Bowl","floor":30.0},{"not_picked":["Poisoned Stab","Quick Slash"],"picked":"After Image","floor":31.0},{"not_picked":["Night Terror","A Thousand Cuts"],"picked":"Storm of Steel","floor":33.0},{"not_picked":["Poisoned Stab+1","Bouncing Flask+1"],"picked":"Blade Dance+1","floor":35.0},{"not_picked":["Backflip+1","Outmaneuver","Acrobatics"],"picked":"Singing Bowl","floor":36.0},{"not_picked":["Dash+1","Poisoned Stab+1"],"picked":"Accuracy+1","floor":38.0},{"not_picked":["Dagger Spray+1","Deflect"],"picked":"Prepared+1","floor":39.0},{"not_picked":["Underhanded Strike","Dagger Throw+1"],"picked":"Infinite Blades","floor":41}],"player_experience":130145,"relics_obtained":[{"floor":6.0,"key":"Singing Bowl"},{"floor":9.0,"key":"Smiling Mask"},{"floor":26.0,"key":"Regal Pillow"},{"floor":28.0,"key":"Ninja Scroll"},{"floor":43,"key":"Anchor"},{"floor":48,"key":"Bottled Lightning"}],"event_choices":[{"damage_healed":0.0,"max_hp_gain":0.0,"max_hp_loss":0.0,"gold_gain":0.0,"event_name":"Big Fish","player_choice":"Box","floor":4.0,"gold_loss":0.0,"damage_taken":0.0,"relics_obtained":["Centennial Puzzle"],"cards_obtained":["Regret"]},{"cards_removed":["Strike_G"],"damage_healed":0.0,"max_hp_gain":0.0,"max_hp_loss":0.0,"gold_gain":0.0,"event_name":"NoteForYourself","player_choice":"Took Card","floor":5.0,"gold_loss":0.0,"damage_taken":0.0,"cards_obtained":["Iron Wave"]},{"damage_healed":0.0,"max_hp_gain":0.0,"max_hp_loss":0.0,"gold_gain":99.0,"event_name":"Nest","player_choice":"Stole From Cult","floor":19.0,"gold_loss":0.0,"damage_taken":0.0},{"damage_healed":0.0,"max_hp_gain":0.0,"max_hp_loss":0.0,"gold_gain":90.0,"event_name":"Knowing Skull","player_choice":"GOLD ","floor":20.0,"potions_obtained":[],"gold_loss":0.0,"damage_taken":16.0,"cards_obtained":[]},{"damage_healed":0,"gold_gain":0,"player_choice":"Paid","damage_taken":0,"relics_obtained":["Red Mask"],"max_hp_gain":0,"max_hp_loss":0,"event_name":"Tomb of Lord Red Mask","floor":44,"gold_loss":399},{"damage_healed":0,"gold_gain":0,"player_choice":"Ignored","damage_taken":0,"max_hp_gain":0,"max_hp_loss":0,"event_name":"Mysterious Sphere","floor":45,"gold_loss":0},{"damage_healed":0,"gold_gain":0,"player_choice":"Embrace Madness","damage_taken":13,"max_hp_gain":0,"max_hp_loss":0,"event_name":"Winding Halls","floor":46,"gold_loss":0,"cards_obtained":["Madness","Madness"]}],"is_beta":false,"boss_relics":[{"not_picked":["Busted Crown","Black Star"],"picked":"Tiny House"},{"not_picked":["Coffee Dripper","White Beast Statue"],"picked":"Empty Cage"}],"items_purged_floors":[10,21,37],"is_endless":false,"potions_floor_spawned":[2,6,8,16,22,25,27,31,35,38],"ascension_level":0}