{"gold_per_floor":[115,134,151,151,55,86,86,99,126,139,139,139,154,329,329,428,478,493,273,273,284,284,284,284,284,284,309,329,344,344,362,362,458,458,469,480,480,480,498,498,510,510],"floor_reached":42,"playtime":2338,"items_purged":["Doubt"],"score":462,"play_id":"edb00ec3-4e34-499d-833f-45e98fb5ce58","local_time":"20190512235443","is_ascension_mode":true,"campfire_choices":[{"data":"Poisoned Stab","floor":7.0,"key":"SMITH"},{"data":"Dash","floor":12.0,"key":"SMITH"},{"data":"Blade Dance","floor":15.0,"key":"SMITH"},{"data":"Bouncing Flask","floor":23.0,"key":"SMITH"},{"floor":25.0,"key":"REST"},{"floor":30.0,"key":"REST"},{"data":"Poisoned Stab","floor":32.0,"key":"SMITH"},{"floor":40,"key":"RECALL"}],"neow_cost":"NONE","seed_source_timestamp":384193471587580,"circlet_count":0,"master_deck":["Defend_G","Defend_G","Defend_G+1","Defend_G","Defend_G","Strike_G","Strike_G","Strike_G","Strike_G","Strike_G","Survivor","Neutralize+1","Blade Dance+1","Backflip","Poisoned Stab+1","Quick Slash","Dash+1","Backflip","PiercingWail","Burst","Adrenaline","Poisoned Stab+1","PiercingWail","Bouncing Flask+1","Caltrops+1","Dagger Spray+1","Infinite Blades+1","Accuracy+1","After Image","Accuracy","Deflect+1","Flechettes"],"special_seed":0,"relics":["Ring of the Snake","Anchor","Bag of Marbles","Bronze Scales","Tiny House","Snake Skull","Nilry\u0027s Codex","Kunai","Singing Bowl","Runic Pyramid"],"potions_floor_usage":[39],"damage_taken":[{"damage":0.0,"enemies":"Cultist","floor":1.0,"turns":3.0},{"damage":0.0,"enemies":"Small Slimes","floor":2.0,"turns":4.0},{"damage":0.0,"enemies":"2 Louse","floor":3.0,"turns":2.0},{"damage":4.0,"enemies":"Gremlin Nob","floor":6.0,"turns":4.0},{"damage":0.0,"enemies":"2 Fungi Beasts","floor":8.0,"turns":3.0},{"damage":1.0,"enemies":"Looter","floor":10.0,"turns":2.0},{"damage":0.0,"enemies":"Large Slime","floor":13.0,"turns":4.0},{"damage":11.0,"enemies":"Slime Boss","floor":16.0,"turns":10.0},{"damage":14.0,"enemies":"3 Byrds","floor":18.0,"turns":6.0},{"damage":0.0,"enemies":"Spheric Guardian","floor":21.0,"turns":4.0},{"damage":9.0,"enemies":"Colosseum Slavers","floor":24.0,"turns":3.0},{"damage":17.0,"enemies":"Gremlin Leader","floor":27.0,"turns":6.0},{"damage":8.0,"enemies":"Snake Plant","floor":28.0,"turns":2.0},{"damage":0.0,"enemies":"3 Cultists","floor":29.0,"turns":3.0},{"damage":4.0,"enemies":"Sentry and Sphere","floor":31.0,"turns":4.0},{"damage":31.0,"enemies":"Collector","floor":33.0,"turns":6.0},{"damage":3.0,"enemies":"3 Shapes","floor":35.0,"turns":8.0},{"damage":50.0,"enemies":"3 Darklings","floor":36.0,"turns":8.0},{"damage":29,"enemies":"Spire Growth","floor":39,"turns":4},{"damage":16,"enemies":"Maw","floor":41,"turns":8},{"damage":30,"enemies":"Writhing Mass","floor":42,"turns":3}],"seed_played":"-2240909732010738554","potions_obtained":[{"floor":1.0,"key":"Fire Potion"},{"floor":3.0,"key":"SteroidPotion"},{"floor":6.0,"key":"Poison Potion"},{"floor":10.0,"key":"Explosive Potion"},{"floor":16.0,"key":"SkillPotion"},{"floor":17.0,"key":"Fruit Juice"},{"floor":21.0,"key":"Weak Potion"},{"floor":27.0,"key":"Regen Potion"},{"floor":29.0,"key":"Dexterity Potion"},{"floor":31.0,"key":"PowerPotion"},{"floor":35.0,"key":"LiquidBronze"}],"is_trial":false,"path_per_floor":["M","M","M","?","$","E","R","M","T","M","?","R","M","?","R","B",null,"M","$","?","M","?","R","?","R","T","E","M","M","R","M","R","B",null,"M","M","?","?","M","R","M","M"],"character_chosen":"THE_SILENT","items_purchased":["Quick Slash","Dash","Snake Skull"],"campfire_rested":2,"item_purchase_floors":[5,5,19],"current_hp_per_floor":[70,70,70,63,63,59,59,59,59,58,63,63,63,63,63,52,80,66,66,66,66,50,50,41,65,65,50,51,51,75,71,71,40,82,79,31,31,73,44,44,28,0],"gold":510,"neow_bonus":"UPGRADE_CARD","is_prod":false,"is_daily":false,"chose_seed":false,"campfire_upgraded":5,"win_rate":0,"timestamp":1557672883,"path_taken":["M","M","M","?","$","E","R","M","T","M","?","R","?","?","R","BOSS","M","$","?","M","?","R","?","R","T","E","M","M","R","M","R","BOSS","M","M","?","?","M","R","M","M"],"build_version":"2019-01-23","purchased_purges":1,"victory":false,"max_hp_per_floor":[70,70,70,70,70,70,70,70,70,70,70,70,70,70,70,70,80,80,80,80,80,80,80,80,80,80,82,82,82,82,82,82,82,82,82,84,84,73,73,73,73,73],"card_choices":[{"not_picked":["Endless Agony","Outmaneuver"],"picked":"Blade Dance","floor":1.0},{"not_picked":["Slice","Distraction"],"picked":"Backflip","floor":2.0},{"not_picked":["Catalyst","Choke"],"picked":"Poisoned Stab","floor":3.0},{"not_picked":["Dagger Throw","Flying Knee"],"picked":"Backflip","floor":6.0},{"not_picked":["Underhanded Strike","Outmaneuver"],"picked":"Quick Slash","floor":8.0},{"not_picked":["Expertise","Dagger Throw"],"picked":"PiercingWail","floor":10.0},{"not_picked":["Outmaneuver","Flying Knee"],"picked":"Burst","floor":13.0},{"not_picked":["Malaise","Unload"],"picked":"Adrenaline","floor":16.0},{"not_picked":["PiercingWail","Blur"],"picked":"Poisoned Stab","floor":17.0},{"not_picked":["Tactician","Concentrate"],"picked":"PiercingWail","floor":18.0},{"not_picked":["Outmaneuver+1","Sucker Punch"],"picked":"Caltrops+1","floor":21.0},{"not_picked":["PiercingWail","Sucker Punch","Backflip"],"picked":"Singing Bowl","floor":27.0},{"not_picked":["Masterful Stab+1","Cloak And Dagger"],"picked":"Dagger Spray+1","floor":28.0},{"not_picked":["Backflip+1","Deadly Poison"],"picked":"Infinite Blades+1","floor":29.0},{"not_picked":["Eviscerate","Underhanded Strike"],"picked":"Accuracy+1","floor":31.0},{"not_picked":["Doppelganger","Adrenaline"],"picked":"After Image","floor":33.0},{"not_picked":["Dagger Spray+1","Flying Knee"],"picked":"Accuracy","floor":35.0},{"not_picked":["Quick Slash","Deflect+1","Acrobatics"],"picked":"Singing Bowl","floor":36.0},{"not_picked":["Caltrops+1","Cloak And Dagger"],"picked":"Deflect+1","floor":39},{"not_picked":["Deflect","Underhanded Strike+1"],"picked":"Flechettes","floor":41}],"player_experience":180626,"relics_obtained":[{"floor":6.0,"key":"Bag of Marbles"},{"floor":9.0,"key":"Bronze Scales"},{"floor":22.0,"key":"Nilry\u0027s Codex"},{"floor":26.0,"key":"Kunai"},{"floor":27.0,"key":"Singing Bowl"}],"event_choices":[{"damage_healed":0.0,"max_hp_gain":0.0,"max_hp_loss":0.0,"gold_gain":0.0,"event_name":"Scrap Ooze","player_choice":"Success","floor":4.0,"gold_loss":0.0,"damage_taken":7.0,"relics_obtained":["Anchor"]},{"cards_removed":["Quick Slash"],"damage_healed":5.0,"max_hp_gain":0.0,"max_hp_loss":0.0,"gold_gain":0.0,"event_name":"Bonfire Elementals","player_choice":"Offered Common","floor":11.0,"gold_loss":0.0,"damage_taken":0.0},{"cards_removed":["Quick Slash"],"damage_healed":5.0,"max_hp_gain":0.0,"max_hp_loss":0.0,"gold_gain":0.0,"event_name":"Bonfire Elementals","player_choice":"Offered Special","floor":11.0,"gold_loss":0.0,"damage_taken":0.0},{"damage_healed":0.0,"max_hp_gain":0.0,"max_hp_loss":0.0,"gold_gain":175.0,"event_name":"Liars Game","player_choice":"AGREE","floor":14.0,"gold_loss":0.0,"damage_taken":0.0,"cards_obtained":["Doubt"]},{"damage_healed":0.0,"max_hp_gain":0.0,"max_hp_loss":0.0,"gold_gain":0.0,"event_name":"The Library","player_choice":"Read","floor":20.0,"gold_loss":0.0,"damage_taken":0.0,"cards_obtained":["Bouncing Flask"]},{"damage_healed":0.0,"max_hp_gain":0.0,"max_hp_loss":0.0,"gold_gain":0.0,"event_name":"Cursed Tome","player_choice":"Obtained Book","floor":22.0,"gold_loss":0.0,"damage_taken":16.0},{"damage_healed":0.0,"max_hp_gain":0.0,"max_hp_loss":0.0,"gold_gain":0.0,"event_name":"Colosseum","player_choice":"Fight","floor":24.0,"gold_loss":0.0,"damage_taken":0.0},{"damage_healed":0.0,"max_hp_gain":0.0,"max_hp_loss":0.0,"gold_gain":0.0,"event_name":"Colosseum","player_choice":"Fled From Nobs","floor":24.0,"gold_loss":0.0,"damage_taken":0.0},{"damage_healed":0.0,"max_hp_gain":0.0,"max_hp_loss":0.0,"gold_gain":0.0,"event_name":"Tomb of Lord Red Mask","player_choice":"Ignored","floor":37.0,"gold_loss":0.0,"damage_taken":0.0},{"damage_healed":73.0,"max_hp_gain":0.0,"max_hp_loss":11.0,"gold_gain":0.0,"event_name":"The Moai Head","player_choice":"Heal","floor":38.0,"gold_loss":0.0,"damage_taken":0.0}],"is_beta":false,"boss_relics":[{"not_picked":["Busted Crown","Ring of the Serpent"],"picked":"Tiny House"},{"not_picked":["Lizard Tail","Coffee Dripper"],"picked":"Runic Pyramid"}],"items_purged_floors":[19],"is_endless":false,"potions_floor_spawned":[1,3,6,10,13,16,21,27,29,31,35],"killed_by":"Writhing Mass","ascension_level":2}