{"gold_per_floor":[111,111,4,4,20,20,63,79,128,151,166,243,57,82,82,202,202,226,253,352,352,367,367,21,32,56,87,87,102,131,148,148,248,248,262,262,362,380,69,69,69,99,99,126,44,44,44,54,54,54],"floor_reached":51,"playtime":2409,"items_purged":["Strike_B","Strike_B"],"score":1240,"play_id":"9641b940-46bc-4779-a4f4-8d6c72dfb47a","local_time":"20190327202136","is_ascension_mode":true,"campfire_choices":[{"data":"Darkness","floor":6,"key":"SMITH"},{"floor":15,"key":"REST"},{"floor":23,"key":"REST"},{"floor":32,"key":"REST"},{"data":"Storm","floor":40,"key":"SMITH"},{"floor":46,"key":"REST"},{"data":"Static Discharge","floor":49,"key":"SMITH"}],"neow_cost":"NONE","seed_source_timestamp":87332799471700,"circlet_count":0,"master_deck":["AscendersBane","Defend_B","Defend_B","Defend_B","Zap","Dualcast","Conserve Battery","Darkness+1","Melter+1","White Noise","Static Discharge+1","Chaos","Loop","Biased Cognition","Self Repair","Buffer","Heatsinks+1","Defragment","Turbo","Doom and Gloom","Storm+1","Double Energy","Core Surge","Capacitor","Redo","Meteor Strike","Chill"],"relics":["FrozenCore","PreservedInsect","Bloody Idol","Smiling Mask","Anchor","Nuclear Battery","Boot","Toy Ornithopter","Whetstone","Singing Bowl","Ice Cream","Thread and Needle","Lee\u0027s Waffle","Gremlin Horn","Bird Faced Urn","DataDisk"],"potions_floor_usage":[7,22,25,25,27,44,44,50],"damage_taken":[{"damage":7,"enemies":"Jaw Worm","floor":1,"turns":4},{"damage":0,"enemies":"2 Louse","floor":5,"turns":2},{"damage":18,"enemies":"Gremlin Nob","floor":7,"turns":3},{"damage":1,"enemies":"Cultist","floor":8,"turns":3},{"damage":1,"enemies":"Large Slime","floor":10,"turns":4},{"damage":6,"enemies":"Exordium Wildlife","floor":11,"turns":3},{"damage":4,"enemies":"Red Slaver","floor":14,"turns":3},{"damage":31,"enemies":"Hexaghost","floor":16,"turns":7},{"damage":31,"enemies":"Chosen","floor":18,"turns":5},{"damage":7,"enemies":"Shell Parasite","floor":22,"turns":4},{"damage":41,"enemies":"Shelled Parasite and Fungi","floor":25,"turns":7},{"damage":35,"enemies":"Book of Stabbing","floor":27,"turns":4},{"damage":0,"enemies":"Cultist and Chosen","floor":29,"turns":4},{"damage":11,"enemies":"Slavers","floor":30,"turns":3},{"damage":8,"enemies":"3 Cultists","floor":31,"turns":3},{"damage":63,"enemies":"Collector","floor":33,"turns":9},{"damage":11,"enemies":"Orb Walker","floor":35,"turns":4},{"damage":0,"enemies":"Mind Bloom Boss Battle","floor":37,"turns":5},{"damage":29,"enemies":"3 Shapes","floor":38,"turns":5},{"damage":56,"enemies":"Reptomancer","floor":42,"turns":5},{"damage":43,"enemies":"Nemesis","floor":44,"turns":5},{"damage":0,"enemies":"Spire Growth","floor":48,"turns":4},{"damage":69,"enemies":"Time Eater","floor":50,"turns":9}],"seed_played":"1685795628792279410","potions_obtained":[{"floor":1,"key":"Strength Potion"},{"floor":7,"key":"FearPotion"},{"floor":14,"key":"Strength Potion"},{"floor":22,"key":"SpeedPotion"},{"floor":33,"key":"Strength Potion"},{"floor":35,"key":"SteroidPotion"},{"floor":37,"key":"Ancient Potion"},{"floor":48,"key":"Fire Potion"}],"is_trial":false,"path_per_floor":["M","?","$","?","M","R","E","M","T","M","M","?","$","M","R","B",null,"M","T","?","?","M","R","$","M","T","E","?","M","E","M","R","B",null,"M","?","?","M","$","R","?","E","T","E","$","R","?","M","R","B",null],"character_chosen":"DEFECT","items_purchased":["Darkness","Melter","Biased Cognition","Defragment","Toy Ornithopter","PowerPotion","Capacitor","Redo","Lee\u0027s Waffle","Chill"],"campfire_rested":4,"item_purchase_floors":[3,3,13,24,24,24,39,39,39,45],"current_hp_per_floor":[61,61,61,61,61,61,43,42,42,41,35,35,35,31,53,29,64,40,40,40,40,45,67,67,48,53,37,37,44,38,44,68,17,65,68,68,82,67,94,94,94,52,52,51,51,79,79,98,98,47],"gold":54,"neow_bonus":"RANDOM_COMMON_RELIC","is_prod":false,"is_daily":false,"chose_seed":false,"campfire_upgraded":3,"win_rate":0,"timestamp":1553714496,"path_taken":["M","?","$","?","M","R","E","?","T","M","M","?","?","M","R","BOSS","M","?","?","?","M","R","?","M","T","E","?","M","E","?","R","BOSS","M","?","?","M","$","R","?","E","T","E","?","R","?","M","R","BOSS"],"build_version":"2019-01-23","purchased_purges":2,"victory":true,"max_hp_per_floor":[75,75,75,75,75,75,75,75,75,75,75,75,75,75,75,75,75,75,75,75,75,75,75,75,75,75,77,77,79,79,81,81,81,81,83,83,85,87,94,94,94,96,96,96,96,96,96,98,98,98],"card_choices":[{"not_picked":["Capacitor","Hologram"],"picked":"Conserve Battery","floor":1},{"not_picked":["Go for the Eyes","Rebound"],"picked":"White Noise","floor":5},{"not_picked":["Melter","Compile Driver"],"picked":"Static Discharge","floor":7},{"not_picked":["Streamline","Barrage","Stack"],"picked":"SKIP","floor":8},{"not_picked":["Cold Snap","Barrage"],"picked":"Chaos","floor":10},{"not_picked":["Rebound","Skim"],"picked":"Loop","floor":11},{"not_picked":["Beam Cell","Redo"],"picked":"Self Repair","floor":14},{"not_picked":["Rainbow","Machine Learning"],"picked":"Buffer","floor":16},{"not_picked":["Chill","Leap+1"],"picked":"Heatsinks+1","floor":18},{"not_picked":["Sweeping Beam","Cold Snap","Stack"],"picked":"SKIP","floor":22},{"not_picked":["Stack","Barrage+1"],"picked":"Turbo","floor":25},{"not_picked":["Coolheaded","Gash","Lockon+1"],"picked":"Singing Bowl","floor":27},{"not_picked":["Loop","Steam+1","Beam Cell"],"picked":"Singing Bowl","floor":29},{"not_picked":["Barrage+1","Doom and Gloom"],"picked":"Double Energy","floor":30},{"not_picked":["Beam Cell","Stack","Cold Snap"],"picked":"Singing Bowl","floor":31},{"not_picked":["Meteor Strike","Machine Learning"],"picked":"Core Surge","floor":33},{"not_picked":["Skim","Darkness","Storm+1"],"picked":"Singing Bowl","floor":35},{"not_picked":["Leap+1","Streamline","Compile Driver"],"picked":"Singing Bowl","floor":37},{"not_picked":["Sweeping Beam+1","Conserve Battery+1","Rebound"],"picked":"Singing Bowl","floor":38},{"not_picked":["Conserve Battery+1","Cold Snap","Rebound+1"],"picked":"Singing Bowl","floor":42},{"not_picked":["Conserve Battery","Rip and Tear"],"picked":"Meteor Strike","floor":44},{"not_picked":["Rebound+1","Reprogram","Barrage"],"picked":"Singing Bowl","floor":48}],"player_experience":1574171,"relics_obtained":[{"floor":7,"key":"Smiling Mask"},{"floor":9,"key":"Anchor"},{"floor":19,"key":"Boot"},{"floor":26,"key":"Whetstone"},{"floor":27,"key":"Singing Bowl"},{"floor":30,"key":"Ice Cream"},{"floor":37,"key":"Thread and Needle"},{"floor":42,"key":"Gremlin Horn"},{"floor":43,"key":"Bird Faced Urn"},{"floor":44,"key":"DataDisk"}],"event_choices":[{"damage_healed":0,"gold_gain":0,"player_choice":"Take Wound","damage_taken":0,"relics_obtained":["Golden Idol"],"max_hp_gain":0,"max_hp_loss":0,"event_name":"Golden Idol","floor":2,"gold_loss":0,"cards_obtained":["Injury"]},{"cards_removed":["Injury"],"damage_healed":0,"gold_gain":0,"player_choice":"Purged","damage_taken":0,"max_hp_gain":0,"max_hp_loss":0,"event_name":"Purifier","floor":4,"gold_loss":0},{"damage_healed":0,"gold_gain":77,"player_choice":"Gained Gold","damage_taken":0,"max_hp_gain":0,"max_hp_loss":0,"event_name":"Golden Wing","floor":12,"gold_loss":0},{"damage_healed":0,"gold_gain":99,"player_choice":"Stole From Cult","damage_taken":0,"max_hp_gain":0,"max_hp_loss":0,"event_name":"Nest","floor":20,"gold_loss":0},{"damage_healed":0,"gold_gain":0,"player_choice":"Gave Idol","damage_taken":0,"relics_obtained":["Bloody Idol"],"max_hp_gain":0,"max_hp_loss":0,"event_name":"Forgotten Altar","floor":21,"relics_lost":["Golden Idol"],"gold_loss":0},{"damage_healed":0,"gold_gain":0,"cards_transformed":["Strike_B","Strike_B"],"player_choice":"Became Test Subject","damage_taken":0,"max_hp_gain":0,"max_hp_loss":0,"event_name":"Drug Dealer","floor":28,"gold_loss":0,"cards_obtained":["Doom and Gloom","Storm"]},{"damage_healed":0,"gold_gain":0,"player_choice":"Ignored","damage_taken":0,"max_hp_gain":0,"max_hp_loss":0,"event_name":"Tomb of Lord Red Mask","floor":36,"gold_loss":0},{"damage_healed":0,"gold_gain":0,"player_choice":"Fight","damage_taken":0,"max_hp_gain":0,"max_hp_loss":0,"event_name":"MindBloom","floor":37,"gold_loss":0},{"cards_removed":["Defend_B"],"damage_healed":0,"gold_gain":0,"player_choice":"Removed Skill","damage_taken":0,"max_hp_gain":0,"max_hp_loss":0,"event_name":"Falling","floor":41,"gold_loss":0},{"damage_healed":0,"gold_gain":0,"player_choice":"Ignored","damage_taken":0,"max_hp_gain":0,"max_hp_loss":0,"event_name":"Mysterious Sphere","floor":47,"gold_loss":0}],"is_beta":false,"boss_relics":[{"not_picked":["Inserter","Fusion Hammer"],"picked":"Nuclear Battery"},{"not_picked":["Cursed Key","Runic Dome"],"picked":"FrozenCore"}],"items_purged_floors":[13,24],"is_endless":false,"potions_floor_spawned":[1,7,14,22,33,35,37,42,48],"ascension_level":10}