{"gold_per_floor":[99,99,99,99,99,99,99,69,69,69,69,69,69,69,69,69,69,69,69,69,69,69,69,69,69,69,69,69,69,69,69,69,69],"floor_reached":33,"playtime":1720,"items_purged":[],"score":291,"play_id":"b7a60dc8-82a3-4542-8d6e-9cb0163df224","local_time":"20190513221046","is_ascension_mode":true,"campfire_choices":[{"data":"Noxious Fumes","floor":6.0,"key":"SMITH"},{"floor":15.0,"key":"REST"},{"floor":25.0,"key":"REST"},{"data":"Catalyst","floor":29.0,"key":"SMITH"},{"floor":32.0,"key":"REST"}],"neow_cost":"NONE","seed_source_timestamp":464557808969058,"circlet_count":0,"master_deck":["Defend_G+1","Defend_G+1","Defend_G+1","Defend_G+1","Defend_G+1","Strike_G+1","Strike_G+1","Strike_G+1","Strike_G+1","Strike_G+1","Survivor","Neutralize","Infinite Blades","Caltrops","Poisoned Stab","Prepared","Noxious Fumes+1","Quick Slash","Noxious Fumes","Deadly Poison","Well Laid Plans","Backflip","Adrenaline","Dagger Spray","Catalyst+1","Necronomicurse","Acrobatics+1"],"special_seed":0,"relics":["Ectoplasm","Pantograph","Odd Mushroom","White Beast Statue","Dead Branch","Smiling Mask","Necronomicon","Spirit Poop","Nunchaku"],"potions_floor_usage":[],"damage_taken":[{"damage":0.0,"enemies":"Cultist","floor":1.0,"turns":4.0},{"damage":0.0,"enemies":"Small Slimes","floor":2.0,"turns":4.0},{"damage":1.0,"enemies":"Jaw Worm","floor":3.0,"turns":4.0},{"damage":0.0,"enemies":"Exordium Wildlife","floor":4.0,"turns":3.0},{"damage":1.0,"enemies":"Red Slaver","floor":5.0,"turns":5.0},{"damage":8.0,"enemies":"Blue Slaver","floor":7.0,"turns":4.0},{"damage":4.0,"enemies":"Looter","floor":8.0,"turns":3.0},{"damage":35.0,"enemies":"The Mushroom Lair","floor":10.0,"turns":4.0},{"damage":13.0,"enemies":"Exordium Thugs","floor":11.0,"turns":4.0},{"damage":0.0,"enemies":"Exordium Wildlife","floor":12.0,"turns":4.0},{"damage":0.0,"enemies":"2 Fungi Beasts","floor":13.0,"turns":4.0},{"damage":3.0,"enemies":"The Guardian","floor":16.0,"turns":8.0},{"damage":27.0,"enemies":"3 Byrds","floor":18.0,"turns":4.0},{"damage":17.0,"enemies":"Spheric Guardian","floor":21.0,"turns":5.0},{"damage":11.0,"enemies":"3 Cultists","floor":22.0,"turns":5.0},{"damage":17.0,"enemies":"Snecko","floor":23.0,"turns":4.0},{"damage":37.0,"enemies":"Slavers","floor":30.0,"turns":6.0},{"damage":0.0,"enemies":"Snake Plant","floor":31.0,"turns":1.0},{"damage":65,"enemies":"Collector","floor":33,"turns":6}],"seed_played":"8133697317139778592","potions_obtained":[{"floor":1.0,"key":"Poison Potion"},{"floor":4.0,"key":"GhostInAJar"},{"floor":7.0,"key":"Strength Potion"},{"floor":11.0,"key":"Weak Potion"},{"floor":12.0,"key":"PowerPotion"},{"floor":16.0,"key":"Swift Potion"},{"floor":18.0,"key":"GamblersBrew"},{"floor":21.0,"key":"Poison Potion"},{"floor":22.0,"key":"Regen Potion"},{"floor":23.0,"key":"FearPotion"},{"floor":30.0,"key":"SmokeBomb"}],"is_trial":false,"path_per_floor":["M","M","M","M","M","R","M","M","T","?","M","M","M","?","R","B",null,"M","?","T","M","M","M","?","R","T","?","?","R","E","M","R","B"],"character_chosen":"THE_SILENT","items_purchased":[],"campfire_rested":3,"item_purchase_floors":[],"current_hp_per_floor":[70,70,69,69,68,68,60,56,56,21,8,8,8,8,29,51,70,43,66,66,49,38,35,35,56,56,40,40,40,3,3,24,0],"gold":69,"neow_bonus":"BOSS_RELIC","is_prod":false,"is_daily":false,"chose_seed":false,"campfire_upgraded":2,"win_rate":0,"timestamp":1557753046,"path_taken":["M","?","M","M","M","R","M","M","T","?","M","M","M","?","R","BOSS","M","?","?","M","?","M","?","R","T","?","?","R","E","?","R","BOSS"],"build_version":"2019-01-23","purchased_purges":0,"victory":false,"max_hp_per_floor":[70,70,70,70,70,70,70,70,70,70,70,70,70,70,70,70,70,70,70,70,70,70,70,70,70,70,70,70,70,70,70,70,70],"card_choices":[{"not_picked":["Reflex","Sucker Punch"],"picked":"Infinite Blades","floor":1.0},{"not_picked":["Bane","Dodge and Roll"],"picked":"Caltrops","floor":2.0},{"not_picked":["Bane","Outmaneuver"],"picked":"Poisoned Stab","floor":3.0},{"not_picked":["Concentrate","Eviscerate"],"picked":"Prepared","floor":4.0},{"not_picked":["Acrobatics","Bouncing Flask"],"picked":"Noxious Fumes","floor":5.0},{"not_picked":["Reflex","Deflect"],"picked":"Quick Slash","floor":7.0},{"not_picked":["Dagger Throw","Underhanded Strike"],"picked":"Noxious Fumes","floor":8.0},{"not_picked":["Outmaneuver","Blade Dance"],"picked":"Deadly Poison","floor":10.0},{"not_picked":["Backflip","Backstab"],"picked":"Well Laid Plans","floor":11.0},{"not_picked":["Malaise","Masterful Stab"],"picked":"Backflip","floor":12.0},{"not_picked":["Outmaneuver","Eviscerate","Endless Agony"],"picked":"SKIP","floor":13.0},{"not_picked":["Venomology","Tools of the Trade"],"picked":"Adrenaline","floor":16.0},{"not_picked":["Terror+1","Underhanded Strike","Dodge and Roll"],"picked":"SKIP","floor":18.0},{"not_picked":["Dagger Throw","Choke"],"picked":"Dagger Spray","floor":21.0},{"not_picked":["All Out Attack","Dash"],"picked":"Catalyst","floor":22.0},{"not_picked":["All Out Attack","Skewer+1","Reflex"],"picked":"SKIP","floor":23.0},{"not_picked":["Outmaneuver","Flying Knee"],"picked":"Acrobatics+1","floor":30.0}],"player_experience":182964,"relics_obtained":[{"floor":9.0,"key":"Pantograph"},{"floor":10.0,"key":"Odd Mushroom"},{"floor":20.0,"key":"Dead Branch"},{"floor":26.0,"key":"Smiling Mask"},{"floor":27.0,"key":"Necronomicon"},{"floor":30.0,"key":"Nunchaku"}],"event_choices":[{"damage_healed":0.0,"max_hp_gain":0.0,"max_hp_loss":0.0,"gold_gain":0.0,"event_name":"Mushrooms","player_choice":"Fought Mushrooms","floor":10.0,"gold_loss":0.0,"damage_taken":0.0},{"damage_healed":0.0,"max_hp_gain":0.0,"max_hp_loss":0.0,"gold_gain":175.0,"event_name":"Liars Game","player_choice":"AGREE","floor":14.0,"gold_loss":0.0,"damage_taken":0.0,"cards_obtained":["Doubt"]},{"damage_healed":23.0,"max_hp_gain":0.0,"max_hp_loss":0.0,"gold_gain":0.0,"event_name":"The Library","player_choice":"Heal","floor":19.0,"gold_loss":0.0,"damage_taken":0.0},{"damage_healed":0.0,"max_hp_gain":0.0,"max_hp_loss":0.0,"gold_gain":0.0,"event_name":"Back to Basics","player_choice":"Simplicity","floor":24.0,"gold_loss":0.0,"damage_taken":0.0,"cards_upgraded":["Defend_G","Defend_G","Defend_G","Defend_G","Defend_G","Strike_G","Strike_G","Strike_G","Strike_G","Strike_G"]},{"damage_healed":0.0,"max_hp_gain":0.0,"max_hp_loss":0.0,"gold_gain":0.0,"event_name":"Cursed Tome","player_choice":"Obtained Book","floor":27.0,"gold_loss":0.0,"damage_taken":16.0},{"cards_removed":["Doubt"],"damage_healed":0.0,"max_hp_gain":0.0,"max_hp_loss":0.0,"gold_gain":0.0,"event_name":"Bonfire Elementals","player_choice":"Offered Curse","floor":28.0,"gold_loss":0.0,"damage_taken":0.0,"relics_obtained":["Spirit Poop"]}],"is_beta":false,"boss_relics":[{"not_picked":["Coffee Dripper","Runic Dome"],"picked":"White Beast Statue"}],"items_purged_floors":[],"is_endless":false,"potions_floor_spawned":[1,4,7,10,11,12,16,18,21,22,23,30,31],"killed_by":"Collector","ascension_level":2}