{"gold_per_floor":[109,129,129,129,139,139,165,43,43,58,233,233,233],"floor_reached":13,"playtime":487,"items_purged":["Defend_B"],"score":100,"play_id":"c81e3262-b8a1-4e1f-b555-5487ed62ee81","local_time":"20181230204554","is_ascension_mode":true,"campfire_choices":[{"data":"Dualcast","floor":6,"key":"SMITH"},{"floor":12,"key":"DIG"}],"neow_cost":"NONE","seed_source_timestamp":285553531577899,"circlet_count":0,"master_deck":["Strike_B","Strike_B","Strike_B","Strike_B","Defend_B","Defend_B","Defend_B+1","Zap","Dualcast+1","Gash","Beam Cell+1","Steam","Go for the Eyes","Go for the Eyes","Gash","Doubt"],"relics":["Cracked Core","NeowsBlessing","Shovel","Letter Opener","Pear"],"potions_floor_usage":[],"damage_taken":[{"damage":0,"enemies":"2 Louse","floor":1,"turns":1},{"damage":0,"enemies":"Jaw Worm","floor":2,"turns":1},{"damage":0,"enemies":"Cultist","floor":5,"turns":1},{"damage":50,"enemies":"3 Sentries","floor":7,"turns":11},{"damage":3,"enemies":"Looter","floor":10,"turns":2},{"damage":17,"enemies":"Lots of Slimes","floor":13,"turns":3}],"seed_played":"8217753040552377747","potions_obtained":[{"floor":5,"key":"Energy Potion"},{"floor":10,"key":"FearPotion"}],"is_trial":false,"path_per_floor":["M","M","?","T","M","R","E","$","T","M","?","R","M"],"character_chosen":"DEFECT","items_purchased":["Go for the Eyes"],"campfire_rested":0,"item_purchase_floors":[8],"current_hp_per_floor":[75,75,60,60,60,60,10,10,10,7,7,17,0],"gold":233,"neow_bonus":"THREE_ENEMY_KILL","is_prod":false,"is_daily":false,"chose_seed":false,"campfire_upgraded":1,"win_rate":0,"timestamp":1546231554,"path_taken":["M","M","?","?","M","R","E","?","T","M","?","R","M"],"build_version":"2018-12-20","purchased_purges":1,"victory":false,"max_hp_per_floor":[75,75,75,75,75,75,75,75,75,75,75,85,85],"card_choices":[{"not_picked":["Stack","Recycle"],"picked":"Gash","floor":1},{"not_picked":["Hologram","Barrage"],"picked":"Beam Cell","floor":2},{"not_picked":["Reinforced Body","Turbo"],"picked":"Steam","floor":5},{"not_picked":["Storm","Undo"],"picked":"Go for the Eyes","floor":7},{"not_picked":["Ball Lightning","Coolheaded"],"picked":"Gash","floor":10}],"player_experience":274707,"relics_obtained":[{"floor":7,"key":"Shovel"},{"floor":9,"key":"Letter Opener"},{"floor":12,"key":"Pear"}],"event_choices":[{"damage_healed":0,"gold_gain":0,"player_choice":"Entered Light","damage_taken":15,"max_hp_gain":0,"max_hp_loss":0,"event_name":"Shining Light","floor":3,"gold_loss":0,"cards_upgraded":["Beam Cell","Defend_B"]},{"damage_healed":0,"gold_gain":175,"player_choice":"AGREE","damage_taken":0,"max_hp_gain":0,"max_hp_loss":0,"event_name":"Liars Game","floor":11,"gold_loss":0,"cards_obtained":["Doubt"]}],"is_beta":false,"boss_relics":[],"items_purged_floors":[8],"is_endless":false,"potions_floor_spawned":[5,10],"killed_by":"Lots of Slimes","ascension_level":4}