{"gold_per_floor":[119,194,194,51,69,69,95,95,95,95,95,109,140,160,160,258,258,276,296,296,144,164,164,179,179,235,235,252,252],"floor_reached":29,"playtime":1408,"items_purged":["Strike_G"],"score":297,"play_id":"7d611d24-1d47-4e6a-9495-eef9d22245b0","local_time":"20190331170523","is_ascension_mode":true,"campfire_choices":[{"floor":6.0,"key":"REST"},{"floor":8.0,"key":"REST"},{"floor":15.0,"key":"REST"},{"floor":23,"key":"DIG"},{"floor":25,"key":"DIG"},{"floor":27,"key":"REST"}],"neow_cost":"PERCENT_DAMAGE","seed_source_timestamp":0,"circlet_count":0,"master_deck":["Survivor","Neutralize","Cloak And Dagger","Noxious Fumes+1","Deadly Poison","Backflip","Dagger Spray","Noxious Fumes","Cloak And Dagger+1","Burst+1","Wraith Form v2","Caltrops","Accuracy","Night Terror+1","Skewer","Footwork","Grand Finale","Night Terror+1","Deflect+1","Deadly Poison+1"],"special_seed":0,"relics":["Ring of the Snake","Shovel","Gremlin Horn","Toxic Egg 2","Blue Candle","Pandora\u0027s Box","Anchor","Dodecahedron","Molten Egg 2","Tiny Chest"],"potions_floor_usage":[29,29],"damage_taken":[{"damage":1.0,"enemies":"Small Slimes","floor":1.0,"turns":4.0},{"damage":0.0,"enemies":"2 Louse","floor":5.0,"turns":3.0},{"damage":24.0,"enemies":"3 Sentries","floor":7.0,"turns":10.0},{"damage":0.0,"enemies":"Cultist","floor":12.0,"turns":4.0},{"damage":26.0,"enemies":"Gremlin Nob","floor":13.0,"turns":5.0},{"damage":7.0,"enemies":"Large Slime","floor":14.0,"turns":5.0},{"damage":0.0,"enemies":"Hexaghost","floor":16.0,"turns":9.0},{"damage":30.0,"enemies":"Chosen","floor":18.0,"turns":6.0},{"damage":4,"enemies":"Shell Parasite","floor":19,"turns":7},{"damage":18,"enemies":"Centurion and Healer","floor":22,"turns":7},{"damage":18,"enemies":"Snake Plant","floor":24,"turns":6},{"damage":24,"enemies":"Snecko","floor":28,"turns":9},{"damage":36,"enemies":"Chosen and Byrds","floor":29,"turns":6}],"seed_played":"-4837079910909242808","potions_obtained":[{"floor":13.0,"key":"PowerPotion"},{"floor":14.0,"key":"PowerPotion"},{"floor":16.0,"key":"Dexterity Potion"}],"is_trial":false,"path_per_floor":["M","?","?","$","M","R","E","R","T","?","?","M","E","M","R","B",null,"M","M","?","$","M","R","M","R","T","R","M","M"],"character_chosen":"THE_SILENT","items_purchased":["Noxious Fumes","Anchor"],"campfire_rested":4,"item_purchase_floors":[4,21],"current_hp_per_floor":[48,37,23,23,23,44,20,41,41,41,41,41,15,8,29,29,70,40,36,59,59,41,41,23,23,23,44,20,0],"gold":252,"neow_bonus":"ONE_RARE_RELIC","is_prod":false,"is_daily":false,"chose_seed":false,"campfire_upgraded":0,"win_rate":0,"timestamp":1554077123,"path_taken":["M","?","?","$","M","R","E","R","T","?","?","M","E","M","R","BOSS","M","?","?","$","M","R","M","R","T","R","M","M"],"build_version":"2019-01-23","purchased_purges":1,"victory":false,"max_hp_per_floor":[70,70,70,70,70,70,70,70,70,70,70,70,70,70,70,70,70,70,70,70,70,70,70,70,70,70,70,70,70],"card_choices":[{"not_picked":["PiercingWail","Sucker Punch"],"picked":"Cloak And Dagger","floor":1.0},{"not_picked":["Caltrops","Bane"],"picked":"Deadly Poison","floor":5.0},{"not_picked":["Deflect","Blade Dance"],"picked":"Backflip","floor":7.0},{"not_picked":["Deadly Poison+1","Flechettes"],"picked":"Dagger Spray","floor":12.0},{"not_picked":["Bullet Time+1","Terror+1"],"picked":"Noxious Fumes","floor":13.0},{"not_picked":["Outmaneuver+1","Prepared+1"],"picked":"Cloak And Dagger+1","floor":14.0},{"not_picked":["Die Die Die","Venomology+1"],"picked":"Burst+1","floor":16.0},{"not_picked":["Caltrops","Underhanded Strike","Blade Dance+1"],"picked":"SKIP","floor":18.0},{"not_picked":["Prepared+1","Quick Slash"],"picked":"Deflect+1","floor":19},{"not_picked":["Heel Hook+1","Endless Agony","Outmaneuver+1"],"picked":"SKIP","floor":22},{"not_picked":["Backflip+1","Cloak And Dagger+1","Escape Plan+1"],"picked":"SKIP","floor":24},{"not_picked":["Burst+1","Prepared+1"],"picked":"Deadly Poison+1","floor":28}],"player_experience":245487,"relics_obtained":[{"floor":7.0,"key":"Gremlin Horn"},{"floor":9.0,"key":"Toxic Egg 2"},{"floor":13.0,"key":"Blue Candle"},{"floor":23,"key":"Dodecahedron"},{"floor":25,"key":"Molten Egg 2"},{"floor":26,"key":"Tiny Chest"}],"event_choices":[{"damage_healed":0.0,"max_hp_gain":0.0,"max_hp_loss":0.0,"gold_gain":75.0,"event_name":"World of Goop","player_choice":"Gather Gold","floor":2.0,"gold_loss":0.0,"damage_taken":11.0},{"damage_healed":0.0,"max_hp_gain":0.0,"max_hp_loss":0.0,"gold_gain":0.0,"event_name":"Shining Light","player_choice":"Entered Light","floor":3.0,"gold_loss":0.0,"damage_taken":14.0,"cards_upgraded":["Defend_G","Defend_G"]},{"damage_healed":0.0,"max_hp_gain":0.0,"max_hp_loss":0.0,"gold_gain":0.0,"event_name":"Living Wall","player_choice":"Grow","floor":10.0,"gold_loss":0.0,"damage_taken":0.0,"cards_upgraded":["Noxious Fumes"]},{"cards_removed":["Strike_G"],"damage_healed":0.0,"max_hp_gain":0.0,"max_hp_loss":0.0,"gold_gain":0.0,"event_name":"Bonfire Elementals","player_choice":"Offered Basic","floor":11.0,"gold_loss":0.0,"damage_taken":0.0},{"damage_healed":23,"gold_gain":0,"player_choice":"Heal","damage_taken":0,"max_hp_gain":0,"max_hp_loss":0,"event_name":"The Library","floor":20,"gold_loss":0}],"is_beta":false,"boss_relics":[{"not_picked":["Tiny House","Philosopher\u0027s Stone"],"picked":"Pandora\u0027s Box"}],"items_purged_floors":[4],"is_endless":false,"potions_floor_spawned":[13,14,16,19,28],"killed_by":"Chosen and Byrds","ascension_level":1}