{"gold_per_floor":[119,294,294,369,369,408,420,464,521,553,580,612,624,647,659,772,784,814,826],"floor_reached":19,"playtime":601,"items_purged":[],"score":363,"play_id":"8dcbf778-a090-40d7-ae35-bd04462fa08c","local_time":"20190414191901","is_ascension_mode":true,"campfire_choices":[{"data":"Chaos","floor":7,"key":"SMITH"},{"floor":13,"key":"REST"},{"floor":15,"key":"REST"}],"neow_cost":"NONE","seed_source_timestamp":326581528124100,"circlet_count":0,"master_deck":["AscendersBane","Strike_B","Strike_B","Strike_B","Strike_B","Defend_B","Defend_B","Defend_B","Defend_B","Zap","Dualcast","Chaos+1","Doubt","Regret","Storm","Tempest","Double Energy","Seek","Cold Snap","Rainbow","Reprogram"],"relics":["FrozenCore","NeowsBlessing","Ornamental Fan","MawBank","Bag of Marbles","DataDisk","Boot"],"potions_floor_usage":[16],"damage_taken":[{"damage":0,"enemies":"2 Louse","floor":1,"turns":1},{"damage":0,"enemies":"Gremlin Nob","floor":6,"turns":1},{"damage":0,"enemies":"3 Sentries","floor":8,"turns":1},{"damage":0,"enemies":"Small Slimes","floor":10,"turns":3},{"damage":7,"enemies":"Jaw Worm","floor":11,"turns":2},{"damage":8,"enemies":"Looter","floor":12,"turns":2},{"damage":23,"enemies":"Lots of Slimes","floor":14,"turns":3},{"damage":57,"enemies":"Slime Boss","floor":16,"turns":10},{"damage":37,"enemies":"Shell Parasite","floor":18,"turns":7},{"damage":21,"enemies":"Spheric Guardian","floor":19,"turns":3}],"seed_played":"1502573209711208996","potions_obtained":[{"floor":6,"key":"Dexterity Potion"},{"floor":8,"key":"FearPotion"},{"floor":10,"key":"Ancient Potion"},{"floor":16,"key":"LiquidBronze"}],"is_trial":false,"path_per_floor":["M","?","?","?","T","E","R","E","T","M","M","M","R","M","R","B",null,"M","M"],"character_chosen":"DEFECT","items_purchased":[],"campfire_rested":2,"item_purchase_floors":[],"current_hp_per_floor":[68,68,68,57,57,57,57,57,57,57,50,42,64,41,63,6,58,21,0],"gold":826,"neow_bonus":"THREE_ENEMY_KILL","is_prod":false,"is_daily":false,"chose_seed":false,"campfire_upgraded":1,"win_rate":0,"timestamp":1555262341,"path_taken":["M","?","?","?","?","E","R","E","T","M","M","M","R","M","R","BOSS","M","?"],"build_version":"2019-01-23","purchased_purges":0,"victory":false,"max_hp_per_floor":[75,75,75,75,75,75,75,75,75,75,75,75,75,75,75,75,75,75,75],"card_choices":[{"not_picked":["Cold Snap","Stack"],"picked":"Chaos","floor":1},{"not_picked":["Leap","Steam Power"],"picked":"Storm","floor":6},{"not_picked":["Fusion","Skim","Go for the Eyes"],"picked":"SKIP","floor":8},{"not_picked":["Turbo","Lockon"],"picked":"Tempest","floor":10},{"not_picked":["Redo","Turbo"],"picked":"Double Energy","floor":11},{"not_picked":["BootSequence","Compile Driver"],"picked":"Seek","floor":12},{"not_picked":["Gash","Steam"],"picked":"Cold Snap","floor":14},{"not_picked":["Machine Learning","Buffer"],"picked":"Rainbow","floor":16},{"not_picked":["Leap","Coolheaded"],"picked":"Reprogram","floor":18}],"player_experience":1700832,"relics_obtained":[{"floor":5,"key":"MawBank"},{"floor":6,"key":"Bag of Marbles"},{"floor":8,"key":"DataDisk"},{"floor":9,"key":"Boot"}],"event_choices":[{"damage_healed":0,"gold_gain":175,"player_choice":"AGREE","damage_taken":0,"max_hp_gain":0,"max_hp_loss":0,"event_name":"Liars Game","floor":2,"gold_loss":0,"cards_obtained":["Doubt"]},{"damage_healed":0,"gold_gain":0,"player_choice":"Box","damage_taken":0,"relics_obtained":["Ornamental Fan"],"max_hp_gain":0,"max_hp_loss":0,"event_name":"Big Fish","floor":3,"gold_loss":0,"cards_obtained":["Regret"]},{"damage_healed":0,"gold_gain":75,"player_choice":"Gather Gold","damage_taken":11,"max_hp_gain":0,"max_hp_loss":0,"event_name":"World of Goop","floor":4,"gold_loss":0}],"is_beta":false,"boss_relics":[{"not_picked":["Astrolabe","Philosopher\u0027s Stone"],"picked":"FrozenCore"}],"items_purged_floors":[],"is_endless":false,"potions_floor_spawned":[6,8,10,14,16],"killed_by":"Spheric Guardian","ascension_level":12}