{"gold_per_floor":[12,28,103,203,101,101,134,134,160,160,170,182,207,221,221,318,318,335,18,38,52,52,52,81,81,81,99,99,114,114,39,39,141,141,151,169,169,180,192,192,202,202,249,280,297,297,297,311,311,311],"floor_reached":50,"playtime":9259,"items_purged":["Strike_G"],"score":665,"play_id":"3844e491-7d93-4065-8514-3b28bc263891","local_time":"20190418222740","is_ascension_mode":true,"campfire_choices":[{"data":"Dagger Throw","floor":6,"key":"SMITH"},{"data":"Footwork","floor":8,"key":"SMITH"},{"data":"Dash","floor":10,"key":"SMITH"},{"floor":15,"key":"REST"},{"data":"Storm of Steel","floor":23,"key":"SMITH"},{"floor":28,"key":"REST"},{"floor":32,"key":"REST"},{"data":"Endless Agony","floor":40,"key":"SMITH"},{"floor":42,"key":"REST"},{"floor":46,"key":"REST"},{"floor":49,"key":"REST"}],"neow_cost":"NO_GOLD","seed_source_timestamp":645862173228200,"circlet_count":0,"master_deck":["Defend_G","Defend_G","Defend_G","Defend_G","Defend_G","Strike_G","Strike_G","Strike_G","Survivor","Neutralize","Footwork+1","Well Laid Plans","Dagger Throw+1","Dash+1","Poisoned Stab+1","Deadly Poison","Poisoned Stab+1","PiercingWail","Noxious Fumes+1","Storm of Steel+1","Deadly Poison","RitualDagger","Backflip","J.A.X.","Calculated Gamble+1","Endless Agony+1","After Image+1","Calculated Gamble+1","Caltrops+1","Parasite","Endless Agony+1","Crippling Poison+1","Deadly Poison+1","Outmaneuver+1"],"relics":["Ring of the Snake","Tough Bandages","Oddly Smooth Stone","Bag of Marbles","Frozen Egg 2","WristBlade","Calipers","Happy Flower","Toxic Egg 2","Busted Crown","Omamori","Whetstone"],"potions_floor_usage":[33,44,50,50],"damage_taken":[{"damage":0,"enemies":"Cultist","floor":1,"turns":4},{"damage":0,"enemies":"Small Slimes","floor":2,"turns":4},{"damage":22,"enemies":"3 Sentries","floor":7,"turns":10},{"damage":0,"enemies":"Jaw Worm","floor":11,"turns":3},{"damage":0,"enemies":"Exordium Wildlife","floor":12,"turns":3},{"damage":10,"enemies":"Gremlin Nob","floor":13,"turns":4},{"damage":0,"enemies":"Large Slime","floor":14,"turns":5},{"damage":0,"enemies":"Hexaghost","floor":16,"turns":9},{"damage":5,"enemies":"3 Byrds","floor":18,"turns":5},{"damage":0,"enemies":"Spheric Guardian","floor":20,"turns":5},{"damage":11,"enemies":"Snecko","floor":21,"turns":4},{"damage":32,"enemies":"Book of Stabbing","floor":24,"turns":6},{"damage":2,"enemies":"Shelled Parasite and Fungi","floor":27,"turns":4},{"damage":3,"enemies":"3 Cultists","floor":29,"turns":5},{"damage":49,"enemies":"Collector","floor":33,"turns":11},{"damage":3,"enemies":"Orb Walker","floor":35,"turns":3},{"damage":3,"enemies":"3 Shapes","floor":36,"turns":6},{"damage":10,"enemies":"Writhing Mass","floor":38,"turns":8},{"damage":1,"enemies":"4 Shapes","floor":39,"turns":5},{"damage":16,"enemies":"Sphere and 2 Shapes","floor":41,"turns":7},{"damage":37,"enemies":"Reptomancer","floor":44,"turns":7},{"damage":18,"enemies":"Transient","floor":45,"turns":5},{"damage":0,"enemies":"3 Darklings","floor":48,"turns":5},{"damage":69,"enemies":"Time Eater","floor":50,"turns":9}],"seed_played":"6471542297382247006","potions_obtained":[{"floor":1,"key":"SpeedPotion"},{"floor":2,"key":"Weak Potion"},{"floor":16,"key":"Fire Potion"},{"floor":30,"key":"FairyPotion"},{"floor":30,"key":"EssenceOfSteel"},{"floor":33,"key":"Strength Potion"},{"floor":44,"key":"Ancient Potion"}],"is_trial":false,"path_per_floor":["M","M","?","?","$","R","E","R","T","R","M","M","E","M","R","B",null,"M","$","M","M","?","R","E","?","T","M","R","M","?","$","R","B",null,"M","M","$","M","M","R","M","R","T","E","M","R","?","M","R","B"],"character_chosen":"THE_SILENT","items_purchased":["Dagger Throw","Dash","Calipers","Deadly Poison"],"campfire_rested":6,"item_purchase_floors":[5,5,19,19],"current_hp_per_floor":[70,70,59,59,59,59,37,37,37,37,37,37,27,27,48,48,70,65,65,65,54,48,48,16,16,16,14,35,32,32,32,53,4,70,67,64,64,54,53,53,37,58,58,21,3,24,24,24,45,0],"gold":311,"neow_bonus":"ONE_RARE_RELIC","is_prod":false,"is_daily":false,"chose_seed":false,"campfire_upgraded":5,"win_rate":0,"timestamp":1555651660,"path_taken":["M","M","?","?","$","R","E","R","T","R","M","?","E","M","R","BOSS","M","$","M","M","?","R","E","?","T","M","R","M","?","$","R","BOSS","M","M","$","M","?","R","M","R","T","E","M","R","?","M","R","BOSS"],"build_version":"2019-01-23","purchased_purges":1,"victory":false,"max_hp_per_floor":[70,70,70,70,70,70,70,70,70,70,70,70,70,70,70,70,70,70,70,70,70,70,70,70,70,70,70,70,70,70,70,70,70,70,70,70,70,70,70,70,70,70,70,70,70,70,70,70,70,70],"card_choices":[{"not_picked":["Heel Hook","Cloak And Dagger"],"picked":"Footwork","floor":1},{"not_picked":["Bane","Catalyst"],"picked":"Well Laid Plans","floor":2},{"not_picked":["Slice","Eviscerate"],"picked":"Poisoned Stab","floor":7},{"not_picked":["Blade Dance","Heel Hook"],"picked":"Deadly Poison","floor":11},{"not_picked":["Terror","Riddle With Holes"],"picked":"Poisoned Stab","floor":12},{"not_picked":["Dagger Spray","Slice"],"picked":"PiercingWail","floor":13},{"not_picked":["Accuracy+1","Bane"],"picked":"Noxious Fumes+1","floor":14},{"not_picked":["Grand Finale","Malaise"],"picked":"Storm of Steel","floor":16},{"not_picked":["Reflex+1","PiercingWail","Sucker Punch"],"picked":"SKIP","floor":18},{"not_picked":["Dash","Poisoned Stab","Quick Slash+1"],"picked":"SKIP","floor":20},{"not_picked":["Masterful Stab+1","Quick Slash","Flying Knee"],"picked":"SKIP","floor":21},{"not_picked":["Infinite Blades+1","Acrobatics+1"],"picked":"Backflip","floor":24},{"not_picked":["Blade Dance+1","Bane"],"picked":"Calculated Gamble+1","floor":27},{"not_picked":["Riddle With Holes+1","Terror+1"],"picked":"Endless Agony","floor":29},{"not_picked":["Corpse Explosion+1","Venomology+1"],"picked":"After Image+1","floor":33},{"not_picked":[],"picked":"Calculated Gamble+1","floor":35},{"not_picked":[],"picked":"Caltrops+1","floor":36},{"not_picked":[],"picked":"Endless Agony+1","floor":38},{"not_picked":[],"picked":"Crippling Poison+1","floor":39},{"not_picked":["Distraction+1"],"picked":"SKIP","floor":41},{"not_picked":["Unload"],"picked":"SKIP","floor":44},{"not_picked":[],"picked":"Deadly Poison+1","floor":45},{"not_picked":[],"picked":"Outmaneuver+1","floor":48}],"player_experience":326231,"relics_obtained":[{"floor":7,"key":"Oddly Smooth Stone"},{"floor":9,"key":"Bag of Marbles"},{"floor":13,"key":"Frozen Egg 2"},{"floor":24,"key":"Happy Flower"},{"floor":26,"key":"Toxic Egg 2"},{"floor":43,"key":"Omamori"},{"floor":44,"key":"Whetstone"}],"event_choices":[{"damage_healed":0,"gold_gain":75,"player_choice":"Gather Gold","damage_taken":11,"max_hp_gain":0,"max_hp_loss":0,"event_name":"World of Goop","floor":3,"gold_loss":0},{"damage_healed":0,"gold_gain":100,"player_choice":"Pray","damage_taken":0,"max_hp_gain":0,"max_hp_loss":0,"event_name":"Golden Shrine","floor":4,"gold_loss":0},{"damage_healed":0,"gold_gain":0,"player_choice":"Joined the Cult","damage_taken":6,"max_hp_gain":0,"max_hp_loss":0,"event_name":"Nest","floor":22,"gold_loss":0,"cards_obtained":["RitualDagger"]},{"damage_healed":0,"gold_gain":0,"player_choice":"Obtain J.A.X.","damage_taken":0,"max_hp_gain":0,"max_hp_loss":0,"event_name":"Drug Dealer","floor":25,"gold_loss":0,"cards_obtained":["J.A.X."]},{"damage_healed":0,"gold_gain":0,"player_choice":"Got Potions","damage_taken":0,"max_hp_gain":0,"max_hp_loss":0,"event_name":"Lab","floor":30,"gold_loss":0},{"cards_removed":["Strike_G"],"damage_healed":0,"gold_gain":0,"player_choice":"Purged","damage_taken":0,"max_hp_gain":0,"max_hp_loss":0,"event_name":"Purifier","floor":47,"gold_loss":0}],"is_beta":false,"boss_relics":[{"not_picked":["Velvet Choker","Astrolabe"],"picked":"WristBlade"},{"not_picked":["Philosopher\u0027s Stone","Pandora\u0027s Box"],"picked":"Busted Crown"}],"items_purged_floors":[31],"is_endless":false,"potions_floor_spawned":[1,2,16,27,33,35,44,48],"killed_by":"Time Eater","ascension_level":4}