{"gold_per_floor":[109,109,109,126,144,173,189,200,200,200,165,245,259,289,289,289],"floor_reached":16,"playtime":533,"items_purged":[],"score":151,"play_id":"0971b93a-fec7-4f75-a12d-133828e72bc4","local_time":"20181114002047","is_ascension_mode":true,"campfire_choices":[{"floor":10,"key":"REST"},{"floor":15,"key":"REST"}],"neow_cost":"NONE","seed_source_timestamp":608310012620000,"circlet_count":0,"master_deck":["Strike_B","Strike_B","Strike_B","Defend_B","Defend_B","Defend_B","Defend_B","Zap+1","Dualcast","Redo+1","Turbo","Redo","Hologram","Turbo","Ball Lightning","Rainbow","Leap"],"relics":["Cracked Core","NeowsBlessing","Centennial Puzzle","Happy Flower","Tiny Chest","Potion Belt"],"potions_floor_usage":[8,13],"damage_taken":[{"damage":0,"enemies":"Small Slimes","floor":1,"turns":1},{"damage":0,"enemies":"Cultist","floor":4,"turns":1},{"damage":0,"enemies":"2 Louse","floor":5,"turns":1},{"damage":25,"enemies":"Lagavulin","floor":6,"turns":6},{"damage":0,"enemies":"Exordium Wildlife","floor":7,"turns":4},{"damage":13,"enemies":"Red Slaver","floor":8,"turns":3},{"damage":0,"enemies":"Blue Slaver","floor":13,"turns":1},{"damage":31,"enemies":"3 Sentries","floor":14,"turns":6},{"damage":55,"enemies":"Slime Boss","floor":16,"turns":7}],"seed_played":"-1811227137652185380","potions_obtained":[{"floor":7,"key":"SkillPotion"},{"floor":8,"key":"Swift Potion"}],"is_trial":false,"path_per_floor":["M","?","?","M","M","E","M","M","T","R","?","T","M","E","R","B"],"character_chosen":"DEFECT","items_purchased":[],"campfire_rested":2,"item_purchase_floors":[],"current_hp_per_floor":[68,53,53,53,53,28,28,15,15,37,55,55,55,24,46,0],"gold":289,"neow_bonus":"THREE_ENEMY_KILL","is_prod":false,"is_daily":false,"chose_seed":false,"campfire_upgraded":0,"win_rate":0,"timestamp":1542151247,"path_taken":["M","?","?","M","?","E","M","M","T","R","?","?","?","E","R","BOSS"],"build_version":"2018-11-08","purchased_purges":0,"victory":false,"max_hp_per_floor":[75,75,75,75,75,75,75,75,75,75,75,75,75,75,75,75],"card_choices":[{"not_picked":["Barrage","Darkness"],"picked":"Redo","floor":1},{"not_picked":["Darkness","Rebound"],"picked":"Turbo","floor":4},{"not_picked":["Sunder","Go for the Eyes"],"picked":"Redo","floor":5},{"not_picked":["Cold Snap","Recycle"],"picked":"Hologram","floor":6},{"not_picked":["Coolheaded","Beam Cell"],"picked":"Turbo","floor":7},{"not_picked":["Beam Cell","Rebound"],"picked":"Ball Lightning","floor":8},{"not_picked":["Recycle","Glacier"],"picked":"Rainbow","floor":13},{"not_picked":["Aggregate","Rip and Tear"],"picked":"Leap","floor":14}],"player_experience":906841,"relics_obtained":[{"floor":6,"key":"Centennial Puzzle"},{"floor":9,"key":"Happy Flower"},{"floor":12,"key":"Tiny Chest"},{"floor":14,"key":"Potion Belt"}],"event_choices":[{"damage_healed":0,"gold_gain":0,"player_choice":"Entered Light","damage_taken":15,"max_hp_gain":0,"max_hp_loss":0,"event_name":"Shining Light","floor":2,"gold_loss":0,"cards_upgraded":["Redo","Zap"]},{"cards_removed":["Strike_B"],"damage_healed":0,"gold_gain":0,"player_choice":"Purged","damage_taken":0,"max_hp_gain":0,"max_hp_loss":0,"event_name":"Purifier","floor":3,"gold_loss":0},{"damage_healed":18,"gold_gain":0,"player_choice":"Healed","damage_taken":0,"max_hp_gain":0,"max_hp_loss":0,"event_name":"The Cleric","floor":11,"gold_loss":35}],"is_beta":false,"boss_relics":[],"items_purged_floors":[],"is_endless":false,"potions_floor_spawned":[7,8],"killed_by":"Slime Boss","ascension_level":7}