{"gold_per_floor":[118,168,188,204,223,223,251,251,278,296,329,339,350,350,350,424,424,441,218,228,245,245],"floor_reached":22,"playtime":2242,"items_purged":["Strike_G"],"score":450,"play_id":"fc98c98f-8371-4588-95f6-39d0d0ee82a4","local_time":"20190502185704","is_ascension_mode":true,"campfire_choices":[{"floor":6.0,"key":"REST"},{"floor":8.0,"key":"REST"},{"data":"Caltrops","floor":15.0,"key":"SMITH"}],"neow_cost":"NONE","seed_source_timestamp":0,"circlet_count":0,"master_deck":["AscendersBane","Defend_G","Defend_G+1","Defend_G+1","Defend_G","Defend_G","Strike_G","Strike_G","Strike_G","Strike_G","Survivor","Neutralize","Cloak And Dagger","Footwork","Well Laid Plans","Skewer","Terror","Caltrops+1","PiercingWail","Dodge and Roll","Glass Knife","Well Laid Plans+1"],"special_seed":0,"relics":["Ring of the Snake","Happy Flower","Regal Pillow","Smiling Mask","War Paint","Orichalcum","Snecko Eye","Ancient Tea Set"],"potions_floor_usage":[21],"damage_taken":[{"damage":2.0,"enemies":"2 Louse","floor":1.0,"turns":3.0},{"damage":2.0,"enemies":"Cultist","floor":3.0,"turns":5.0},{"damage":0.0,"enemies":"Small Slimes","floor":4.0,"turns":5.0},{"damage":39.0,"enemies":"Exordium Thugs","floor":5.0,"turns":9.0},{"damage":14.0,"enemies":"3 Sentries","floor":7.0,"turns":14.0},{"damage":18.0,"enemies":"Large Slime","floor":10.0,"turns":7.0},{"damage":0.0,"enemies":"Gremlin Nob","floor":11.0,"turns":2.0},{"damage":5.0,"enemies":"2 Fungi Beasts","floor":12.0,"turns":5.0},{"damage":0.0,"enemies":"Exordium Wildlife","floor":13.0,"turns":5.0},{"damage":16.0,"enemies":"Hexaghost","floor":16.0,"turns":12.0},{"damage":19.0,"enemies":"Shell Parasite","floor":18.0,"turns":7.0},{"damage":2.0,"enemies":"Chosen","floor":20.0,"turns":7.0},{"damage":27,"enemies":"3 Cultists","floor":21,"turns":6},{"damage":10,"enemies":"Colosseum Slavers","floor":22,"turns":1}],"seed_played":"357107605126935634","potions_obtained":[{"floor":4.0,"key":"Energy Potion"},{"floor":5.0,"key":"Dexterity Potion"},{"floor":7.0,"key":"SteroidPotion"},{"floor":12.0,"key":"Explosive Potion"},{"floor":13.0,"key":"Weak Potion"},{"floor":16.0,"key":"LiquidBronze"},{"floor":21,"key":"LiquidBronze"}],"is_trial":false,"path_per_floor":["M","?","M","M","M","R","E","R","T","M","E","M","M","?","R","B",null,"M","$","M","M","?"],"character_chosen":"THE_SILENT","items_purchased":["Ancient Tea Set"],"campfire_rested":2,"item_purchase_floors":[19],"current_hp_per_floor":[57,57,55,55,16,35,21,55,55,37,37,32,32,21,21,5,51,32,32,30,3,0],"gold":245,"neow_bonus":"RANDOM_COMMON_RELIC","is_prod":false,"is_daily":false,"chose_seed":false,"campfire_upgraded":1,"win_rate":0,"timestamp":1556837824,"path_taken":["M","?","M","M","M","R","E","R","T","M","E","M","M","?","R","BOSS","M","$","M","M","?"],"build_version":"2019-01-23","purchased_purges":1,"victory":false,"max_hp_per_floor":[66,66,66,66,66,66,66,66,66,66,66,66,66,66,66,66,66,66,66,66,66,66],"card_choices":[{"not_picked":["Bane","Endless Agony"],"picked":"Cloak And Dagger","floor":1.0},{"not_picked":["Underhanded Strike","Flying Knee"],"picked":"Footwork","floor":3.0},{"not_picked":["Dodge and Roll","Infinite Blades"],"picked":"Well Laid Plans","floor":4.0},{"not_picked":["PiercingWail","Bane"],"picked":"Skewer","floor":5.0},{"not_picked":["Reflex","Dagger Spray"],"picked":"Terror","floor":7.0},{"not_picked":["Tools of the Trade","Cloak And Dagger"],"picked":"Caltrops","floor":10.0},{"not_picked":["Deadly Poison","Underhanded Strike","Terror"],"picked":"SKIP","floor":11.0},{"not_picked":["Heel Hook","Bane"],"picked":"PiercingWail","floor":12.0},{"not_picked":["Deadly Poison","Dagger Throw"],"picked":"Dodge and Roll","floor":13.0},{"not_picked":["A Thousand Cuts","Venomology"],"picked":"Glass Knife","floor":16.0},{"not_picked":["Terror","Poisoned Stab"],"picked":"Well Laid Plans+1","floor":18.0},{"not_picked":["Deadly Poison","Flying Knee","Dodge and Roll"],"picked":"SKIP","floor":20.0},{"not_picked":["Deadly Poison","Accuracy+1","Terror"],"picked":"SKIP","floor":21}],"player_experience":828885,"relics_obtained":[{"floor":7.0,"key":"Regal Pillow"},{"floor":9.0,"key":"Smiling Mask"},{"floor":11.0,"key":"War Paint"}],"event_choices":[{"damage_healed":0.0,"max_hp_gain":0.0,"max_hp_loss":0.0,"gold_gain":50.0,"event_name":"Golden Shrine","player_choice":"Pray","floor":2.0,"gold_loss":0.0,"damage_taken":0.0},{"damage_healed":0.0,"max_hp_gain":0.0,"max_hp_loss":0.0,"gold_gain":0.0,"event_name":"Scrap Ooze","player_choice":"Success","floor":14.0,"gold_loss":0.0,"damage_taken":11.0,"relics_obtained":["Orichalcum"]},{"damage_healed":0,"gold_gain":0,"player_choice":"Fight","damage_taken":0,"max_hp_gain":0,"max_hp_loss":0,"event_name":"Colosseum","floor":22,"gold_loss":0}],"is_beta":false,"boss_relics":[{"not_picked":["Tiny House","Fusion Hammer"],"picked":"Snecko Eye"}],"items_purged_floors":[19],"is_endless":false,"potions_floor_spawned":[4,5,7,10,12,13,16,18,21],"killed_by":"Colosseum Slavers","ascension_level":20}