{"gold_per_floor":[214,214,214,230,245,281,281,300,326,326,276,276,309,18,18,142,142,162,162,162,242,262,262,295,295,295,330,330,31,50,50,50,50],"floor_reached":33,"playtime":6063,"items_purged":["Injury"],"score":487,"play_id":"664596ca-1307-4d28-8f27-3acf90aa6db9","local_time":"20190317130750","is_ascension_mode":true,"campfire_choices":[{"floor":7,"key":"REST"},{"floor":10,"key":"REST"},{"data":"Bash","floor":12,"key":"SMITH"},{"data":"Enlightenment","floor":15,"key":"SMITH"},{"floor":23,"key":"RECALL"},{"floor":25,"key":"REST"},{"floor":32,"key":"REST"}],"neow_cost":"NONE","seed_source_timestamp":234634270878100,"circlet_count":0,"master_deck":["AscendersBane","Defend_R","Defend_R","Defend_R","Bash+1","Carnage","Spot Weakness","Blood for Blood","Pummel","Heavy Blade","Flame Barrier","Enlightenment+1","Reaper","Dual Wield","Bite","Bite","Bite","Bite","Bite","Dual Wield","Battle Trance","True Grit"],"relics":["Burning Blood","Orichalcum","Bloody Idol","Oddly Smooth Stone","Boot","Kunai","Lee\u0027s Waffle","Fusion Hammer","Smiling Mask","Frozen Egg 2","Juzu Bracelet","The Courier","Peace Pipe","Mango"],"potions_floor_usage":[6,13,33],"damage_taken":[{"damage":0,"enemies":"Small Slimes","floor":1,"turns":3},{"damage":6,"enemies":"2 Louse","floor":4,"turns":3},{"damage":10,"enemies":"Jaw Worm","floor":5,"turns":3},{"damage":55,"enemies":"Lagavulin","floor":6,"turns":8},{"damage":10,"enemies":"Blue Slaver","floor":8,"turns":4},{"damage":30,"enemies":"Gremlin Nob","floor":13,"turns":5},{"damage":39,"enemies":"The Guardian","floor":16,"turns":11},{"damage":9,"enemies":"Shell Parasite","floor":18,"turns":5},{"damage":12,"enemies":"Chosen","floor":22,"turns":4},{"damage":60,"enemies":"Slavers","floor":24,"turns":5},{"damage":94,"enemies":"Gremlin Leader","floor":27,"turns":9},{"damage":43,"enemies":"Centurion and Healer","floor":30,"turns":5},{"damage":125,"enemies":"Champ","floor":33,"turns":13}],"seed_played":"4324467453740161278","potions_obtained":[{"floor":1,"key":"LiquidBronze"},{"floor":8,"key":"PowerPotion"},{"floor":27,"key":"EssenceOfSteel"}],"is_trial":false,"path_per_floor":["M","?","?","M","M","E","R","M","T","R","?","R","E","$","R","B",null,"M","?","?","T","M","R","E","R","T","E","?","$","M","?","R","B"],"character_chosen":"IRONCLAD","items_purchased":["Lee\u0027s Waffle","Enlightenment","Mango"],"campfire_rested":4,"item_purchase_floors":[14,14,29],"current_hp_per_floor":[78,78,78,78,74,25,49,45,45,69,69,69,45,87,87,54,79,76,76,60,60,60,60,27,45,45,34,34,48,38,38,60,0],"gold":50,"neow_bonus":"HUNDRED_GOLD","is_prod":false,"is_daily":false,"chose_seed":false,"campfire_upgraded":2,"win_rate":0,"timestamp":1552824470,"path_taken":["M","?","?","M","M","E","R","M","T","R","?","R","E","?","R","BOSS","M","?","?","?","M","R","E","R","T","E","?","$","M","?","R","BOSS"],"build_version":"2019-01-23","purchased_purges":1,"victory":false,"max_hp_per_floor":[80,80,80,80,80,80,80,80,80,80,80,80,80,87,87,87,87,87,87,60,60,60,60,60,60,60,60,60,74,74,74,74,74],"card_choices":[{"not_picked":["Armaments","Wild Strike"],"picked":"Carnage","floor":1},{"not_picked":["Entrench","Body Slam"],"picked":"Spot Weakness","floor":4},{"not_picked":["Corruption","Sword Boomerang"],"picked":"Blood for Blood","floor":5},{"not_picked":["Thunderclap","Corruption"],"picked":"Pummel","floor":6},{"not_picked":["Ghostly Armor","Sever Soul"],"picked":"Heavy Blade","floor":8},{"not_picked":["Infernal Blade","Thunderclap"],"picked":"Flame Barrier","floor":13},{"not_picked":["Exhume","Impervious"],"picked":"Reaper","floor":16},{"not_picked":["Second Wind","Wild Strike"],"picked":"Dual Wield","floor":18},{"not_picked":["Heavy Blade","Searing Blow"],"picked":"Dual Wield","floor":22},{"not_picked":["Combust+1","Sword Boomerang"],"picked":"Battle Trance","floor":24},{"not_picked":["Anger","Dropkick","Cleave"],"picked":"SKIP","floor":27},{"not_picked":["Power Through","Body Slam"],"picked":"True Grit","floor":30}],"player_experience":1522417,"relics_obtained":[{"floor":6,"key":"Oddly Smooth Stone"},{"floor":9,"key":"Boot"},{"floor":13,"key":"Kunai"},{"floor":21,"key":"Frozen Egg 2"},{"floor":24,"key":"Juzu Bracelet"},{"floor":26,"key":"The Courier"},{"floor":27,"key":"Peace Pipe"}],"event_choices":[{"damage_healed":0,"gold_gain":0,"player_choice":"Box","damage_taken":0,"relics_obtained":["Orichalcum"],"max_hp_gain":0,"max_hp_loss":0,"event_name":"Big Fish","floor":2,"gold_loss":0,"cards_obtained":["Regret"]},{"damage_healed":0,"gold_gain":0,"player_choice":"Take Wound","damage_taken":0,"relics_obtained":["Golden Idol"],"max_hp_gain":0,"max_hp_loss":0,"event_name":"Golden Idol","floor":3,"gold_loss":0,"cards_obtained":["Injury"]},{"cards_removed":["Regret"],"damage_healed":0,"gold_gain":0,"player_choice":"Card Removal","damage_taken":0,"max_hp_gain":0,"max_hp_loss":0,"event_name":"The Cleric","floor":11,"gold_loss":50},{"damage_healed":0,"gold_gain":0,"player_choice":"Opened","damage_taken":0,"relics_obtained":["Smiling Mask"],"max_hp_gain":0,"max_hp_loss":0,"event_name":"The Mausoleum","floor":19,"gold_loss":0},{"damage_healed":0,"gold_gain":0,"player_choice":"Became a vampire","damage_taken":0,"max_hp_gain":0,"max_hp_loss":27,"event_name":"Vampires","floor":20,"gold_loss":0,"cards_obtained":["Bite","Bite","Bite","Bite","Bite"]},{"damage_healed":0,"gold_gain":0,"player_choice":"Gave Idol","damage_taken":0,"relics_obtained":["Bloody Idol"],"max_hp_gain":0,"max_hp_loss":0,"event_name":"Forgotten Altar","floor":28,"relics_lost":["Golden Idol"],"gold_loss":0},{"cards_removed":["Defend_R"],"damage_healed":0,"gold_gain":0,"player_choice":"Purged","damage_taken":0,"max_hp_gain":0,"max_hp_loss":0,"event_name":"Purifier","floor":31,"gold_loss":0}],"is_beta":false,"boss_relics":[{"not_picked":["Philosopher\u0027s Stone","Tiny House"],"picked":"Fusion Hammer"}],"items_purged_floors":[29],"is_endless":false,"potions_floor_spawned":[1,8,27],"killed_by":"Champ","ascension_level":12}