{"gold_per_floor":[116,129,146,146,220,220,235,267,267,121,121,147,322,341,341,341],"floor_reached":16,"playtime":1121,"items_purged":[],"score":169,"play_id":"6f985bc3-a726-45d6-88ca-8d505ff38f88","local_time":"20181103214513","is_ascension_mode":true,"campfire_choices":[{"data":"Deadly Poison","floor":6,"key":"SMITH"},{"floor":11,"key":"REST"},{"data":"Catalyst","floor":15,"key":"SMITH"}],"neow_cost":"NONE","seed_source_timestamp":433373549963400,"circlet_count":0,"master_deck":["Defend_G","Defend_G","Defend_G","Defend_G","Defend_G","Strike_G","Strike_G","Strike_G","Strike_G","Strike_G","Survivor","Neutralize","PiercingWail","Deadly Poison+1","Underhanded Strike","Bouncing Flask","Well Laid Plans","Bouncing Flask","Doubt","Catalyst+1"],"relics":["Ring of the Snake","NeowsBlessing","Ginger","Gambling Chip","FossilizedHelix","Regal Pillow","Paper Crane"],"potions_floor_usage":[8,12,12,16],"damage_taken":[{"damage":0,"enemies":"Cultist","floor":1,"turns":1},{"damage":0,"enemies":"Jaw Worm","floor":2,"turns":1},{"damage":0,"enemies":"Small Slimes","floor":3,"turns":1},{"damage":1,"enemies":"Red Slaver","floor":7,"turns":4},{"damage":40,"enemies":"3 Sentries","floor":8,"turns":9},{"damage":0,"enemies":"Lagavulin","floor":12,"turns":5},{"damage":0,"enemies":"Large Slime","floor":14,"turns":5},{"damage":64,"enemies":"Slime Boss","floor":16,"turns":13}],"seed_played":"408175282950109750","potions_obtained":[{"floor":3,"key":"Strength Potion"},{"floor":7,"key":"EssenceOfSteel"},{"floor":8,"key":"LiquidBronze"},{"floor":14,"key":"Strength Potion"}],"is_trial":false,"path_per_floor":["M","M","M","?","?","R","M","E","T","$","R","E","?","M","R"],"character_chosen":"THE_SILENT","items_purchased":["Regal Pillow"],"campfire_rested":1,"item_purchase_floors":[10],"current_hp_per_floor":[70,70,70,67,67,67,66,26,26,26,62,62,62,62,62,0],"gold":341,"neow_bonus":"THREE_ENEMY_KILL","is_prod":false,"is_daily":false,"chose_seed":false,"campfire_upgraded":2,"win_rate":0,"timestamp":1541277913,"path_taken":["M","?","?","?","?","R","M","E","T","$","R","E","?","?","R","BOSS"],"build_version":"2018-10-25v2","purchased_purges":0,"victory":false,"max_hp_per_floor":[70,70,70,70,70,70,70,70,70,70,70,70,70,70,70,70],"card_choices":[{"not_picked":["Outmaneuver","Poisoned Stab"],"picked":"PiercingWail","floor":1},{"not_picked":["Underhanded Strike","Blade Dance"],"picked":"Deadly Poison","floor":2},{"not_picked":["Heel Hook","Endless Agony"],"picked":"Underhanded Strike","floor":3},{"not_picked":["Cloak And Dagger","Predator"],"picked":"Bouncing Flask","floor":7},{"not_picked":["Leg Sweep","Cloak And Dagger"],"picked":"Well Laid Plans","floor":8},{"not_picked":["Footwork","Deadly Poison"],"picked":"Bouncing Flask","floor":12},{"not_picked":["Finisher","Escape Plan"],"picked":"Catalyst","floor":14}],"player_experience":840702,"relics_obtained":[{"floor":8,"key":"Gambling Chip"},{"floor":9,"key":"FossilizedHelix"},{"floor":12,"key":"Paper Crane"}],"event_choices":[{"damage_healed":0,"gold_gain":0,"player_choice":"Success","damage_taken":3,"relics_obtained":["Ginger"],"max_hp_gain":0,"max_hp_loss":0,"event_name":"Scrap Ooze","floor":4,"gold_loss":0},{"damage_healed":0,"gold_gain":74,"player_choice":"Gained Gold","damage_taken":0,"max_hp_gain":0,"max_hp_loss":0,"event_name":"Golden Wing","floor":5,"gold_loss":0},{"damage_healed":0,"gold_gain":175,"player_choice":"AGREE","damage_taken":0,"max_hp_gain":0,"max_hp_loss":0,"event_name":"Liars Game","floor":13,"gold_loss":0,"cards_obtained":["Doubt"]}],"is_beta":false,"boss_relics":[],"items_purged_floors":[],"is_endless":false,"potions_floor_spawned":[3,7,8,14],"killed_by":"Slime Boss","ascension_level":5}