{"gold_per_floor":[113,125,200,10,22,22,53,65,77,119,146,158,170,182],"floor_reached":14,"playtime":459,"items_purged":[],"score":182,"play_id":"1e5ccd8a-7bfc-4004-91ca-704b4220d121","local_time":"20190317131543","is_ascension_mode":true,"campfire_choices":[{"floor":6,"key":"REST"},{"floor":8,"key":"REST"}],"neow_cost":"PERCENT_DAMAGE","seed_source_timestamp":240700355928100,"circlet_count":0,"master_deck":["AscendersBane","Strike_R","Strike_R","Strike_R","Strike_R","Strike_R","Defend_R","Defend_R","Defend_R","Defend_R","Bash","Burning Pact","Blood for Blood","Seeing Red","Clash","Evolve","Burning Pact"],"relics":["Burning Blood","ClockworkSouvenir","MawBank","Letter Opener","Ice Cream","Regal Pillow"],"potions_floor_usage":[7,14],"damage_taken":[{"damage":9,"enemies":"Jaw Worm","floor":1,"turns":5},{"damage":19,"enemies":"Small Slimes","floor":2,"turns":4},{"damage":14,"enemies":"2 Louse","floor":5,"turns":2},{"damage":38,"enemies":"3 Sentries","floor":7,"turns":11},{"damage":17,"enemies":"Gremlin Nob","floor":10,"turns":4},{"damage":11,"enemies":"2 Fungi Beasts","floor":11,"turns":4},{"damage":31,"enemies":"Exordium Thugs","floor":14,"turns":2}],"seed_played":"3368828241079682349","potions_obtained":[{"floor":1,"key":"Ancient Potion"},{"floor":5,"key":"Block Potion"}],"is_trial":false,"path_per_floor":["M","M","?","$","M","R","E","R","T","E","M","?","$","M"],"character_chosen":"IRONCLAD","items_purchased":["ClockworkSouvenir"],"campfire_rested":2,"item_purchase_floors":[4],"current_hp_per_floor":[64,51,40,40,32,60,28,56,56,45,40,28,28,0],"gold":182,"neow_bonus":"TWENTY_PERCENT_HP_BONUS","is_prod":false,"is_daily":false,"chose_seed":false,"campfire_upgraded":0,"win_rate":0,"timestamp":1552824943,"path_taken":["M","M","?","$","M","R","E","R","T","E","M","?","$","M"],"build_version":"2019-01-23","purchased_purges":0,"victory":false,"max_hp_per_floor":[96,96,96,96,96,96,96,96,96,96,96,96,96,96],"card_choices":[{"not_picked":["Feel No Pain","Clash"],"picked":"Burning Pact","floor":1},{"not_picked":["Headbutt","Pummel"],"picked":"Blood for Blood","floor":2},{"not_picked":["Clash","Intimidate"],"picked":"Seeing Red","floor":5},{"not_picked":["Iron Wave","Shockwave"],"picked":"Clash","floor":7},{"not_picked":["Heavy Blade","Sword Boomerang"],"picked":"Evolve","floor":10},{"not_picked":["Perfected Strike","Body Slam"],"picked":"Burning Pact","floor":11}],"player_experience":1528480,"relics_obtained":[{"floor":7,"key":"MawBank"},{"floor":9,"key":"Letter Opener"},{"floor":10,"key":"Ice Cream"}],"event_choices":[{"damage_healed":0,"gold_gain":75,"player_choice":"Gather Gold","damage_taken":11,"max_hp_gain":0,"max_hp_loss":0,"event_name":"World of Goop","floor":3,"gold_loss":0},{"damage_healed":0,"gold_gain":0,"player_choice":"Success","damage_taken":12,"relics_obtained":["Regal Pillow"],"max_hp_gain":0,"max_hp_loss":0,"event_name":"Scrap Ooze","floor":12,"gold_loss":0}],"is_beta":false,"boss_relics":[],"items_purged_floors":[],"is_endless":false,"potions_floor_spawned":[1,5],"killed_by":"Exordium Thugs","ascension_level":12}