{"gold_per_floor":[113,113,113,113,132,167,187,187,210,65,79,79,94,119,119,248,248,273,289,289,309,30,53,53,76,76,89,109,143,164,178,178,306,369,388,67,192,205,223,257,257,257,257,10,10,29,29,45,45,45],"floor_reached":51,"playtime":2818,"items_purged":["Strike_G"],"score":836,"play_id":"fcf11835-c822-46d6-a7b7-9eb338b20529","local_time":"20190419010858","is_ascension_mode":true,"campfire_choices":[{"floor":15,"key":"REST"},{"floor":24,"key":"REST"},{"floor":32,"key":"REST"},{"floor":42,"key":"REST"},{"floor":45,"key":"DIG"},{"floor":49,"key":"REST"}],"neow_cost":"NONE","seed_source_timestamp":662025210870900,"circlet_count":0,"master_deck":["Defend_G+1","Defend_G","Defend_G","Defend_G","Defend_G+1","Strike_G+1","Strike_G+1","Survivor","Neutralize+1","All Out Attack+1","Flechettes","Poisoned Stab","Dagger Spray","Injury","Infinite Blades","Prepared","After Image","Dagger Spray+1","Leg Sweep","Leg Sweep","Crippling Poison+1","Acrobatics","Footwork","Dodge and Roll","Parasite","Deadly Poison","Heel Hook","Footwork+1","Glass Knife","Caltrops+1","Glass Knife","Backflip","Skewer+1","Footwork","Dash+1","Quick Slash+1","Expertise","Malaise","Dodge and Roll+1","PiercingWail","Dodge and Roll+1"],"relics":["Fusion Hammer","Whetstone","Golden Idol","PreservedInsect","War Paint","Cursed Key","Bronze Scales","Omamori","Oddly Smooth Stone","Tiny House","Molten Egg 2","Dead Branch","Singing Bowl","The Courier","Shovel","Gremlin Horn"],"potions_floor_usage":[13,16,29,31,33,33,50,50,50],"damage_taken":[{"damage":0,"enemies":"Small Slimes","floor":1,"turns":3},{"damage":4,"enemies":"Cultist","floor":5,"turns":5},{"damage":15,"enemies":"3 Sentries","floor":6,"turns":9},{"damage":6,"enemies":"2 Louse","floor":7,"turns":2},{"damage":9,"enemies":"2 Fungi Beasts","floor":11,"turns":3},{"damage":3,"enemies":"3 Louse","floor":13,"turns":2},{"damage":0,"enemies":"Lots of Slimes","floor":14,"turns":1},{"damage":17,"enemies":"Hexaghost","floor":16,"turns":11},{"damage":9,"enemies":"Spheric Guardian","floor":18,"turns":5},{"damage":1,"enemies":"Chosen","floor":19,"turns":7},{"damage":11,"enemies":"Snake Plant","floor":21,"turns":9},{"damage":0,"enemies":"Centurion and Healer","floor":23,"turns":6},{"damage":16,"enemies":"3 Cultists","floor":25,"turns":5},{"damage":2,"enemies":"Chosen and Byrds","floor":27,"turns":6},{"damage":17,"enemies":"Snake Plant","floor":28,"turns":5},{"damage":22,"enemies":"Gremlin Leader","floor":29,"turns":6},{"damage":13,"enemies":"Snecko","floor":30,"turns":6},{"damage":3,"enemies":"Shelled Parasite and Fungi","floor":31,"turns":6},{"damage":20,"enemies":"Collector","floor":33,"turns":12},{"damage":7,"enemies":"Orb Walker","floor":35,"turns":4},{"damage":0,"enemies":"Mind Bloom Boss Battle","floor":37,"turns":9},{"damage":15,"enemies":"3 Darklings","floor":38,"turns":6},{"damage":5,"enemies":"Jaw Worm Horde","floor":39,"turns":3},{"damage":16,"enemies":"Reptomancer","floor":40,"turns":5},{"damage":0,"enemies":"4 Shapes","floor":46,"turns":3},{"damage":21,"enemies":"Writhing Mass","floor":48,"turns":7},{"damage":22,"enemies":"Donu and Deca","floor":50,"turns":15}],"seed_played":"-1499377086172402577","potions_obtained":[{"floor":1,"key":"AttackPotion"},{"floor":11,"key":"SkillPotion"},{"floor":14,"key":"Block Potion"},{"floor":16,"key":"Block Potion"},{"floor":19,"key":"GamblersBrew"},{"floor":23,"key":"Fruit Juice"},{"floor":29,"key":"Fire Potion"},{"floor":31,"key":"SkillPotion"},{"floor":34,"key":"Ancient Potion"},{"floor":37,"key":"FearPotion"}],"is_trial":false,"path_per_floor":["M","?","$","?","M","E","M","?","T","$","M","?","M","M","R","B",null,"M","M","?","M","$","M","R","M","T","M","M","E","M","M","R","B",null,"M","$","?","M","M","E","?","R","T","$","R","M","?","M","R","B",null],"character_chosen":"THE_SILENT","items_purchased":["War Paint","Bronze Scales","Acrobatics","Molten Egg 2","Footwork","Shovel"],"campfire_rested":5,"item_purchase_floors":[10,22,22,36,36,44],"current_hp_per_floor":[70,70,70,63,59,44,38,38,38,38,29,15,12,12,33,16,70,61,60,60,49,49,49,70,54,54,52,35,18,5,2,24,4,80,73,73,73,58,53,37,37,61,61,61,61,61,61,40,64,42],"gold":45,"neow_bonus":"BOSS_RELIC","is_prod":false,"is_daily":false,"chose_seed":false,"campfire_upgraded":0,"win_rate":0,"timestamp":1555661338,"path_taken":["M","?","?","?","M","E","M","?","T","$","M","?","M","M","R","BOSS","M","M","?","M","$","M","R","M","T","?","?","E","M","M","R","BOSS","M","$","?","M","M","E","?","R","T","$","R","M","?","?","R","BOSS"],"build_version":"2019-01-23","purchased_purges":1,"victory":true,"max_hp_per_floor":[70,70,70,70,70,70,70,70,70,70,70,70,70,70,70,70,70,70,70,70,70,70,70,70,70,70,70,70,75,75,75,75,75,80,80,80,80,80,80,80,80,80,80,80,80,80,80,80,80,80],"card_choices":[{"not_picked":["Riddle With Holes","Flying Knee"],"picked":"All Out Attack","floor":1},{"not_picked":["Accuracy","Acrobatics"],"picked":"Flechettes","floor":5},{"not_picked":["Flechettes","Quick Slash"],"picked":"Poisoned Stab","floor":6},{"not_picked":["Backflip","Accuracy"],"picked":"Dagger Spray","floor":7},{"not_picked":["Reflex","Flying Knee"],"picked":"Infinite Blades","floor":11},{"not_picked":["Accuracy","Underhanded Strike","Grand Finale"],"picked":"SKIP","floor":13},{"not_picked":["Setup","Slice"],"picked":"Prepared","floor":14},{"not_picked":["Wraith Form v2","Night Terror"],"picked":"After Image","floor":16},{"not_picked":["Outmaneuver","Deflect"],"picked":"Dagger Spray+1","floor":18},{"not_picked":["Cloak And Dagger","PiercingWail"],"picked":"Leg Sweep","floor":19},{"not_picked":["Slice","Acrobatics"],"picked":"Crippling Poison+1","floor":21},{"not_picked":["Dodge and Roll","Quick Slash+1"],"picked":"Footwork","floor":23},{"not_picked":["Blur","Cloak And Dagger"],"picked":"Dodge and Roll","floor":25},{"not_picked":["Dagger Spray","All Out Attack"],"picked":"Deadly Poison","floor":27},{"not_picked":["Outmaneuver","Dodge and Roll"],"picked":"Heel Hook","floor":28},{"not_picked":["Reflex","Predator"],"picked":"Footwork","floor":29},{"not_picked":["Backstab","Blade Dance"],"picked":"Glass Knife","floor":30},{"not_picked":["Leg Sweep","Deflect"],"picked":"Caltrops+1","floor":31},{"not_picked":["Venomology","Doppelganger"],"picked":"Glass Knife","floor":33},{"not_picked":["Flechettes","Riddle With Holes"],"picked":"Backflip","floor":34},{"not_picked":["Acrobatics+1","Backflip"],"picked":"Skewer+1","floor":35},{"not_picked":["Dagger Throw+1","Flechettes+1"],"picked":"Dash+1","floor":37},{"not_picked":["Blade Dance+1","Dagger Spray+1"],"picked":"Quick Slash+1","floor":38},{"not_picked":["Backflip","Eviscerate+1"],"picked":"Expertise","floor":39},{"not_picked":["Reflex+1","Choke+1"],"picked":"Malaise","floor":40},{"not_picked":["Cloak And Dagger","Dash+1"],"picked":"Dodge and Roll+1","floor":46},{"not_picked":["Dagger Spray+1","Masterful Stab+1"],"picked":"Dodge and Roll+1","floor":48}],"player_experience":335490,"relics_obtained":[{"floor":6,"key":"Whetstone"},{"floor":9,"key":"PreservedInsect"},{"floor":26,"key":"Omamori"},{"floor":29,"key":"Oddly Smooth Stone"},{"floor":37,"key":"Dead Branch"},{"floor":40,"key":"Singing Bowl"},{"floor":43,"key":"The Courier"},{"floor":45,"key":"Gremlin Horn"}],"event_choices":[{"damage_healed":0,"gold_gain":0,"player_choice":"Bought 0 Potions","damage_taken":0,"max_hp_gain":0,"max_hp_loss":0,"event_name":"The Woman in Blue","floor":2,"gold_loss":0},{"cards_removed":["Strike_G"],"damage_healed":0,"gold_gain":0,"player_choice":"Card Removal","damage_taken":7,"max_hp_gain":0,"max_hp_loss":0,"event_name":"Golden Wing","floor":4,"gold_loss":0},{"damage_healed":0,"gold_gain":0,"player_choice":"Take Wound","damage_taken":0,"relics_obtained":["Golden Idol"],"max_hp_gain":0,"max_hp_loss":0,"event_name":"Golden Idol","floor":8,"gold_loss":0,"cards_obtained":["Injury"]},{"damage_healed":0,"gold_gain":0,"player_choice":"Entered Light","damage_taken":14,"max_hp_gain":0,"max_hp_loss":0,"event_name":"Shining Light","floor":12,"gold_loss":0,"cards_upgraded":["Strike_G","All Out Attack"]},{"damage_healed":0,"gold_gain":0,"player_choice":"1 cards matched","damage_taken":0,"max_hp_gain":0,"max_hp_loss":0,"event_name":"Match and Keep!","floor":20,"gold_loss":0,"cards_obtained":["Leg Sweep"]},{"damage_healed":0,"gold_gain":0,"player_choice":"Fight","damage_taken":0,"max_hp_gain":0,"max_hp_loss":0,"event_name":"MindBloom","floor":37,"gold_loss":0},{"damage_healed":0,"gold_gain":0,"player_choice":"Ignored","damage_taken":0,"max_hp_gain":0,"max_hp_loss":0,"event_name":"Tomb of Lord Red Mask","floor":41,"gold_loss":0},{"damage_healed":0,"gold_gain":0,"cards_transformed":["Strike_G"],"player_choice":"Transformed","damage_taken":0,"max_hp_gain":0,"max_hp_loss":0,"event_name":"Transmorgrifier","floor":47,"gold_loss":0,"cards_obtained":["PiercingWail"]}],"is_beta":false,"boss_relics":[{"not_picked":["Astrolabe","Runic Dome"],"picked":"Cursed Key"},{"not_picked":["Sozu","Lizard Tail"],"picked":"Tiny House"}],"items_purged_floors":[22],"is_endless":false,"potions_floor_spawned":[1,11,14,16,19,23,27,28,29,31,37],"ascension_level":4}