{"gold_per_floor":[110,110,121,141,1,1,26,26,51,51,65,146,146,164,164,263,263,277,288,303,192,192,192,206,206,206,219,219,219,230,240,240,345,345,365,465,5,0,0,28,28,47,126,126,143,143,143,154,154,154],"floor_reached":50,"playtime":38009,"items_purged":["Strike_G"],"score":795,"play_id":"ab8a1dc0-b4f5-4e8f-be3e-6f36f54f2297","local_time":"20190502213059","is_ascension_mode":true,"campfire_choices":[{"floor":6.0,"key":"REST"},{"floor":10.0,"key":"REST"},{"floor":13.0,"key":"REST"},{"floor":15.0,"key":"REST"},{"floor":23.0,"key":"REST"},{"floor":25,"key":"REST"},{"floor":29,"key":"REST"},{"floor":32,"key":"REST"},{"floor":41,"key":"REST"},{"floor":44,"key":"REST"},{"data":"Skewer","floor":49,"key":"SMITH"}],"neow_cost":"NONE","seed_source_timestamp":0,"circlet_count":0,"master_deck":["AscendersBane","Defend_G","Defend_G","Defend_G","Defend_G","Strike_G+1","Strike_G","Strike_G","Strike_G","Survivor","Neutralize","All Out Attack+1","Infinite Blades","Cloak And Dagger","Adrenaline","Skewer+1","Blade Dance","Night Terror","Blade Dance","Accuracy","Cloak And Dagger","Blade Dance+1","Accuracy","Adrenaline","Footwork+1","Parasite"],"special_seed":0,"relics":["Ring of the Snake","Ancient Tea Set","Bronze Scales","FossilizedHelix","PreservedInsect","Ninja Scroll","WristBlade","Molten Egg 2","Blue Candle","Incense Burner","Busted Crown","Unceasing Top","Chemical X","Anchor","Red Mask","Whetstone","Toxic Egg 2","Pear"],"potions_floor_usage":[31,31,33,40,50,50],"damage_taken":[{"damage":5.0,"enemies":"Jaw Worm","floor":1.0,"turns":6.0},{"damage":0.0,"enemies":"Cultist","floor":3.0,"turns":3.0},{"damage":4.0,"enemies":"Small Slimes","floor":4.0,"turns":4.0},{"damage":30.0,"enemies":"3 Sentries","floor":7.0,"turns":6.0},{"damage":0.0,"enemies":"Blue Slaver","floor":11.0,"turns":2.0},{"damage":0.0,"enemies":"2 Fungi Beasts","floor":14.0,"turns":1.0},{"damage":49.0,"enemies":"The Guardian","floor":16.0,"turns":14.0},{"damage":12.0,"enemies":"Shell Parasite","floor":18.0,"turns":4.0},{"damage":0.0,"enemies":"Chosen","floor":19.0,"turns":4.0},{"damage":14.0,"enemies":"Centurion and Healer","floor":20.0,"turns":7.0},{"damage":27.0,"enemies":"Snake Plant","floor":24.0,"turns":4.0},{"damage":19,"enemies":"Sentry and Sphere","floor":27,"turns":5},{"damage":0,"enemies":"Cultist and Chosen","floor":30,"turns":3},{"damage":18,"enemies":"Snake Plant","floor":31,"turns":3},{"damage":40,"enemies":"Automaton","floor":33,"turns":9},{"damage":0,"enemies":"Orb Walker","floor":35,"turns":4},{"damage":29,"enemies":"Mind Bloom Boss Battle","floor":36,"turns":6},{"damage":0,"enemies":"Reptomancer","floor":40,"turns":4},{"damage":10,"enemies":"3 Darklings","floor":42,"turns":4},{"damage":0,"enemies":"Jaw Worm Horde","floor":45,"turns":3},{"damage":16,"enemies":"Writhing Mass","floor":48,"turns":8},{"damage":72,"enemies":"Time Eater","floor":50,"turns":5}],"seed_played":"-3338790327950803537","potions_obtained":[{"floor":2.0,"key":"Fruit Juice"},{"floor":2.0,"key":"Weak Potion"},{"floor":2.0,"key":"FearPotion"},{"floor":3.0,"key":"PowerPotion"},{"floor":7.0,"key":"Poison Potion"},{"floor":16.0,"key":"Weak Potion"},{"floor":20.0,"key":"SpeedPotion"},{"floor":27,"key":"GhostInAJar"},{"floor":30,"key":"Block Potion"},{"floor":31,"key":"Explosive Potion"},{"floor":40,"key":"EssenceOfSteel"},{"floor":45,"key":"SteroidPotion"}],"is_trial":false,"path_per_floor":["M","?","M","M","$","R","E","?","T","R","M","T","R","M","R","B",null,"M","M","M","$","?","R","M","R","T","M","?","R","M","M","R","B",null,"M","?","$","?","?","E","R","M","T","R","M","?","T","M","R","B"],"character_chosen":"THE_SILENT","items_purchased":["Adrenaline","Accuracy","Chemical X","PowerPotion","SteroidPotion","Anchor"],"campfire_rested":10,"item_purchase_floors":[5,21,37,37,37,37],"current_hp_per_floor":[58,63,63,59,59,75,45,12,12,34,34,34,56,56,75,26,63,51,51,37,37,37,59,32,54,54,35,35,57,57,39,61,21,62,62,33,33,33,33,33,55,45,45,67,67,67,77,61,61,0],"gold":154,"neow_bonus":"RANDOM_COMMON_RELIC","is_prod":false,"is_daily":false,"chose_seed":false,"campfire_upgraded":1,"win_rate":0,"timestamp":1556825459,"path_taken":["M","?","?","M","?","R","E","?","T","R","M","?","R","M","R","BOSS","M","M","M","$","?","R","M","R","T","M","?","R","M","?","R","BOSS","M","?","$","?","?","E","R","M","T","R","M","?","?","M","R","BOSS"],"build_version":"2019-01-23","purchased_purges":1,"victory":false,"max_hp_per_floor":[70,75,75,75,75,75,75,75,75,75,75,75,75,75,75,75,75,75,75,75,75,75,75,75,75,75,75,75,75,75,75,75,75,75,75,75,75,75,75,75,75,75,75,75,75,75,85,85,85,85],"card_choices":[{"not_picked":["Outmaneuver","Crippling Poison"],"picked":"All Out Attack","floor":1.0},{"not_picked":["Poisoned Stab","Flechettes"],"picked":"Infinite Blades","floor":3.0},{"not_picked":["Bane","Footwork"],"picked":"Cloak And Dagger","floor":4.0},{"not_picked":["Noxious Fumes","Underhanded Strike"],"picked":"Skewer","floor":7.0},{"not_picked":["PiercingWail","Deflect","Dodge and Roll"],"picked":"SKIP","floor":11.0},{"not_picked":["Choke","Dodge and Roll"],"picked":"Blade Dance","floor":14.0},{"not_picked":["Die Die Die","Envenom"],"picked":"Night Terror","floor":16.0},{"not_picked":["Tactician","Dodge and Roll"],"picked":"Blade Dance","floor":18.0},{"not_picked":["Predator","PiercingWail","Quick Slash"],"picked":"SKIP","floor":19.0},{"not_picked":["Catalyst","Dagger Spray","Deadly Poison"],"picked":"SKIP","floor":20.0},{"not_picked":["Prepared","Deadly Poison"],"picked":"Cloak And Dagger","floor":24},{"not_picked":["Finisher+1","Leg Sweep"],"picked":"Blade Dance+1","floor":27},{"not_picked":["Heel Hook+1","Expertise"],"picked":"Accuracy","floor":30},{"not_picked":["Slice+1","Deadly Poison","Quick Slash+1"],"picked":"SKIP","floor":31},{"not_picked":["Glass Knife+1","After Image"],"picked":"Adrenaline","floor":33},{"not_picked":["Flying Knee+1"],"picked":"SKIP","floor":35},{"not_picked":["Deadly Poison"],"picked":"SKIP","floor":40},{"not_picked":[],"picked":"Footwork+1","floor":42},{"not_picked":["All Out Attack+1"],"picked":"SKIP","floor":45},{"not_picked":["Heel Hook+1"],"picked":"SKIP","floor":48}],"player_experience":1752095,"relics_obtained":[{"floor":7.0,"key":"Bronze Scales"},{"floor":9.0,"key":"PreservedInsect"},{"floor":12.0,"key":"Ninja Scroll"},{"floor":26,"key":"Blue Candle"},{"floor":36,"key":"Unceasing Top"},{"floor":40,"key":"Whetstone"},{"floor":43,"key":"Toxic Egg 2"},{"floor":47,"key":"Pear"}],"event_choices":[{"damage_healed":0.0,"max_hp_gain":0.0,"max_hp_loss":0.0,"gold_gain":0.0,"event_name":"Lab","player_choice":"Got Potions","floor":2.0,"gold_loss":0.0,"damage_taken":0.0},{"damage_healed":0.0,"max_hp_gain":0.0,"max_hp_loss":0.0,"gold_gain":0.0,"event_name":"Scrap Ooze","player_choice":"Success","floor":8.0,"gold_loss":0.0,"damage_taken":33.0,"relics_obtained":["FossilizedHelix"]},{"damage_healed":0.0,"max_hp_gain":0.0,"max_hp_loss":0.0,"gold_gain":0.0,"event_name":"The Mausoleum","player_choice":"Opened","floor":22.0,"gold_loss":0.0,"damage_taken":0.0,"relics_obtained":["Molten Egg 2"]},{"damage_healed":0,"gold_gain":0,"player_choice":"Gave Potion","damage_taken":0,"relics_obtained":["Incense Burner"],"max_hp_gain":0,"max_hp_loss":0,"event_name":"WeMeetAgain","floor":28,"gold_loss":0},{"damage_healed":0,"gold_gain":0,"player_choice":"Fight","damage_taken":0,"max_hp_gain":0,"max_hp_loss":0,"event_name":"MindBloom","floor":36,"gold_loss":0},{"damage_healed":0,"gold_gain":0,"player_choice":"Paid","damage_taken":0,"relics_obtained":["Red Mask"],"max_hp_gain":0,"max_hp_loss":0,"event_name":"Tomb of Lord Red Mask","floor":38,"gold_loss":5},{"damage_healed":0,"gold_gain":0,"player_choice":"Ignored","damage_taken":0,"max_hp_gain":0,"max_hp_loss":0,"event_name":"Mysterious Sphere","floor":39,"gold_loss":0},{"cards_removed":["Defend_G"],"damage_healed":0,"gold_gain":0,"player_choice":"Removed Skill","damage_taken":0,"max_hp_gain":0,"max_hp_loss":0,"event_name":"Falling","floor":46,"gold_loss":0}],"is_beta":false,"boss_relics":[{"not_picked":["Fusion Hammer","Philosopher\u0027s Stone"],"picked":"WristBlade"},{"not_picked":["Runic Pyramid","Ring of the Serpent"],"picked":"Busted Crown"}],"items_purged_floors":[21],"is_endless":false,"potions_floor_spawned":[3,7,16,20,27,30,31,40,42,45,48],"killed_by":"Time Eater","ascension_level":11}