{"gold_per_floor":[109,127,146,146,2,35,54,54,54,70,70,89,102,127,127,225,225,245,262,262,102,116,116,116],"floor_reached":24,"playtime":2789,"items_purged":["Strike_R"],"score":256,"play_id":"f31ad660-45f7-4d26-9c93-f559d64e9b2d","local_time":"20190504185058","is_ascension_mode":true,"campfire_choices":[{"data":"Bash","floor":8,"key":"SMITH"},{"data":"Spot Weakness","floor":15,"key":"SMITH"},{"data":"Pommel Strike","floor":23,"key":"SMITH"}],"neow_cost":"NONE","seed_source_timestamp":1380741696572169,"circlet_count":0,"master_deck":["Strike_R","Strike_R","Strike_R","Defend_R","Defend_R","Defend_R","Defend_R","Bash+1","Pommel Strike+1","Spot Weakness+1","Shrug It Off","Ghostly Armor","Evolve","Reckless Charge","Inflame","Offering","Pommel Strike","Heavy Blade","Metallicize"],"relics":["Burning Blood","Pen Nib","Letter Opener","Incense Burner","Du-Vu Doll","Cursed Key"],"potions_floor_usage":[],"damage_taken":[{"damage":0,"enemies":"Small Slimes","floor":1,"turns":3},{"damage":4,"enemies":"Jaw Worm","floor":2,"turns":4},{"damage":7,"enemies":"2 Louse","floor":3,"turns":2},{"damage":31,"enemies":"Lagavulin","floor":6,"turns":6},{"damage":11,"enemies":"Looter","floor":7,"turns":2},{"damage":2,"enemies":"2 Fungi Beasts","floor":10,"turns":3},{"damage":0,"enemies":"Blue Slaver","floor":12,"turns":5},{"damage":5,"enemies":"3 Louse","floor":13,"turns":5},{"damage":22,"enemies":"Gremlin Nob","floor":14,"turns":4},{"damage":27,"enemies":"The Guardian","floor":16,"turns":11},{"damage":7,"enemies":"Chosen","floor":18,"turns":3},{"damage":16,"enemies":"2 Thieves","floor":19,"turns":4},{"damage":19,"enemies":"3 Cultists","floor":22,"turns":5},{"damage":66,"enemies":"Gremlin Leader","floor":24,"turns":4}],"seed_played":"-2721707276123549104","potions_obtained":[{"floor":1,"key":"Poison Potion"},{"floor":7,"key":"Ancient Potion"},{"floor":10,"key":"FearPotion"},{"floor":12,"key":"FairyPotion"}],"is_trial":false,"path_per_floor":["M","M","M","?","$","E","M","R","T","M","?","M","M","E","R","B",null,"M","M","?","$","M","R","E"],"character_chosen":"IRONCLAD","items_purchased":["Pen Nib","Heavy Blade","Metallicize"],"campfire_rested":0,"item_purchase_floors":[5,21,21],"current_hp_per_floor":[88,88,87,80,80,55,50,50,50,54,59,65,66,50,50,29,93,92,82,64,64,51,51,0],"gold":116,"neow_bonus":"TEN_PERCENT_HP_BONUS","is_prod":false,"is_daily":false,"chose_seed":false,"campfire_upgraded":3,"win_rate":0,"timestamp":1557013858,"path_taken":["M","M","M","?","$","E","M","R","T","M","?","M","M","E","R","BOSS","M","M","?","$","M","R","E"],"build_version":"2019-01-23","purchased_purges":1,"victory":false,"max_hp_per_floor":[88,88,88,88,88,88,88,88,88,88,93,93,93,93,93,93,93,93,93,98,98,98,98,98],"card_choices":[{"not_picked":["Dropkick","Headbutt"],"picked":"Pommel Strike","floor":1},{"not_picked":["Pommel Strike","Warcry","Thunderclap"],"picked":"SKIP","floor":2},{"not_picked":["Sentinel","Pommel Strike"],"picked":"Spot Weakness","floor":3},{"not_picked":["Headbutt","Searing Blow"],"picked":"Shrug It Off","floor":6},{"not_picked":["Iron Wave","Corruption"],"picked":"Ghostly Armor","floor":7},{"not_picked":["Heavy Blade","Perfected Strike"],"picked":"Evolve","floor":10},{"not_picked":["Carnage","Heavy Blade","Pommel Strike"],"picked":"SKIP","floor":12},{"not_picked":["Carnage","Heavy Blade","Pommel Strike"],"picked":"SKIP","floor":12},{"not_picked":["Sentinel","Second Wind"],"picked":"Reckless Charge","floor":13},{"not_picked":["Wild Strike","Fire Breathing"],"picked":"Inflame","floor":14},{"not_picked":["Berserk","Bludgeon"],"picked":"Offering","floor":16},{"not_picked":["True Grit","Thunderclap+1"],"picked":"Pommel Strike","floor":18},{"not_picked":["Infernal Blade","Thunderclap","Warcry"],"picked":"SKIP","floor":19},{"not_picked":["Flex","Cleave+1","Seeing Red+1"],"picked":"SKIP","floor":22}],"player_experience":251982,"relics_obtained":[{"floor":6,"key":"Letter Opener"},{"floor":9,"key":"Incense Burner"},{"floor":14,"key":"Du-Vu Doll"}],"event_choices":[{"cards_removed":["Strike_R"],"damage_healed":0,"gold_gain":0,"player_choice":"Card Removal","damage_taken":7,"max_hp_gain":0,"max_hp_loss":0,"event_name":"Golden Wing","floor":4,"gold_loss":0},{"damage_healed":0,"gold_gain":0,"player_choice":"Donut","damage_taken":0,"max_hp_gain":5,"max_hp_loss":0,"event_name":"Big Fish","floor":11,"gold_loss":0},{"damage_healed":0,"gold_gain":0,"player_choice":"Shed Blood","damage_taken":23,"max_hp_gain":5,"max_hp_loss":0,"event_name":"Forgotten Altar","floor":20,"gold_loss":0}],"is_beta":false,"boss_relics":[{"not_picked":["Eternal Feather","Runic Dome"],"picked":"Cursed Key"}],"items_purged_floors":[21],"is_endless":false,"potions_floor_spawned":[1,7,10,12,13,16,18,19],"killed_by":"Gremlin Leader","ascension_level":2}