{"gold_per_floor":[109,109,129,129,150,150,171,210,210,234,234],"floor_reached":11,"playtime":663,"items_purged":[],"score":113,"play_id":"680fbbcb-3179-426d-b792-33bc6ff18816","local_time":"20190308185634","is_ascension_mode":true,"campfire_choices":[{"data":"Noxious Fumes","floor":6,"key":"SMITH"}],"neow_cost":"TEN_PERCENT_HP_LOSS","seed_source_timestamp":73804356101600,"circlet_count":0,"master_deck":["AscendersBane","Defend_G","Defend_G","Defend_G","Strike_G","Strike_G","Strike_G","Strike_G","Strike_G","Survivor","Neutralize","Noxious Fumes+1","Injury","Bane","Poisoned Stab","Deadly Poison","Corpse Explosion"],"relics":["Ring of the Snake","Golden Idol","Letter Opener","Shuriken","Molten Egg 2"],"potions_floor_usage":[8,11],"damage_taken":[{"damage":0,"enemies":"Cultist","floor":1,"turns":5},{"damage":1,"enemies":"2 Louse","floor":3,"turns":4},{"damage":0,"enemies":"Jaw Worm","floor":5,"turns":4},{"damage":10,"enemies":"Large Slime","floor":7,"turns":6},{"damage":25,"enemies":"Lagavulin","floor":8,"turns":4},{"damage":14,"enemies":"2 Fungi Beasts","floor":10,"turns":4},{"damage":13,"enemies":"Blue Slaver","floor":11,"turns":2}],"seed_played":"3432772689179872434","potions_obtained":[{"floor":5,"key":"SkillPotion"},{"floor":8,"key":"Dexterity Potion"}],"is_trial":false,"path_per_floor":["M","?","M","?","M","R","M","E","T","M","M"],"character_chosen":"THE_SILENT","items_purchased":[],"campfire_rested":0,"item_purchase_floors":[],"current_hp_per_floor":[63,63,62,50,50,50,40,15,15,1,0],"gold":234,"neow_bonus":"REMOVE_TWO","is_prod":false,"is_daily":false,"chose_seed":false,"campfire_upgraded":1,"win_rate":0,"timestamp":1552067794,"path_taken":["M","?","M","?","M","R","M","E","T","M","M"],"build_version":"2019-01-23","purchased_purges":0,"victory":false,"max_hp_per_floor":[63,63,63,63,63,63,63,63,63,63,63],"card_choices":[{"not_picked":["Acrobatics","Slice"],"picked":"Noxious Fumes","floor":1},{"not_picked":["Endless Agony","Dash"],"picked":"Bane","floor":3},{"not_picked":["Dagger Throw","Slice"],"picked":"Poisoned Stab","floor":5},{"not_picked":["Prepared","Quick Slash"],"picked":"Deadly Poison","floor":7},{"not_picked":["Cloak And Dagger","Blade Dance","Concentrate"],"picked":"SKIP","floor":8},{"not_picked":["Dash+1","Cloak And Dagger"],"picked":"Corpse Explosion","floor":10}],"player_experience":1463832,"relics_obtained":[{"floor":8,"key":"Shuriken"},{"floor":9,"key":"Molten Egg 2"}],"event_choices":[{"damage_healed":0,"gold_gain":0,"player_choice":"Take Wound","damage_taken":0,"relics_obtained":["Golden Idol"],"max_hp_gain":0,"max_hp_loss":0,"event_name":"Golden Idol","floor":2,"gold_loss":0,"cards_obtained":["Injury"]},{"damage_healed":0,"gold_gain":0,"player_choice":"Success","damage_taken":12,"relics_obtained":["Letter Opener"],"max_hp_gain":0,"max_hp_loss":0,"event_name":"Scrap Ooze","floor":4,"gold_loss":0}],"is_beta":false,"boss_relics":[],"items_purged_floors":[],"is_endless":false,"potions_floor_spawned":[5,8],"killed_by":"Blue Slaver","ascension_level":10}