{"gold_per_floor":[109,0,0,11,11,11,43,53,107,120,120],"floor_reached":11,"playtime":485,"items_purged":["Regret"],"score":110,"play_id":"708ad228-f239-4331-9db7-3464c6c38619","local_time":"20190319215748","is_ascension_mode":true,"campfire_choices":[{"floor":6,"key":"REST"}],"neow_cost":"CURSE","seed_source_timestamp":444800376721900,"circlet_count":0,"master_deck":["AscendersBane","Defend_G","Defend_G","Defend_G","Defend_G","Defend_G","Strike_G","Strike_G","Strike_G","Survivor","Neutralize","Concentrate","Riddle With Holes","Slice","Accuracy","Finisher","Footwork","Setup","Cloak And Dagger","Terror"],"relics":["Ring of the Snake","Anchor","Blood Vial"],"potions_floor_usage":[7],"damage_taken":[{"damage":5,"enemies":"Jaw Worm","floor":1,"turns":6},{"damage":4,"enemies":"Small Slimes","floor":4,"turns":4},{"damage":42,"enemies":"Gremlin Nob","floor":7,"turns":5},{"damage":0,"enemies":"Cultist","floor":8,"turns":6},{"damage":0,"enemies":"Large Slime","floor":10,"turns":8},{"damage":33,"enemies":"Lagavulin","floor":11,"turns":8}],"seed_played":"-1240982639004440307","potions_obtained":[{"floor":4,"key":"Fire Potion"},{"floor":7,"key":"SpeedPotion"}],"is_trial":false,"path_per_floor":["M","$","?","M","?","R","E","M","T","M","E"],"character_chosen":"THE_SILENT","items_purchased":["Accuracy"],"campfire_rested":1,"item_purchase_floors":[2],"current_hp_per_floor":[58,58,58,54,54,70,28,28,28,30,0],"gold":120,"neow_bonus":"TRANSFORM_TWO_CARDS","is_prod":false,"is_daily":false,"chose_seed":false,"campfire_upgraded":0,"win_rate":0,"timestamp":1553029068,"path_taken":["M","$","?","M","?","R","E","M","T","?","E"],"build_version":"2019-01-23","purchased_purges":1,"victory":false,"max_hp_per_floor":[70,70,70,70,70,70,70,70,70,70,70],"card_choices":[{"not_picked":["Underhanded Strike","Flechettes"],"picked":"Slice","floor":1},{"not_picked":["Acrobatics","Blur"],"picked":"Finisher","floor":4},{"not_picked":["Underhanded Strike","Glass Knife"],"picked":"Setup","floor":7},{"not_picked":["Dagger Spray","Bane"],"picked":"Cloak And Dagger","floor":8},{"not_picked":["Crippling Poison","Leg Sweep"],"picked":"Terror","floor":10}],"player_experience":1548304,"relics_obtained":[{"floor":7,"key":"Anchor"},{"floor":9,"key":"Blood Vial"}],"event_choices":[{"damage_healed":0,"gold_gain":0,"player_choice":"Leave","damage_taken":0,"max_hp_gain":0,"max_hp_loss":0,"event_name":"The Cleric","floor":3,"gold_loss":0},{"damage_healed":0,"gold_gain":0,"player_choice":"1 cards matched","damage_taken":0,"max_hp_gain":0,"max_hp_loss":0,"event_name":"Match and Keep!","floor":5,"gold_loss":0,"cards_obtained":["Footwork"]}],"is_beta":false,"boss_relics":[],"items_purged_floors":[2],"is_endless":false,"potions_floor_spawned":[4,7],"killed_by":"Lagavulin","ascension_level":10}