{"gold_per_floor":[113,38,38,38,38,73,73,107,107,127,144,155,180,180,180,252,252,268,281,281,299,299,328,328,133,160,177,177,190,210,210],"floor_reached":31,"playtime":812,"items_purged":["Strike_B+1"],"score":650,"play_id":"586096b9-7b81-493a-9826-22ca3db11756","local_time":"20190513232952","is_ascension_mode":true,"campfire_choices":[{"data":"Zap","floor":7,"key":"SMITH"},{"data":"Dualcast","floor":15,"key":"SMITH"},{"data":"Heatsinks","floor":24,"key":"SMITH"}],"neow_cost":"NONE","seed_source_timestamp":288674499214157,"circlet_count":0,"master_deck":["AscendersBane","Defend_B","Defend_B","Defend_B","Defend_B","Zap+1","Dualcast+1","Hologram","Heatsinks+1","Electrodynamics","Glacier","Recycle","Coolheaded","Melter","Biased Cognition+1","Coolheaded","Loop+1","Gash+1","Meteor Strike","Skim","Loop+1","Normality","Coolheaded","Doubt","Capacitor+1","Biased Cognition+1"],"relics":["Cracked Core","NeowsBlessing","Anchor","Whetstone","Blue Candle","Potion Belt","Frozen Egg 2","Cursed Key","Centennial Puzzle","Question Card"],"potions_floor_usage":[16,23,29,31],"damage_taken":[{"damage":0,"enemies":"Small Slimes","floor":1,"turns":1},{"damage":0,"enemies":"Gremlin Nob","floor":6,"turns":1},{"damage":0,"enemies":"Lagavulin","floor":8,"turns":1},{"damage":0,"enemies":"2 Louse","floor":10,"turns":2},{"damage":2,"enemies":"Jaw Worm","floor":11,"turns":2},{"damage":15,"enemies":"Large Slime","floor":12,"turns":5},{"damage":32,"enemies":"Gremlin Nob","floor":13,"turns":4},{"damage":8,"enemies":"Slime Boss","floor":16,"turns":8},{"damage":4,"enemies":"Chosen","floor":18,"turns":7},{"damage":0,"enemies":"Shell Parasite","floor":19,"turns":3},{"damage":0,"enemies":"3 Cultists","floor":21,"turns":4},{"damage":22,"enemies":"Book of Stabbing","floor":23,"turns":7},{"damage":0,"enemies":"Snake Plant","floor":27,"turns":7},{"damage":1,"enemies":"Cultist and Chosen","floor":29,"turns":5},{"damage":5,"enemies":"Centurion and Healer","floor":30,"turns":7},{"damage":1,"enemies":"Snake Plant","floor":31,"turns":2}],"seed_played":"-5324980089334402112","potions_obtained":[{"floor":1,"key":"FocusPotion"},{"floor":8,"key":"Dexterity Potion"},{"floor":16,"key":"LiquidBronze"},{"floor":18,"key":"Block Potion"},{"floor":21,"key":"Explosive Potion"},{"floor":23,"key":"PowerPotion"},{"floor":29,"key":"LiquidBronze"}],"is_trial":false,"path_per_floor":["M","?","?","$","?","E","R","E","T","M","M","M","E","T","R","B",null,"M","M","?","M","?","E","R","$","T","M","T","M","M","M"],"character_chosen":"DEFECT","items_purchased":["Skim","Loop+1"],"campfire_rested":0,"item_purchase_floors":[25,25],"current_hp_per_floor":[64,64,64,64,69,69,69,69,69,69,67,52,20,20,20,12,60,56,56,34,34,34,12,12,12,12,12,12,11,6,5],"gold":210,"neow_bonus":"THREE_ENEMY_KILL","is_prod":false,"is_daily":false,"chose_seed":false,"campfire_upgraded":3,"win_rate":0,"timestamp":1557761392,"path_taken":["M","?","?","$","?","E","R","E","T","M","M","M","E","?","R","BOSS","M","M","?","M","?","E","R","$","T","?","?","M","?","M"],"build_version":"2019-01-23","purchased_purges":1,"victory":false,"max_hp_per_floor":[71,71,71,71,76,76,76,76,76,76,76,76,76,76,76,76,76,76,76,81,81,81,81,81,81,81,81,81,81,81,81],"card_choices":[{"not_picked":["Rebound","Go for the Eyes"],"picked":"Hologram","floor":1},{"not_picked":["Steam Power","Self Repair"],"picked":"Electrodynamics","floor":6},{"not_picked":["Coolheaded","Cold Snap"],"picked":"Glacier","floor":8},{"not_picked":["Stack","Coolheaded"],"picked":"Recycle","floor":10},{"not_picked":["Leap","Sweeping Beam"],"picked":"Coolheaded","floor":11},{"not_picked":["Buffer","Compile Driver"],"picked":"Melter","floor":12},{"not_picked":["Rebound","Redo","Go for the Eyes"],"picked":"SKIP","floor":13},{"not_picked":["Rainbow","Fission"],"picked":"Biased Cognition+1","floor":16},{"not_picked":["Genetic Algorithm","Steam"],"picked":"Coolheaded","floor":18},{"not_picked":["Coolheaded","Glacier"],"picked":"Loop+1","floor":19},{"not_picked":["Hello World+1","Beam Cell"],"picked":"Gash+1","floor":21},{"not_picked":["Undo","Compile Driver"],"picked":"Meteor Strike","floor":23},{"not_picked":["Hello World+1","Sweeping Beam"],"picked":"Coolheaded","floor":27},{"not_picked":["Static Discharge+1","White Noise","Hologram"],"picked":"Capacitor+1","floor":29},{"not_picked":["Undo","Ball Lightning","Tempest+1"],"picked":"Biased Cognition+1","floor":30}],"player_experience":1659407,"relics_obtained":[{"floor":6,"key":"Anchor"},{"floor":8,"key":"Whetstone"},{"floor":9,"key":"Blue Candle"},{"floor":13,"key":"Potion Belt"},{"floor":14,"key":"Frozen Egg 2"},{"floor":23,"key":"Centennial Puzzle"},{"floor":28,"key":"Question Card"}],"event_choices":[{"cards_removed":["Strike_B"],"damage_healed":0,"gold_gain":0,"player_choice":"Card Removal","damage_taken":0,"max_hp_gain":0,"max_hp_loss":0,"event_name":"The Cleric","floor":2,"gold_loss":75},{"damage_healed":0,"gold_gain":0,"cards_transformed":["Strike_B"],"player_choice":"Change","damage_taken":0,"max_hp_gain":0,"max_hp_loss":0,"event_name":"Living Wall","floor":3,"gold_loss":0,"cards_obtained":["Heatsinks"]},{"damage_healed":0,"gold_gain":0,"player_choice":"Donut","damage_taken":0,"max_hp_gain":5,"max_hp_loss":0,"event_name":"Big Fish","floor":5,"gold_loss":0},{"damage_healed":0,"gold_gain":0,"player_choice":"Shed Blood","damage_taken":27,"max_hp_gain":5,"max_hp_loss":0,"event_name":"Forgotten Altar","floor":20,"gold_loss":0},{"cards_removed":["Strike_B"],"damage_healed":0,"gold_gain":0,"player_choice":"Offered Basic","damage_taken":0,"max_hp_gain":0,"max_hp_loss":0,"event_name":"Bonfire Elementals","floor":22,"gold_loss":0}],"is_beta":false,"boss_relics":[{"not_picked":["Coffee Dripper","Inserter"],"picked":"Cursed Key"}],"items_purged_floors":[25],"is_endless":false,"potions_floor_spawned":[1,8,11,16,18,21,23,29],"killed_by":"Snake Plant","ascension_level":20}