{"gold_per_floor":[116,116,126,86,103,103,130,130,184,28,103,103],"floor_reached":12,"playtime":283,"items_purged":[],"score":122,"play_id":"9e274984-4e24-4f5b-a8c4-e80df53bf4dd","local_time":"20190414190633","is_ascension_mode":true,"campfire_choices":[{"floor":6,"key":"REST"}],"neow_cost":"TEN_PERCENT_HP_LOSS","seed_source_timestamp":326151629020400,"circlet_count":0,"master_deck":["AscendersBane","Strike_B","Strike_B","Strike_B","Strike_B","Defend_B","Defend_B","Defend_B","Defend_B","Zap+1","Dualcast","Conserve Battery","Turbo","Double Energy","White Noise","Static Discharge","Injury"],"relics":["Cracked Core","Unceasing Top","Anchor","Golden Idol","Centennial Puzzle","Regal Pillow"],"potions_floor_usage":[],"damage_taken":[{"damage":10,"enemies":"2 Louse","floor":1,"turns":3},{"damage":0,"enemies":"Cultist","floor":3,"turns":3},{"damage":7,"enemies":"Jaw Worm","floor":5,"turns":2},{"damage":42,"enemies":"Gremlin Nob","floor":7,"turns":4},{"damage":20,"enemies":"2 Fungi Beasts","floor":12,"turns":3}],"seed_played":"-3602252877197063513","potions_obtained":[],"is_trial":false,"path_per_floor":["M","?","M","$","M","R","E","?","T","$","?","M"],"character_chosen":"DEFECT","items_purchased":["Double Energy","Regal Pillow"],"campfire_rested":1,"item_purchase_floors":[4,10],"current_hp_per_floor":[58,58,58,58,51,68,26,26,26,26,15,0],"gold":103,"neow_bonus":"ONE_RARE_RELIC","is_prod":false,"is_daily":false,"chose_seed":false,"campfire_upgraded":0,"win_rate":0,"timestamp":1555261593,"path_taken":["M","?","M","$","?","R","E","?","T","$","?","M"],"build_version":"2019-01-23","purchased_purges":0,"victory":false,"max_hp_per_floor":[68,68,68,68,68,68,68,68,68,68,68,68],"card_choices":[{"not_picked":["Hologram","Cold Snap"],"picked":"Conserve Battery","floor":1},{"not_picked":["Leap","Streamline"],"picked":"Turbo","floor":3},{"not_picked":["Heatsinks","Go for the Eyes"],"picked":"White Noise","floor":5},{"not_picked":["Turbo","Gash"],"picked":"Static Discharge","floor":7}],"player_experience":1700549,"relics_obtained":[{"floor":7,"key":"Anchor"},{"floor":9,"key":"Centennial Puzzle"}],"event_choices":[{"damage_healed":0,"gold_gain":0,"player_choice":"Upgraded","damage_taken":0,"max_hp_gain":0,"max_hp_loss":0,"event_name":"Upgrade Shrine","floor":2,"gold_loss":0,"cards_upgraded":["Zap"]},{"damage_healed":0,"gold_gain":0,"player_choice":"Take Wound","damage_taken":0,"relics_obtained":["Golden Idol"],"max_hp_gain":0,"max_hp_loss":0,"event_name":"Golden Idol","floor":8,"gold_loss":0,"cards_obtained":["Injury"]},{"damage_healed":0,"gold_gain":75,"player_choice":"Gather Gold","damage_taken":11,"max_hp_gain":0,"max_hp_loss":0,"event_name":"World of Goop","floor":11,"gold_loss":0}],"is_beta":false,"boss_relics":[],"items_purged_floors":[],"is_endless":false,"potions_floor_spawned":[],"killed_by":"2 Fungi Beasts","ascension_level":12}