{"gold_per_floor":[110,127,127,78,94,121,121,152,152,168,202,220,395,58,58,58],"floor_reached":16,"playtime":687,"items_purged":[],"score":126,"play_id":"3a92032b-05ed-4731-a630-0af68038f5a8","local_time":"20190514002612","is_ascension_mode":true,"campfire_choices":[{"data":"True Grit","floor":7,"key":"SMITH"},{"floor":15,"key":"REST"}],"neow_cost":"NONE","seed_source_timestamp":127647751757364,"circlet_count":0,"master_deck":["Strike_R","Strike_R","Strike_R","Strike_R","Strike_R","Defend_R","Defend_R","Defend_R","Defend_R","Bash","Pummel","Battle Trance","True Grit+1","Headbutt","Offering","Clothesline","Immolate","Havoc","Doubt","Rupture"],"relics":["Burning Blood","Bag of Marbles","Orichalcum","Ornamental Fan","Bag of Preparation","Regal Pillow","Bird Faced Urn"],"potions_floor_usage":[],"damage_taken":[{"damage":0,"enemies":"Small Slimes","floor":1,"turns":3},{"damage":1,"enemies":"Cultist","floor":2,"turns":3},{"damage":6,"enemies":"Jaw Worm","floor":5,"turns":3},{"damage":28,"enemies":"Gremlin Nob","floor":6,"turns":4},{"damage":24,"enemies":"3 Sentries","floor":8,"turns":14},{"damage":4,"enemies":"Blue Slaver","floor":10,"turns":4},{"damage":23,"enemies":"Gremlin Nob","floor":11,"turns":4},{"damage":0,"enemies":"Large Slime","floor":12,"turns":3},{"damage":85,"enemies":"Hexaghost","floor":16,"turns":12}],"seed_played":"16321129799904848","potions_obtained":[{"floor":2,"key":"Energy Potion"},{"floor":3,"key":"Swift Potion"},{"floor":3,"key":"FairyPotion"}],"is_trial":false,"path_per_floor":["M","M","?","$","M","E","R","E","T","M","E","M","?","$","R","B"],"character_chosen":"IRONCLAD","items_purchased":["True Grit","Bird Faced Urn","Rupture"],"campfire_rested":1,"item_purchase_floors":[4,14,14],"current_hp_per_floor":[80,80,80,80,80,58,58,40,40,42,25,31,31,31,70,0],"gold":58,"neow_bonus":"RANDOM_COMMON_RELIC","is_prod":false,"is_daily":false,"chose_seed":false,"campfire_upgraded":1,"win_rate":0,"timestamp":1557807972,"path_taken":["M","M","?","?","M","E","R","E","T","M","E","M","?","$","R","BOSS"],"build_version":"2019-01-23","purchased_purges":0,"victory":false,"max_hp_per_floor":[80,80,80,80,80,80,80,80,80,80,80,80,80,80,80,80],"card_choices":[{"not_picked":["Wild Strike","Dual Wield"],"picked":"Pummel","floor":1},{"not_picked":["Corruption","Clash"],"picked":"Battle Trance","floor":2},{"not_picked":["Combust","Ghostly Armor"],"picked":"Headbutt","floor":5},{"not_picked":["Cleave","Havoc"],"picked":"Offering","floor":6},{"not_picked":["Anger","Evolve"],"picked":"Clothesline","floor":8},{"not_picked":["True Grit","Heavy Blade","Wild Strike"],"picked":"SKIP","floor":10},{"not_picked":["Impervious","Spot Weakness"],"picked":"Immolate","floor":11},{"not_picked":["Headbutt","Clothesline"],"picked":"Havoc","floor":12}],"player_experience":57458,"relics_obtained":[{"floor":6,"key":"Orichalcum"},{"floor":8,"key":"Ornamental Fan"},{"floor":9,"key":"Bag of Preparation"},{"floor":11,"key":"Regal Pillow"}],"event_choices":[{"damage_healed":0,"gold_gain":0,"player_choice":"Got Potions","damage_taken":0,"max_hp_gain":0,"max_hp_loss":0,"event_name":"Lab","floor":3,"gold_loss":0},{"damage_healed":0,"gold_gain":175,"player_choice":"AGREE","damage_taken":0,"max_hp_gain":0,"max_hp_loss":0,"event_name":"Liars Game","floor":13,"gold_loss":0,"cards_obtained":["Doubt"]}],"is_beta":false,"boss_relics":[],"items_purged_floors":[],"is_endless":false,"potions_floor_spawned":[2,6,8,12],"killed_by":"Hexaghost","ascension_level":1}