{"gold_per_floor":[110,110,185,110,110,135,149,32,100,144,156,168,199,236,248,360,372,404,430,89,105,0,27,27,59,85,85,285,295,295,315,315,315],"floor_reached":33,"playtime":1876,"items_purged":["Regret"],"score":489,"play_id":"c30c3f11-3110-4710-88e2-c0e2e6125814","local_time":"20190312234655","is_ascension_mode":true,"campfire_choices":[{"floor":11,"key":"REST"},{"data":"Loop","floor":15,"key":"SMITH"},{"floor":30,"key":"REST"},{"floor":32,"key":"REST"}],"neow_cost":"NONE","seed_source_timestamp":274250293034399,"circlet_count":0,"master_deck":["AscendersBane","Strike_B","Strike_B","Defend_B","Defend_B","Defend_B","Defend_B","Zap","Dualcast","Coolheaded","Sweeping Beam","Redo","Bandage Up","Ball Lightning","Buffer","Hologram","Loop+1","Echo Form","Self Repair","White Noise+1","Heatsinks","Panache","Discovery","Redo","Loop"],"relics":["Cracked Core","NeowsBlessing","Mummified Hand","Matryoshka","MawBank","Letter Opener","Sundial","Singing Bowl","Lizard Tail","Omamori","Happy Flower","FossilizedHelix","Blue Candle","Smiling Mask"],"potions_floor_usage":[14,14,18,25,29,33],"damage_taken":[{"damage":0,"enemies":"2 Louse","floor":1,"turns":1},{"damage":0,"enemies":"3 Sentries","floor":6,"turns":1},{"damage":0,"enemies":"Small Slimes","floor":7,"turns":1},{"damage":30,"enemies":"Lagavulin","floor":10,"turns":6},{"damage":0,"enemies":"Jaw Worm","floor":13,"turns":3},{"damage":6,"enemies":"Gremlin Nob","floor":14,"turns":4},{"damage":51,"enemies":"The Guardian","floor":16,"turns":12},{"damage":9,"enemies":"Shell Parasite","floor":18,"turns":9},{"damage":11,"enemies":"Spheric Guardian","floor":19,"turns":4},{"damage":35,"enemies":"Snecko","floor":21,"turns":6},{"damage":37,"enemies":"Gremlin Leader","floor":23,"turns":7},{"damage":17,"enemies":"Slavers","floor":25,"turns":4},{"damage":6,"enemies":"Cultist and Chosen","floor":29,"turns":4},{"damage":36,"enemies":"Snake Plant","floor":31,"turns":4},{"damage":103,"enemies":"Champ","floor":33,"turns":9}],"seed_played":"180333700157085366","potions_obtained":[{"floor":10,"key":"Block Potion"},{"floor":13,"key":"Explosive Potion"},{"floor":16,"key":"Block Potion"},{"floor":23,"key":"Energy Potion"},{"floor":25,"key":"Poison Potion"},{"floor":31,"key":"AttackPotion"}],"is_trial":false,"path_per_floor":["M","?","?","$","?","E","M","$","T","E","R","$","M","E","R","B",null,"M","M","$","M","?","E","T","E","T","?","?","M","R","M","R","B"],"character_chosen":"DEFECT","items_purchased":["Bandage Up","Ball Lightning","Heatsinks","Panache","Discovery","Redo"],"campfire_rested":3,"item_purchase_floors":[8,8,20,20,20,20],"current_hp_per_floor":[68,68,57,57,57,57,57,57,57,31,53,53,57,51,51,4,57,52,56,56,41,41,15,15,51,51,51,51,54,78,59,83,0],"gold":315,"neow_bonus":"THREE_ENEMY_KILL","is_prod":false,"is_daily":false,"chose_seed":false,"campfire_upgraded":1,"win_rate":0,"timestamp":1552430815,"path_taken":["M","?","?","$","?","E","M","$","T","E","R","?","?","E","R","BOSS","M","M","$","?","?","E","?","E","T","?","?","M","R","M","R","BOSS"],"build_version":"2019-01-23","purchased_purges":1,"victory":false,"max_hp_per_floor":[75,75,75,75,75,75,75,75,75,75,75,75,75,75,75,75,75,75,75,75,77,77,77,77,79,79,79,79,81,81,83,83,83],"card_choices":[{"not_picked":["Gash","Steam Power"],"picked":"Coolheaded","floor":1},{"not_picked":["Genetic Algorithm","Reprogram"],"picked":"Sweeping Beam","floor":6},{"not_picked":["Streamline","Rip and Tear"],"picked":"Redo","floor":7},{"not_picked":["Multi-Cast","Streamline"],"picked":"Buffer","floor":10},{"not_picked":["Conserve Battery","Go for the Eyes"],"picked":"Hologram","floor":13},{"not_picked":["Machine Learning","Barrage"],"picked":"Loop","floor":14},{"not_picked":["Machine Learning","Rainbow"],"picked":"Echo Form","floor":16},{"not_picked":["Gash","Reprogram"],"picked":"Self Repair","floor":18},{"not_picked":["Heatsinks+1","Undo"],"picked":"White Noise+1","floor":19},{"not_picked":["Ball Lightning","Gash","Barrage"],"picked":"Singing Bowl","floor":21},{"not_picked":["Aggregate","Redo"],"picked":"Loop","floor":23},{"not_picked":["Sunder+1","Steam Power","Hologram"],"picked":"Singing Bowl","floor":25},{"not_picked":["Redo","Streamline","Go for the Eyes"],"picked":"Singing Bowl","floor":29},{"not_picked":["Fusion","Sweeping Beam","Steam Power+1"],"picked":"Singing Bowl","floor":31}],"player_experience":1500403,"relics_obtained":[{"floor":6,"key":"Matryoshka"},{"floor":9,"key":"MawBank"},{"floor":9,"key":"Letter Opener"},{"floor":10,"key":"Sundial"},{"floor":14,"key":"Singing Bowl"},{"floor":23,"key":"Omamori"},{"floor":24,"key":"Happy Flower"},{"floor":24,"key":"FossilizedHelix"},{"floor":25,"key":"Blue Candle"},{"floor":26,"key":"Smiling Mask"}],"event_choices":[{"damage_healed":0,"gold_gain":0,"player_choice":"Box","damage_taken":0,"relics_obtained":["Mummified Hand"],"max_hp_gain":0,"max_hp_loss":0,"event_name":"Big Fish","floor":2,"gold_loss":0,"cards_obtained":["Regret"]},{"damage_healed":0,"gold_gain":75,"player_choice":"Gather Gold","damage_taken":11,"max_hp_gain":0,"max_hp_loss":0,"event_name":"World of Goop","floor":3,"gold_loss":0},{"cards_removed":["Strike_B"],"damage_healed":0,"gold_gain":0,"player_choice":"Forget","damage_taken":0,"max_hp_gain":0,"max_hp_loss":0,"event_name":"Living Wall","floor":5,"gold_loss":0},{"damage_healed":0,"gold_gain":0,"player_choice":"Paid Fearfully","damage_taken":0,"max_hp_gain":0,"max_hp_loss":0,"event_name":"Masked Bandits","floor":22,"gold_loss":105},{"cards_removed":["Strike_B"],"damage_healed":0,"gold_gain":0,"player_choice":"Elegance","damage_taken":0,"max_hp_gain":0,"max_hp_loss":0,"event_name":"Back to Basics","floor":27,"gold_loss":0},{"damage_healed":0,"gold_gain":200,"player_choice":"Gold","damage_taken":0,"max_hp_gain":0,"max_hp_loss":0,"event_name":"Wheel of Change","floor":28,"gold_loss":0}],"is_beta":false,"boss_relics":[{"not_picked":["Tiny House","Cursed Key"],"picked":"Lizard Tail"}],"items_purged_floors":[4],"is_endless":false,"potions_floor_spawned":[10,13,16,23,25,31],"killed_by":"Champ","ascension_level":10}