{"gold_per_floor":[110,110,110,133,156,192,192,230,230,271,295,3,23,23,23,144,144,165,190,190],"floor_reached":20,"playtime":1745,"items_purged":[],"score":213,"play_id":"4fee80a2-52fe-4010-933c-729cbb2aeabb","local_time":"20181228155105","is_ascension_mode":true,"campfire_choices":[{"floor":7,"key":"REST"},{"floor":15,"key":"REST"}],"neow_cost":"NONE","seed_source_timestamp":93805607457148,"circlet_count":0,"master_deck":["Strike_B","Strike_B","Strike_B","Strike_B","Defend_B","Defend_B","Defend_B","Zap","Dualcast","Go for the Eyes","Cold Snap","Redo","Cold Snap","Coolheaded","Steam","Lockon","Barrage","Stack","Redo+1","Sweeping Beam","Go for the Eyes","Cold Snap","Fission","Blizzard","Barrage","Hologram","Steam Power","Barrage","Sweeping Beam","Coolheaded+1","White Noise+1","Blizzard"],"relics":["Cracked Core","NeowsBlessing","Golden Idol","PreservedInsect","Thread and Needle","Pantograph","Prayer Wheel","Toy Ornithopter","Orrery"],"potions_floor_usage":[10,16,16,16,20],"damage_taken":[{"damage":0,"enemies":"2 Louse","floor":1,"turns":1},{"damage":0,"enemies":"Small Slimes","floor":4,"turns":1},{"damage":0,"enemies":"Cultist","floor":5,"turns":1},{"damage":22,"enemies":"Lagavulin","floor":6,"turns":6},{"damage":26,"enemies":"Gremlin Nob","floor":8,"turns":4},{"damage":5,"enemies":"3 Sentries","floor":10,"turns":4},{"damage":0,"enemies":"Large Slime","floor":11,"turns":4},{"damage":2,"enemies":"3 Louse","floor":13,"turns":3},{"damage":47,"enemies":"Hexaghost","floor":16,"turns":9},{"damage":25,"enemies":"2 Thieves","floor":18,"turns":5},{"damage":21,"enemies":"Shell Parasite","floor":19,"turns":4},{"damage":35,"enemies":"Cultist and Chosen","floor":20,"turns":7}],"seed_played":"-9132362459400688470","potions_obtained":[{"floor":1,"key":"Poison Potion"},{"floor":6,"key":"Ancient Potion"},{"floor":8,"key":"Explosive Potion"},{"floor":13,"key":"LiquidBronze"},{"floor":18,"key":"Poison Potion"}],"is_trial":false,"path_per_floor":["M","?","?","M","M","E","R","E","T","E","M","$","M","?","R","B",null,"M","M","M"],"character_chosen":"DEFECT","items_purchased":["Redo","Toy Ornithopter","Sweeping Beam"],"campfire_rested":2,"item_purchase_floors":[12,12,12],"current_hp_per_floor":[75,57,57,57,57,35,57,31,31,26,26,26,24,24,46,38,75,50,29,0],"gold":190,"neow_bonus":"THREE_ENEMY_KILL","is_prod":false,"is_daily":false,"chose_seed":false,"campfire_upgraded":0,"win_rate":0,"timestamp":1546041065,"path_taken":["M","?","?","M","M","E","R","E","T","E","?","$","M","?","R","BOSS","M","M","M"],"build_version":"2018-12-20","purchased_purges":0,"victory":false,"max_hp_per_floor":[75,75,75,75,75,75,75,75,75,75,75,75,75,75,75,75,75,75,75,75],"card_choices":[{"not_picked":["Self Repair","Steam Power"],"picked":"Go for the Eyes","floor":1},{"not_picked":["Coolheaded","Hello World"],"picked":"Redo","floor":4},{"not_picked":["Streamline","Beam Cell"],"picked":"Cold Snap","floor":5},{"not_picked":["Beam Cell","Ball Lightning"],"picked":"Coolheaded","floor":6},{"not_picked":["Self Repair","Turbo"],"picked":"Steam","floor":8},{"not_picked":["Leap","Capacitor"],"picked":"Lockon","floor":10},{"not_picked":["Stack","Buffer"],"picked":"Barrage","floor":11},{"not_picked":["Streamline","Aggregate"],"picked":"Stack","floor":11},{"not_picked":["Aggregate","Fusion"],"picked":"Go for the Eyes","floor":13},{"not_picked":["Rip and Tear","Go for the Eyes"],"picked":"Cold Snap","floor":13},{"not_picked":["Creative AI","Hyperbeam"],"picked":"Fission","floor":16},{"not_picked":["Gash","Compile Driver"],"picked":"Blizzard","floor":17},{"not_picked":["Gash","Steam"],"picked":"Barrage","floor":17},{"not_picked":["Genetic Algorithm","Stack"],"picked":"Hologram","floor":17},{"not_picked":["Rebound","Ball Lightning"],"picked":"Steam Power","floor":17},{"not_picked":["Lockon","Reinforced Body"],"picked":"Barrage","floor":17},{"not_picked":["Beam Cell","Lockon+1"],"picked":"Sweeping Beam","floor":18},{"not_picked":["Ball Lightning+1","Double Energy+1"],"picked":"Coolheaded+1","floor":18},{"not_picked":["Sweeping Beam","Genetic Algorithm"],"picked":"White Noise+1","floor":19},{"not_picked":["Stack","Coolheaded"],"picked":"Blizzard","floor":19}],"player_experience":167373,"relics_obtained":[{"floor":6,"key":"PreservedInsect"},{"floor":8,"key":"Thread and Needle"},{"floor":9,"key":"Pantograph"},{"floor":10,"key":"Prayer Wheel"}],"event_choices":[{"damage_healed":0,"gold_gain":0,"player_choice":"Take Damage","damage_taken":18,"relics_obtained":["Golden Idol"],"max_hp_gain":0,"max_hp_loss":0,"event_name":"Golden Idol","floor":2,"gold_loss":0},{"damage_healed":0,"gold_gain":0,"cards_transformed":["Defend_B"],"player_choice":"Transformed","damage_taken":0,"max_hp_gain":0,"max_hp_loss":0,"event_name":"Transmorgrifier","floor":3,"gold_loss":0,"cards_obtained":["Cold Snap"]},{"damage_healed":0,"gold_gain":0,"player_choice":"Grow","damage_taken":0,"max_hp_gain":0,"max_hp_loss":0,"event_name":"Living Wall","floor":14,"gold_loss":0,"cards_upgraded":["Redo"]}],"is_beta":false,"boss_relics":[{"not_picked":["Snecko Eye","Philosopher\u0027s Stone"],"picked":"Orrery"}],"items_purged_floors":[],"is_endless":false,"potions_floor_spawned":[1,6,8,13,18],"killed_by":"Cultist and Chosen","ascension_level":2}