{"gold_per_floor":[219,23,42,59,72,103,30,30,30,30,57,71,86,116,116,211,211,151,161,161,180,196,196,196,206,206,6,6,21,39,49,49,49],"floor_reached":33,"playtime":1416,"items_purged":[],"score":434,"play_id":"f5fa34e3-077b-4e58-b459-df37a66d8eb3","local_time":"20190505143425","is_ascension_mode":true,"campfire_choices":[{"floor":8,"key":"REST"},{"floor":10,"key":"REST"},{"data":"Rainbow","floor":15,"key":"SMITH"},{"floor":23,"key":"REST"},{"floor":32,"key":"REST"}],"neow_cost":"NONE","seed_source_timestamp":2420160629700,"circlet_count":0,"master_deck":["AscendersBane","Strike_B","Strike_B","Defend_B","Defend_B","Defend_B","Defend_B","Zap","Dualcast","Sunder","White Noise","Biased Cognition","Self Repair","Capacitor","Rainbow+1","Echo Form","White Noise","Reprogram","Rebound","Fusion+1","Recycle","Normality","Heatsinks+1","Echo Form","White Noise"],"relics":["Cracked Core","Regal Pillow","Bronze Scales","Mummified Hand","Ice Cream","Anchor","Lizard Tail","GremlinMask","Happy Flower","Chemical X"],"potions_floor_usage":[5,6,11,14,14,21,25,31,31],"damage_taken":[{"damage":0,"enemies":"Cultist","floor":1,"turns":3},{"damage":2,"enemies":"Jaw Worm","floor":3,"turns":3},{"damage":0,"enemies":"2 Louse","floor":4,"turns":2},{"damage":25,"enemies":"Lots of Slimes","floor":5,"turns":4},{"damage":30,"enemies":"Lagavulin","floor":6,"turns":7},{"damage":16,"enemies":"Gremlin Nob","floor":11,"turns":3},{"damage":9,"enemies":"2 Fungi Beasts","floor":12,"turns":3},{"damage":7,"enemies":"Exordium Thugs","floor":13,"turns":4},{"damage":6,"enemies":"Lagavulin","floor":14,"turns":5},{"damage":34,"enemies":"Hexaghost","floor":16,"turns":7},{"damage":20,"enemies":"2 Thieves","floor":18,"turns":4},{"damage":49,"enemies":"Chosen","floor":19,"turns":6},{"damage":5,"enemies":"Snecko","floor":21,"turns":3},{"damage":12,"enemies":"Centurion and Healer","floor":22,"turns":5},{"damage":39,"enemies":"Snake Plant","floor":25,"turns":5},{"damage":35,"enemies":"Sentry and Sphere","floor":29,"turns":5},{"damage":13,"enemies":"Cultist and Chosen","floor":30,"turns":6},{"damage":29,"enemies":"Snake Plant","floor":31,"turns":4},{"damage":80,"enemies":"Collector","floor":33,"turns":6}],"seed_played":"-6305379523333407496","potions_obtained":[{"floor":1,"key":"FearPotion"},{"floor":6,"key":"FocusPotion"},{"floor":11,"key":"Dexterity Potion"},{"floor":13,"key":"LiquidBronze"},{"floor":16,"key":"FearPotion"},{"floor":21,"key":"FearPotion"},{"floor":29,"key":"Regen Potion"},{"floor":30,"key":"Energy Potion"}],"is_trial":false,"path_per_floor":["M","$","M","M","M","E","$","R","T","R","E","M","M","E","R","B",null,"M","M","?","M","M","R","?","M","T","$","?","M","M","M","R","B"],"character_chosen":"DEFECT","items_purchased":["Regal Pillow","PowerPotion","Self Repair","Chemical X"],"campfire_rested":4,"item_purchase_floors":[2,2,7,27],"current_hp_per_floor":[68,68,66,66,41,11,11,48,48,75,66,64,64,65,65,38,66,60,18,18,27,29,66,66,41,41,41,41,20,14,44,75,0],"gold":49,"neow_bonus":"HUNDRED_GOLD","is_prod":false,"is_daily":false,"chose_seed":false,"campfire_upgraded":1,"win_rate":0,"timestamp":1557059665,"path_taken":["M","$","M","?","M","E","$","R","T","R","E","M","M","E","R","BOSS","M","M","?","M","M","R","?","?","T","$","?","?","M","M","R","BOSS"],"build_version":"2019-01-23","purchased_purges":0,"victory":false,"max_hp_per_floor":[75,75,75,75,75,75,75,75,75,75,75,75,75,75,75,75,75,75,75,75,75,75,75,75,75,75,75,75,75,75,75,75,75],"card_choices":[{"not_picked":["Go for the Eyes","Coolheaded"],"picked":"Sunder","floor":1},{"not_picked":["Gash","Hologram","Redo"],"picked":"SKIP","floor":3},{"not_picked":["Beam Cell","BootSequence","Streamline"],"picked":"SKIP","floor":4},{"not_picked":["Skim","Ball Lightning"],"picked":"White Noise","floor":5},{"not_picked":["Chill","Redo"],"picked":"Biased Cognition","floor":6},{"not_picked":["Streamline","Gash","Compile Driver"],"picked":"SKIP","floor":11},{"not_picked":["Ball Lightning","Leap","Barrage"],"picked":"SKIP","floor":12},{"not_picked":["Coolheaded","Leap"],"picked":"Capacitor","floor":13},{"not_picked":["Gash","Turbo"],"picked":"Rainbow","floor":14},{"not_picked":["All For One","Machine Learning"],"picked":"Echo Form","floor":16},{"not_picked":["Steam Power","Ball Lightning+1","Blizzard"],"picked":"SKIP","floor":18},{"not_picked":["Steam","Glacier+1"],"picked":"White Noise","floor":19},{"not_picked":["Sweeping Beam","Hologram","Cold Snap"],"picked":"SKIP","floor":21},{"not_picked":["Redo","Scrape"],"picked":"Fusion+1","floor":22},{"not_picked":["Barrage","Go for the Eyes","Turbo"],"picked":"SKIP","floor":25},{"not_picked":["Compile Driver","Stack"],"picked":"Heatsinks+1","floor":29},{"not_picked":["Storm","Consume"],"picked":"Echo Form","floor":30},{"not_picked":["Gash","Leap+1"],"picked":"White Noise","floor":31}],"player_experience":1815345,"relics_obtained":[{"floor":6,"key":"Bronze Scales"},{"floor":9,"key":"Mummified Hand"},{"floor":11,"key":"Ice Cream"},{"floor":14,"key":"Anchor"},{"floor":26,"key":"Happy Flower"}],"event_choices":[{"damage_healed":0,"gold_gain":0,"cards_transformed":["Strike_B","Strike_B"],"player_choice":"Became Test Subject","damage_taken":0,"max_hp_gain":0,"max_hp_loss":0,"event_name":"Drug Dealer","floor":20,"gold_loss":0,"cards_obtained":["Reprogram","Rebound"]},{"damage_healed":0,"gold_gain":0,"player_choice":"Trade","damage_taken":0,"relics_obtained":["GremlinMask"],"max_hp_gain":0,"max_hp_loss":0,"event_name":"FaceTrader","floor":24,"gold_loss":0},{"damage_healed":0,"gold_gain":0,"player_choice":"2 cards matched","damage_taken":0,"max_hp_gain":0,"max_hp_loss":0,"event_name":"Match and Keep!","floor":28,"gold_loss":0,"cards_obtained":["Recycle","Normality"]}],"is_beta":false,"boss_relics":[{"not_picked":["Orrery","Inserter"],"picked":"Lizard Tail"}],"items_purged_floors":[],"is_endless":false,"potions_floor_spawned":[1,6,11,13,16,21,29,30],"killed_by":"Collector","ascension_level":12}