{"gold_per_floor":[114,114,133,163,31,74,74,117,141,141,141],"floor_reached":11,"playtime":423,"items_purged":["Regret"],"score":187,"play_id":"a1a619b2-9a91-40e6-bab9-02b2888047cd","local_time":"20190507073439","is_ascension_mode":true,"campfire_choices":[{"data":"Glass Knife","floor":7,"key":"SMITH"},{"floor":10,"key":"REST"}],"neow_cost":"NONE","seed_source_timestamp":1157961491342,"circlet_count":0,"master_deck":["AscendersBane","Defend_G","Defend_G","Defend_G","Defend_G","Defend_G","Strike_G","Strike_G","Strike_G","Strike_G","Strike_G","Survivor","Neutralize","Deadly Poison","Deadly Poison","Acrobatics","Glass Knife+1","Bouncing Flask","Crippling Poison"],"relics":["Ring of the Snake","NeowsBlessing","Golden Idol","Tiny Chest","Singing Bowl","Shovel","Dream Catcher"],"potions_floor_usage":[8],"damage_taken":[{"damage":0,"enemies":"Jaw Worm","floor":1,"turns":1},{"damage":0,"enemies":"Small Slimes","floor":3,"turns":1},{"damage":0,"enemies":"3 Sentries","floor":6,"turns":1},{"damage":33,"enemies":"Gremlin Nob","floor":8,"turns":4},{"damage":27,"enemies":"3 Sentries","floor":11,"turns":6}],"seed_played":"3314616542212099121","potions_obtained":[{"floor":6,"key":"SkillPotion"}],"is_trial":false,"path_per_floor":["M","?","M","?","$","E","R","E","T","R","E"],"character_chosen":"THE_SILENT","items_purchased":["Acrobatics"],"campfire_rested":1,"item_purchase_floors":[5],"current_hp_per_floor":[59,36,36,36,36,36,36,3,3,22,0],"gold":141,"neow_bonus":"THREE_ENEMY_KILL","is_prod":false,"is_daily":false,"chose_seed":false,"campfire_upgraded":1,"win_rate":0,"timestamp":1557239679,"path_taken":["M","?","M","?","$","E","R","E","T","R","E"],"build_version":"2019-01-23","purchased_purges":1,"victory":false,"max_hp_per_floor":[66,66,66,66,66,66,66,66,66,66,66],"card_choices":[{"not_picked":["Outmaneuver","Cloak And Dagger"],"picked":"Deadly Poison","floor":1},{"not_picked":["Accuracy","Prepared"],"picked":"Deadly Poison","floor":3},{"not_picked":["Poisoned Stab","Phantasmal Killer"],"picked":"Glass Knife","floor":6},{"not_picked":["Dagger Throw","Backstab"],"picked":"Bouncing Flask","floor":8},{"not_picked":["Cloak And Dagger","Expertise"],"picked":"Crippling Poison","floor":10}],"player_experience":1623202,"relics_obtained":[{"floor":6,"key":"Singing Bowl"},{"floor":8,"key":"Shovel"},{"floor":9,"key":"Dream Catcher"}],"event_choices":[{"damage_healed":0,"gold_gain":0,"player_choice":"Take Damage","damage_taken":23,"relics_obtained":["Golden Idol"],"max_hp_gain":0,"max_hp_loss":0,"event_name":"Golden Idol","floor":2,"gold_loss":0},{"damage_healed":0,"gold_gain":0,"player_choice":"Box","damage_taken":0,"relics_obtained":["Tiny Chest"],"max_hp_gain":0,"max_hp_loss":0,"event_name":"Big Fish","floor":4,"gold_loss":0,"cards_obtained":["Regret"]}],"is_beta":false,"boss_relics":[],"items_purged_floors":[5],"is_endless":false,"potions_floor_spawned":[6],"killed_by":"3 Sentries","ascension_level":16}