{"gold_per_floor":[116,40,40,40,50,50,84,84,111,111,111,136,152,165,165,165],"floor_reached":16,"playtime":867,"items_purged":[],"score":130,"play_id":"231bf6e5-2a90-492c-8783-e64cc41934b6","local_time":"20190105113533","is_ascension_mode":true,"campfire_choices":[{"data":"Coolheaded","floor":6,"key":"SMITH"},{"floor":10,"key":"REST"},{"floor":15,"key":"REST"}],"neow_cost":"NONE","seed_source_timestamp":770551914988320,"circlet_count":0,"master_deck":["Strike_B","Strike_B","Strike_B+1","Strike_B","Defend_B","Defend_B","Defend_B","Defend_B","Rebound+1","Coolheaded+1","Hologram","FTL","Skim","Blizzard","Capacitor"],"relics":["Philosopher\u0027s Stone","Centennial Puzzle","Happy Flower","Nunchaku"],"potions_floor_usage":[7,16],"damage_taken":[{"damage":0,"enemies":"2 Louse","floor":1,"turns":2},{"damage":6,"enemies":"Small Slimes","floor":5,"turns":3},{"damage":33,"enemies":"Gremlin Nob","floor":7,"turns":4},{"damage":41,"enemies":"3 Sentries","floor":12,"turns":8},{"damage":0,"enemies":"Cultist","floor":13,"turns":3},{"damage":0,"enemies":"2 Fungi Beasts","floor":14,"turns":3},{"damage":46,"enemies":"The Guardian","floor":16,"turns":4}],"seed_played":"1681101051575220356","potions_obtained":[{"floor":12,"key":"SpeedPotion"},{"floor":13,"key":"AttackPotion"}],"is_trial":false,"path_per_floor":["M","$","?","?","M","R","E","?","T","R","?","E","M","M","R","B"],"character_chosen":"DEFECT","items_purchased":["Coolheaded","Energy Potion"],"campfire_rested":2,"item_purchase_floors":[2,2],"current_hp_per_floor":[75,75,68,53,47,47,14,39,39,61,61,20,20,20,42,0],"gold":165,"neow_bonus":"BOSS_RELIC","is_prod":false,"is_daily":false,"chose_seed":false,"campfire_upgraded":1,"win_rate":0,"timestamp":1546716933,"path_taken":["M","$","?","?","M","R","E","?","T","R","?","E","M","M","R","BOSS"],"build_version":"2019-01-03v4","purchased_purges":0,"victory":false,"max_hp_per_floor":[75,75,75,75,75,75,75,75,75,75,75,75,75,75,75,75],"card_choices":[{"not_picked":["Leap","Sweeping Beam"],"picked":"Rebound","floor":1},{"not_picked":["Barrage","Stack"],"picked":"Hologram","floor":5},{"not_picked":["Seek","Genetic Algorithm"],"picked":"FTL","floor":7},{"not_picked":["Genetic Algorithm","Heatsinks"],"picked":"Skim","floor":12},{"not_picked":["Redo","Go for the Eyes"],"picked":"Blizzard","floor":13},{"not_picked":["Beam Cell","Streamline"],"picked":"Capacitor","floor":14}],"player_experience":436949,"relics_obtained":[{"floor":7,"key":"Centennial Puzzle"},{"floor":9,"key":"Happy Flower"},{"floor":12,"key":"Nunchaku"}],"event_choices":[{"cards_removed":["Dualcast"],"damage_healed":0,"gold_gain":0,"player_choice":"Card Removal","damage_taken":7,"max_hp_gain":0,"max_hp_loss":0,"event_name":"Golden Wing","floor":3,"gold_loss":0},{"damage_healed":0,"gold_gain":0,"player_choice":"Entered Light","damage_taken":15,"max_hp_gain":0,"max_hp_loss":0,"event_name":"Shining Light","floor":4,"gold_loss":0,"cards_upgraded":["Rebound","Strike_B"]},{"damage_healed":25,"gold_gain":0,"player_choice":"Banana","damage_taken":0,"max_hp_gain":0,"max_hp_loss":0,"event_name":"Big Fish","floor":8,"gold_loss":0},{"cards_removed":["Zap"],"damage_healed":0,"gold_gain":0,"player_choice":"Offered Basic","damage_taken":0,"max_hp_gain":0,"max_hp_loss":0,"event_name":"Bonfire Elementals","floor":11,"gold_loss":0}],"is_beta":false,"boss_relics":[],"items_purged_floors":[],"is_endless":false,"potions_floor_spawned":[12,13],"killed_by":"The Guardian","ascension_level":4}