{"gold_per_floor":[123,135,147,159,190,202,248,272,338,300,312,324,354,390,402,414],"floor_reached":16,"playtime":503,"items_purged":[],"score":150,"play_id":"979c76db-b565-4651-a46e-b93b62f3079c","local_time":"20190126010112","is_ascension_mode":true,"campfire_choices":[{"data":"Intimidate","floor":6,"key":"SMITH"},{"floor":12,"key":"REST"},{"data":"Bash","floor":15,"key":"SMITH"}],"neow_cost":"NONE","seed_source_timestamp":199194314495200,"circlet_count":0,"master_deck":["AscendersBane","Strike_R","Strike_R","Strike_R","Strike_R","Defend_R","Defend_R","Defend_R","Defend_R","Bash+1","Intimidate+1","Shockwave","Infernal Blade","Seeing Red","Injury","Clash","Dual Wield"],"relics":["Burning Blood","MawBank","Regal Pillow","Oddly Smooth Stone","Golden Idol"],"potions_floor_usage":[13,16,16],"damage_taken":[{"damage":7,"enemies":"2 Louse","floor":1,"turns":3},{"damage":10,"enemies":"Small Slimes","floor":5,"turns":4},{"damage":46,"enemies":"Gremlin Nob","floor":7,"turns":6},{"damage":7,"enemies":"Jaw Worm","floor":8,"turns":5},{"damage":0,"enemies":"Red Slaver","floor":13,"turns":3},{"damage":0,"enemies":"2 Fungi Beasts","floor":14,"turns":4},{"damage":86,"enemies":"Hexaghost","floor":16,"turns":10}],"seed_played":"4678536180570015734","potions_obtained":[{"floor":8,"key":"SteroidPotion"},{"floor":13,"key":"BloodPotion"},{"floor":14,"key":"Poison Potion"}],"is_trial":false,"path_per_floor":["M","$","?","$","M","R","E","M","T","?","?","R","M","M","R","B"],"character_chosen":"IRONCLAD","items_purchased":[],"campfire_rested":1,"item_purchase_floors":[],"current_hp_per_floor":[71,71,71,71,67,67,27,26,26,26,26,65,71,77,77,0],"gold":414,"neow_bonus":"RANDOM_COMMON_RELIC","is_prod":false,"is_daily":false,"chose_seed":false,"campfire_upgraded":2,"win_rate":0,"timestamp":1548460872,"path_taken":["M","$","?","$","M","R","E","M","T","?","?","R","M","M","R","BOSS"],"build_version":"2019-01-23","purchased_purges":0,"victory":false,"max_hp_per_floor":[80,80,80,80,80,80,80,80,80,80,80,80,80,80,80,80],"card_choices":[{"not_picked":["Wild Strike","Sword Boomerang"],"picked":"Intimidate","floor":1},{"not_picked":["Pummel","Pommel Strike"],"picked":"Shockwave","floor":5},{"not_picked":["Sentinel","Shrug It Off"],"picked":"Infernal Blade","floor":7},{"not_picked":["Shockwave","Evolve"],"picked":"Seeing Red","floor":8},{"not_picked":["True Grit","Perfected Strike"],"picked":"Clash","floor":13},{"not_picked":["Corruption","Sword Boomerang"],"picked":"Dual Wield","floor":14}],"player_experience":1303632,"relics_obtained":[{"floor":7,"key":"Regal Pillow"},{"floor":9,"key":"Oddly Smooth Stone"}],"event_choices":[{"damage_healed":0,"gold_gain":0,"player_choice":"Ignored","damage_taken":0,"max_hp_gain":0,"max_hp_loss":0,"event_name":"Shining Light","floor":3,"gold_loss":0},{"cards_removed":["Strike_R"],"damage_healed":0,"gold_gain":0,"player_choice":"Card Removal","damage_taken":0,"max_hp_gain":0,"max_hp_loss":0,"event_name":"The Cleric","floor":10,"gold_loss":50},{"damage_healed":0,"gold_gain":0,"player_choice":"Take Wound","damage_taken":0,"relics_obtained":["Golden Idol"],"max_hp_gain":0,"max_hp_loss":0,"event_name":"Golden Idol","floor":11,"gold_loss":0,"cards_obtained":["Injury"]}],"is_beta":false,"boss_relics":[],"items_purged_floors":[],"is_endless":false,"potions_floor_spawned":[8,13,14],"killed_by":"Hexaghost","ascension_level":10}