{"gold_per_floor":[111,125,143,143,143,171,73,101,154,429,457,467,467,478,478,557,557,576,588,603,603,603,630,50,50,50,65,78,78,3,3,3,78,78,91,91,51,71,87,87],"floor_reached":40,"playtime":1547,"items_purged":["Regret"],"score":728,"play_id":"499c6159-d621-4b28-b01a-03e314819542","local_time":"20190324000054","is_ascension_mode":true,"campfire_choices":[{"floor":15,"key":"REST"},{"floor":29,"key":"REST"},{"data":"Uppercut","floor":32,"key":"SMITH"}],"neow_cost":"NONE","seed_source_timestamp":297596054701800,"circlet_count":0,"master_deck":["AscendersBane","Strike_R","Strike_R","Defend_R","Defend_R+1","Defend_R+1","Defend_R","Bash","Sword Boomerang+1","Carnage+1","Cleave+1","Cleave","Spot Weakness","Metallicize","Uppercut+1","Heavy Blade","Fiend Fire","Armaments+1","J.A.X.+1","Rampage","Evolve+1","Rage+1","Flex+1","Havoc+1","Limit Break+1","Inflame","Sentinel+1","True Grit+1"],"relics":["Black Blood","Centennial Puzzle","Meat on the Bone","Art of War","War Paint","Toxic Egg 2","Mark of Pain","Lantern","Prayer Wheel","Pantograph","Sling","Mercury Hourglass"],"potions_floor_usage":[6,6,8,8,11,16,16,19,20,27,33,39,39],"damage_taken":[{"damage":4,"enemies":"Small Slimes","floor":1,"turns":3},{"damage":6,"enemies":"Cultist","floor":2,"turns":3},{"damage":2,"enemies":"Jaw Worm","floor":3,"turns":3},{"damage":28,"enemies":"Lagavulin","floor":6,"turns":5},{"damage":8,"enemies":"Gremlin Nob","floor":8,"turns":3},{"damage":25,"enemies":"3 Sentries","floor":11,"turns":6},{"damage":5,"enemies":"Blue Slaver","floor":12,"turns":2},{"damage":22,"enemies":"Lots of Slimes","floor":14,"turns":3},{"damage":36,"enemies":"Slime Boss","floor":16,"turns":8},{"damage":25,"enemies":"2 Thieves","floor":18,"turns":3},{"damage":1,"enemies":"Shell Parasite","floor":19,"turns":2},{"damage":18,"enemies":"Snake Plant","floor":20,"turns":3},{"damage":44,"enemies":"Gremlin Leader","floor":23,"turns":5},{"damage":1,"enemies":"Shelled Parasite and Fungi","floor":27,"turns":2},{"damage":21,"enemies":"Centurion and Healer","floor":28,"turns":4},{"damage":70,"enemies":"Automaton","floor":33,"turns":7},{"damage":16,"enemies":"3 Darklings","floor":35,"turns":3},{"damage":8,"enemies":"3 Shapes","floor":38,"turns":3},{"damage":30,"enemies":"Jaw Worm Horde","floor":39,"turns":3},{"damage":60,"enemies":"Reptomancer","floor":40,"turns":5}],"seed_played":"7239517653717979725","potions_obtained":[{"floor":1,"key":"Regen Potion"},{"floor":2,"key":"EssenceOfSteel"},{"floor":12,"key":"Ancient Potion"},{"floor":14,"key":"Ancient Potion"},{"floor":18,"key":"FearPotion"},{"floor":19,"key":"Strength Potion"},{"floor":23,"key":"Explosive Potion"},{"floor":35,"key":"Swift Potion"},{"floor":37,"key":"Regen Potion"}],"is_trial":false,"path_per_floor":["M","M","M","?","?","E","$","E","T","?","E","M","?","M","R","B",null,"M","M","M","?","?","E","$","?","T","M","M","R","?","$","R","B",null,"M","?","?","M","M","E"],"character_chosen":"IRONCLAD","items_purchased":["EntropicBrew","Strength Potion","Pantograph","Sling"],"campfire_rested":2,"item_purchase_floors":[7,24,24,24],"current_hp_per_floor":[74,74,78,78,62,49,49,47,47,47,40,53,53,49,73,55,74,55,60,48,48,48,22,22,22,22,39,36,60,60,60,60,28,67,61,61,61,63,52,0],"gold":87,"neow_bonus":"RANDOM_COMMON_RELIC","is_prod":false,"is_daily":false,"chose_seed":false,"campfire_upgraded":1,"win_rate":0,"timestamp":1553382054,"path_taken":["M","M","M","?","?","E","$","E","T","?","E","?","?","M","R","BOSS","M","?","M","?","?","E","$","?","T","M","?","R","?","?","R","BOSS","M","?","?","M","?","E"],"build_version":"2019-01-23","purchased_purges":1,"victory":false,"max_hp_per_floor":[80,80,80,80,80,80,80,80,80,80,80,80,80,80,80,80,80,80,80,80,80,80,80,80,80,80,80,80,80,80,80,80,80,80,80,80,80,80,80,80],"card_choices":[{"not_picked":["Wild Strike","Warcry"],"picked":"Sword Boomerang","floor":1},{"not_picked":["Pommel Strike","Thunderclap"],"picked":"Carnage","floor":2},{"not_picked":["Warcry","Intimidate"],"picked":"Cleave","floor":3},{"not_picked":["Heavy Blade","Sword Boomerang"],"picked":"Cleave","floor":6},{"not_picked":["Body Slam","Twin Strike"],"picked":"Spot Weakness","floor":8},{"not_picked":["Warcry","Offering"],"picked":"Metallicize","floor":11},{"not_picked":["Clash","Sever Soul"],"picked":"Uppercut","floor":12},{"not_picked":["Pommel Strike","Perfected Strike"],"picked":"Heavy Blade","floor":14},{"not_picked":["Offering+1","Brutality"],"picked":"Fiend Fire","floor":16},{"not_picked":["Twin Strike","Dropkick","Warcry+1"],"picked":"SKIP","floor":18},{"not_picked":["Clash","Clothesline","Body Slam"],"picked":"SKIP","floor":19},{"not_picked":["Corruption","Fire Breathing"],"picked":"Armaments+1","floor":20},{"not_picked":["Clothesline+1","Clash"],"picked":"Rampage","floor":23},{"not_picked":["Cleave","Barricade"],"picked":"Evolve+1","floor":27},{"not_picked":["Blood for Blood+1","True Grit+1"],"picked":"Rage+1","floor":27},{"not_picked":["Metallicize","Bloodletting+1"],"picked":"Flex+1","floor":28},{"not_picked":["Headbutt","Pommel Strike"],"picked":"Havoc+1","floor":28},{"not_picked":["Bludgeon","Juggernaut"],"picked":"Limit Break+1","floor":33},{"not_picked":["Hemokinesis","Flex+1"],"picked":"Inflame","floor":35},{"not_picked":["Twin Strike","Warcry+1"],"picked":"Sentinel+1","floor":35},{"not_picked":["Thunderclap","Sword Boomerang+1"],"picked":"True Grit+1","floor":38},{"not_picked":["Cleave+1","Body Slam","Twin Strike"],"picked":"SKIP","floor":38},{"not_picked":["Headbutt","Warcry+1","Clash"],"picked":"SKIP","floor":39},{"not_picked":["Blood for Blood","Shrug It Off+1","Evolve"],"picked":"SKIP","floor":39}],"player_experience":1567443,"relics_obtained":[{"floor":6,"key":"Meat on the Bone"},{"floor":8,"key":"Art of War"},{"floor":9,"key":"War Paint"},{"floor":11,"key":"Toxic Egg 2"},{"floor":23,"key":"Prayer Wheel"},{"floor":26,"key":"Mercury Hourglass"}],"event_choices":[{"cards_removed":["Strike_R"],"damage_healed":0,"gold_gain":0,"player_choice":"Forget","damage_taken":0,"max_hp_gain":0,"max_hp_loss":0,"event_name":"Living Wall","floor":4,"gold_loss":0},{"damage_healed":0,"gold_gain":0,"player_choice":"Entered Light","damage_taken":16,"max_hp_gain":0,"max_hp_loss":0,"event_name":"Shining Light","floor":5,"gold_loss":0,"cards_upgraded":["Sword Boomerang","Cleave"]},{"damage_healed":0,"gold_gain":275,"player_choice":"Desecrate","damage_taken":0,"max_hp_gain":0,"max_hp_loss":0,"event_name":"Golden Shrine","floor":10,"gold_loss":0,"cards_obtained":["Regret"]},{"damage_healed":0,"gold_gain":0,"player_choice":"Upgraded","damage_taken":0,"max_hp_gain":0,"max_hp_loss":0,"event_name":"Upgrade Shrine","floor":13,"gold_loss":0,"cards_upgraded":["Carnage"]},{"damage_healed":0,"gold_gain":0,"player_choice":"Opened","damage_taken":0,"relics_obtained":["Lantern"],"max_hp_gain":0,"max_hp_loss":0,"event_name":"The Mausoleum","floor":21,"gold_loss":0,"cards_obtained":["Writhe"]},{"damage_healed":0,"gold_gain":0,"player_choice":"Obtain J.A.X.","damage_taken":0,"max_hp_gain":0,"max_hp_loss":0,"event_name":"Drug Dealer","floor":22,"gold_loss":0,"cards_obtained":["J.A.X."]},{"cards_removed":["Writhe"],"damage_healed":0,"gold_gain":0,"player_choice":"Removed Curses","damage_taken":0,"max_hp_gain":0,"max_hp_loss":0,"event_name":"Fountain of Cleansing","floor":25,"gold_loss":0},{"cards_removed":["Strike_R"],"damage_healed":0,"gold_gain":0,"player_choice":"Gave Gold","damage_taken":0,"max_hp_gain":0,"max_hp_loss":0,"event_name":"Beggar","floor":30,"gold_loss":75},{"cards_removed":["Strike_R"],"damage_healed":0,"gold_gain":0,"player_choice":"Removed Attack","damage_taken":0,"max_hp_gain":0,"max_hp_loss":0,"event_name":"Falling","floor":36,"gold_loss":0},{"damage_healed":0,"gold_gain":0,"player_choice":"Bought 3 Potions","damage_taken":0,"max_hp_gain":0,"max_hp_loss":0,"event_name":"The Woman in Blue","floor":37,"gold_loss":0}],"is_beta":false,"boss_relics":[{"not_picked":["Sozu","Fusion Hammer"],"picked":"Mark of Pain"},{"not_picked":["Orrery","Astrolabe"],"picked":"Black Blood"}],"items_purged_floors":[24],"is_endless":false,"potions_floor_spawned":[1,2,12,14,18,19,23,35],"killed_by":"Reptomancer","ascension_level":13}