{"gold_per_floor":[115,115,115,115,131,171,171,96,119,119,143,49,115,130,130,250,250,274,348,412,462,481,510,520,549,549,549,559,559,594,644,644,644],"floor_reached":33,"playtime":2353,"items_purged":["Injury"],"score":465,"play_id":"629ba98a-bf2d-4851-960a-7b094064e585","local_time":"20190123142623","is_ascension_mode":true,"campfire_choices":[{"data":"Chaos","floor":7,"key":"SMITH"},{"floor":15,"key":"REST"},{"floor":27,"key":"REST"},{"floor":29,"key":"REST"},{"floor":32,"key":"REST"}],"neow_cost":"NONE","seed_source_timestamp":1163942869618300,"circlet_count":0,"master_deck":["Strike_B+1","Strike_B","Strike_B+1","Defend_B","Defend_B+1","Defend_B","Defend_B","Zap","Dualcast","Chaos+1","Chaos","Seek","Static Discharge","Rebound+1","Streamline","Redo","Electrodynamics","Hologram","Glacier","Stack","Double Energy+1","Turbo+1","Leap","Self Repair+1","Hologram","Writhe"],"relics":["Cracked Core","NeowsBlessing","Bloody Idol","Ginger","DataDisk","SsserpentHead","Runic Pyramid","Shuriken","Juzu Bracelet","Letter Opener","Whetstone","Prayer Wheel"],"potions_floor_usage":[16,16,19,23,24,25,30],"damage_taken":[{"damage":0,"enemies":"Jaw Worm","floor":1,"turns":1},{"damage":0,"enemies":"2 Louse","floor":5,"turns":1},{"damage":0,"enemies":"Lagavulin","floor":6,"turns":1},{"damage":5,"enemies":"Small Slimes","floor":11,"turns":4},{"damage":3,"enemies":"3 Louse","floor":13,"turns":4},{"damage":8,"enemies":"Exordium Thugs","floor":14,"turns":3},{"damage":35,"enemies":"Slime Boss","floor":16,"turns":7},{"damage":7,"enemies":"3 Byrds","floor":18,"turns":2},{"damage":21,"enemies":"2 Thieves","floor":19,"turns":3},{"damage":8,"enemies":"Centurion and Healer","floor":20,"turns":6},{"damage":1,"enemies":"Snecko","floor":22,"turns":5},{"damage":10,"enemies":"Gremlin Leader","floor":23,"turns":4},{"damage":0,"enemies":"Shelled Parasite and Fungi","floor":24,"turns":8},{"damage":25,"enemies":"Slavers","floor":25,"turns":4},{"damage":24,"enemies":"Snake Plant","floor":28,"turns":3},{"damage":18,"enemies":"Gremlin Leader","floor":30,"turns":7},{"damage":72,"enemies":"Champ","floor":33,"turns":9}],"seed_played":"7130070542779298740","potions_obtained":[{"floor":1,"key":"FocusPotion"},{"floor":13,"key":"Explosive Potion"},{"floor":14,"key":"Strength Potion"},{"floor":16,"key":"AttackPotion"},{"floor":23,"key":"EssenceOfSteel"},{"floor":24,"key":"Weak Potion"},{"floor":28,"key":"PowerPotion"},{"floor":30,"key":"Energy Potion"}],"is_trial":false,"path_per_floor":["M","?","?","?","M","E","R","$","T","?","M","$","M","M","R","B",null,"M","M","M","?","M","E","M","E","T","R","M","R","E","?","R","B"],"character_chosen":"DEFECT","items_purchased":["Static Discharge","Rebound"],"campfire_rested":4,"item_purchase_floors":[12,12],"current_hp_per_floor":[68,68,68,53,53,53,53,53,53,53,48,48,45,37,59,24,62,55,34,26,26,30,25,30,10,10,32,13,35,42,47,69,0],"gold":644,"neow_bonus":"THREE_ENEMY_KILL","is_prod":false,"is_daily":false,"chose_seed":false,"campfire_upgraded":1,"win_rate":0,"timestamp":1548249983,"path_taken":["M","?","?","?","M","E","R","$","T","?","M","$","?","M","R","BOSS","M","?","?","?","M","E","M","E","T","R","M","R","E","?","R","BOSS"],"build_version":"2019-01-17v2","purchased_purges":1,"victory":false,"max_hp_per_floor":[75,75,75,75,75,75,75,75,75,75,75,75,75,75,75,75,75,75,75,75,75,75,75,75,75,75,75,75,75,75,75,75,75],"card_choices":[{"not_picked":["Reprogram","Beam Cell","Gash"],"picked":"SKIP","floor":1},{"not_picked":["Cold Snap","Ball Lightning"],"picked":"Chaos","floor":5},{"not_picked":["Loop","Rip and Tear"],"picked":"Chaos","floor":6},{"not_picked":["Gash","Barrage"],"picked":"Seek","floor":11},{"not_picked":["Reprogram","Ball Lightning"],"picked":"Streamline","floor":13},{"not_picked":["Turbo","Darkness"],"picked":"Redo","floor":14},{"not_picked":["Hyperbeam","Buffer"],"picked":"Electrodynamics","floor":16},{"not_picked":["Capacitor+1","Coolheaded"],"picked":"Hologram","floor":18},{"not_picked":["Stack","All For One"],"picked":"Glacier","floor":19},{"not_picked":["Hello World+1","Go for the Eyes+1"],"picked":"Stack","floor":20},{"not_picked":["Static Discharge+1","Darkness"],"picked":"Double Energy+1","floor":22},{"not_picked":["Cold Snap+1","Streamline","Rip and Tear+1"],"picked":"SKIP","floor":23},{"not_picked":["Rebound","Chill"],"picked":"Turbo+1","floor":24},{"not_picked":["Rip and Tear+1","Hyperbeam"],"picked":"Leap","floor":25},{"not_picked":["Stack","Gash"],"picked":"Self Repair+1","floor":28},{"not_picked":["Hello World+1","Coolheaded"],"picked":"Hologram","floor":30}],"player_experience":1277773,"relics_obtained":[{"floor":6,"key":"Ginger"},{"floor":9,"key":"DataDisk"},{"floor":23,"key":"Shuriken"},{"floor":25,"key":"Juzu Bracelet"},{"floor":26,"key":"Letter Opener"},{"floor":30,"key":"Whetstone"}],"event_choices":[{"cards_removed":["Strike_B"],"damage_healed":0,"gold_gain":0,"player_choice":"Forget","damage_taken":0,"max_hp_gain":0,"max_hp_loss":0,"event_name":"Living Wall","floor":2,"gold_loss":0},{"damage_healed":0,"gold_gain":0,"player_choice":"Take Wound","damage_taken":0,"relics_obtained":["Golden Idol"],"max_hp_gain":0,"max_hp_loss":0,"event_name":"Golden Idol","floor":3,"gold_loss":0,"cards_obtained":["Injury"]},{"damage_healed":0,"gold_gain":0,"player_choice":"Entered Light","damage_taken":15,"max_hp_gain":0,"max_hp_loss":0,"event_name":"Shining Light","floor":4,"gold_loss":0,"cards_upgraded":["Strike_B","Defend_B"]},{"damage_healed":0,"gold_gain":0,"player_choice":"Trade","damage_taken":0,"relics_obtained":["SsserpentHead"],"max_hp_gain":0,"max_hp_loss":0,"event_name":"FaceTrader","floor":10,"gold_loss":0},{"damage_healed":0,"gold_gain":0,"player_choice":"Gave Idol","damage_taken":0,"relics_obtained":["Bloody Idol"],"max_hp_gain":0,"max_hp_loss":0,"event_name":"Forgotten Altar","floor":21,"relics_lost":["Golden Idol"],"gold_loss":0},{"damage_healed":0,"gold_gain":0,"player_choice":"Opened","damage_taken":0,"relics_obtained":["Prayer Wheel"],"max_hp_gain":0,"max_hp_loss":0,"event_name":"The Mausoleum","floor":31,"gold_loss":0,"cards_obtained":["Writhe"]}],"is_beta":false,"boss_relics":[{"not_picked":["Snecko Eye","Eternal Feather"],"picked":"Runic Pyramid"}],"items_purged_floors":[8],"is_endless":false,"potions_floor_spawned":[1,13,14,16,23,24,28,30],"killed_by":"Champ","ascension_level":8}