{"gold_per_floor":[116,116,191,201,376,408,418,418,445,477,477,477,497,797,797,901,951,962,962],"floor_reached":19,"playtime":1339,"items_purged":[],"score":263,"play_id":"873a26fe-4cad-4fd1-8153-0d7a38591835","local_time":"20190424190125","is_ascension_mode":true,"campfire_choices":[{"floor":8,"key":"REST"},{"floor":12,"key":"REST"},{"floor":15,"key":"REST"}],"neow_cost":"NONE","seed_source_timestamp":25040276978141,"circlet_count":0,"master_deck":["AscendersBane","Defend_G","Defend_G","Defend_G+1","Defend_G","Defend_G+1","Strike_G","Strike_G","Strike_G","Strike_G","Strike_G","Survivor","Neutralize","Skewer","Regret","Infinite Blades","Doubt","Finisher+1","Calculated Gamble","Bouncing Flask","Quick Slash","Storm of Steel","Blade Dance","Choke+1"],"relics":["Black Star","Boot","Bag of Preparation","Smiling Mask","War Paint","Letter Opener","Blood Vial","Old Coin","Tiny House"],"potions_floor_usage":[10,10,10,16,16,16,17],"damage_taken":[{"damage":1,"enemies":"2 Louse","floor":1,"turns":4},{"damage":4,"enemies":"Jaw Worm","floor":4,"turns":6},{"damage":32,"enemies":"Lagavulin","floor":6,"turns":10},{"damage":12,"enemies":"Small Slimes","floor":7,"turns":4},{"damage":17,"enemies":"3 Sentries","floor":10,"turns":11},{"damage":6,"enemies":"3 Louse","floor":13,"turns":3},{"damage":22,"enemies":"Hexaghost","floor":16,"turns":11},{"damage":22,"enemies":"Chosen","floor":18,"turns":6},{"damage":53,"enemies":"Shell Parasite","floor":19,"turns":6}],"seed_played":"-8910100116074902366","potions_obtained":[{"floor":1,"key":"Energy Potion"},{"floor":6,"key":"Block Potion"},{"floor":7,"key":"PowerPotion"},{"floor":10,"key":"SteroidPotion"},{"floor":11,"key":"Explosive Potion"},{"floor":11,"key":"GhostInAJar"},{"floor":17,"key":"Fruit Juice"},{"floor":18,"key":"Poison Potion"}],"is_trial":false,"path_per_floor":["M","?","?","M","?","E","M","R","T","E","?","R","M","?","R","B",null,"M","M"],"character_chosen":"THE_SILENT","items_purchased":[],"campfire_rested":3,"item_purchase_floors":[],"current_hp_per_floor":[62,62,51,47,47,15,3,24,24,7,7,28,24,6,27,7,64,44,0],"gold":962,"neow_bonus":"BOSS_RELIC","is_prod":false,"is_daily":false,"chose_seed":false,"campfire_upgraded":0,"win_rate":0,"timestamp":1556157685,"path_taken":["M","?","?","M","?","E","M","R","T","E","?","R","?","?","R","BOSS","M","M"],"build_version":"2019-01-23","purchased_purges":0,"victory":false,"max_hp_per_floor":[70,70,70,70,70,70,70,70,70,70,70,70,70,70,70,70,80,80,80],"card_choices":[{"not_picked":["Prepared","Bouncing Flask"],"picked":"Skewer","floor":1},{"not_picked":["Blade Dance","Caltrops"],"picked":"Infinite Blades","floor":4},{"not_picked":["Leg Sweep","Expertise"],"picked":"Finisher","floor":6},{"not_picked":["Deadly Poison","Reflex"],"picked":"Calculated Gamble","floor":7},{"not_picked":["Blade Dance","Sucker Punch"],"picked":"Bouncing Flask","floor":10},{"not_picked":["Flying Knee","Phantasmal Killer"],"picked":"Quick Slash","floor":13},{"not_picked":["Doppelganger","Tools of the Trade"],"picked":"Storm of Steel","floor":16},{"not_picked":["Sucker Punch","Underhanded Strike"],"picked":"Blade Dance","floor":17},{"not_picked":["Bane+1","Poisoned Stab"],"picked":"Choke+1","floor":18}],"player_experience":1470451,"relics_obtained":[{"floor":6,"key":"Bag of Preparation"},{"floor":6,"key":"Smiling Mask"},{"floor":9,"key":"War Paint"},{"floor":10,"key":"Letter Opener"},{"floor":10,"key":"Blood Vial"}],"event_choices":[{"damage_healed":0,"gold_gain":0,"player_choice":"Box","damage_taken":0,"relics_obtained":["Boot"],"max_hp_gain":0,"max_hp_loss":0,"event_name":"Big Fish","floor":2,"gold_loss":0,"cards_obtained":["Regret"]},{"damage_healed":0,"gold_gain":75,"player_choice":"Gather Gold","damage_taken":11,"max_hp_gain":0,"max_hp_loss":0,"event_name":"World of Goop","floor":3,"gold_loss":0},{"damage_healed":0,"gold_gain":175,"player_choice":"AGREE","damage_taken":0,"max_hp_gain":0,"max_hp_loss":0,"event_name":"Liars Game","floor":5,"gold_loss":0,"cards_obtained":["Doubt"]},{"damage_healed":0,"gold_gain":0,"player_choice":"Got Potions","damage_taken":0,"max_hp_gain":0,"max_hp_loss":0,"event_name":"Lab","floor":11,"gold_loss":0},{"damage_healed":0,"gold_gain":0,"player_choice":"Success","damage_taken":18,"relics_obtained":["Old Coin"],"max_hp_gain":0,"max_hp_loss":0,"event_name":"Scrap Ooze","floor":14,"gold_loss":0}],"is_beta":false,"boss_relics":[{"not_picked":["Runic Dome","Astrolabe"],"picked":"Tiny House"}],"items_purged_floors":[],"is_endless":false,"potions_floor_spawned":[1,6,7,10,18],"killed_by":"Shell Parasite","ascension_level":10}