{"path_per_floor":["M","?","$","?","M","R","M","M","T","$","R","M","R","M","R","B",null,"M","$","M","M","?","R","$","R","T","M","?","M","M","M","R"],"character_chosen":"THE_SILENT","items_purchased":["Sucker Punch","Noxious Fumes","PiercingWail","Deadly Poison","Dash","Bandage Up","Caltrops"],"gold_per_floor":[111,186,78,78,92,92,105,119,119,93,93,109,109,127,127,223,223,241,45,56,66,116,116,82,82,82,95,95,106,120,137,137],"floor_reached":33,"campfire_rested":3,"playtime":3425,"current_hp_per_floor":[68,57,57,70,69,69,69,54,54,54,70,70,70,70,70,54,70,66,66,61,45,45,66,66,66,66,57,57,35,34,25,61],"items_purged":[],"gold":137,"play_id":"7724f528-601c-4995-b8ea-566078b01dad","is_prod":false,"is_daily":false,"is_ascension_mode":false,"campfire_upgraded":4,"path_taken":["M","?","?","?","M","R","?","M","T","$","R","?","R","M","R","BOSS","M","$","?","M","?","R","?","R","T","M","?","?","M","M","R","BOSS"],"build_version":"2018-01-25-PROD3","purchased_purges":0,"victory":false,"master_deck":["Defend_G","Defend_G","Defend_G","Defend_G","Defend_G","Strike_G","Strike_G","Strike_G","Strike_G","Strike_G","Survivor","Neutralize","Sucker Punch+1","Sucker Punch","Noxious Fumes+1","Bane","Poisoned Stab","Predator+1","PiercingWail","Deflect","Leg Sweep+1","Corpse Explosion","Distraction+1","Deadly Poison","Dash","Bandage Up","Night Terror","Dodge and Roll","Caltrops","Bane+1","Bouncing Flask","Caltrops+1","Flechettes+1"],"max_hp_per_floor":[70,70,70,70,70,70,70,70,70,70,70,70,70,70,70,70,70,70,70,70,70,70,70,70,70,70,70,70,70,70,70,70],"relics":["Ring of the Snake","Torii","The Specimen","Regal Pillow","Pen Nib"],"card_choices":[{"not_picked":["Dagger Spray","All Out Attack"],"picked":"Sucker Punch"},{"not_picked":["Flying Knee","All Out Attack"],"picked":"Bane"},{"not_picked":["Slice","Flechettes"],"picked":"Poisoned Stab"},{"not_picked":["Slice","Endless Agony"],"picked":"Predator"},{"not_picked":["Quick Slash","Noxious Fumes"],"picked":"Deflect"},{"not_picked":["Infinite Blades","Deflect"],"picked":"Leg Sweep"},{"not_picked":["Phantasmal Killer","After Image"],"picked":"Corpse Explosion"},{"not_picked":["Quick Slash","Backflip"],"picked":"Distraction"},{"not_picked":["Outmaneuver","Acrobatics"],"picked":"Night Terror"},{"not_picked":["Poisoned Stab","PiercingWail"],"picked":"Dodge and Roll"},{"not_picked":["Malaise","Outmaneuver"],"picked":"Bane"},{"not_picked":["Poisoned Stab","Backflip"],"picked":"Bouncing Flask"},{"not_picked":["Masterful Stab","Deadly Poison"],"picked":"Caltrops"},{"not_picked":["Finisher","Dagger Throw"],"picked":"Flechettes"}],"player_experience":14304,"potions_floor_usage":[29,30,33],"damage_taken":[{"damage":2,"enemies":"Small Slimes","floor":1,"turns":6},{"damage":1,"enemies":"Cultist","floor":5,"turns":4},{"damage":0,"enemies":"Blue Slaver","floor":7,"turns":4},{"damage":15,"enemies":"Lots of Slimes","floor":8,"turns":4},{"damage":0,"enemies":"Red Slaver","floor":12,"turns":4},{"damage":0,"enemies":"Gremlin Gang","floor":14,"turns":5},{"damage":16,"enemies":"The Guardian","floor":16,"turns":14},{"damage":4,"enemies":"Spheric Guardian","floor":18,"turns":8},{"damage":9,"enemies":"Chosen","floor":20,"turns":6},{"damage":20,"enemies":"Centurion and Healer","floor":21,"turns":11},{"damage":13,"enemies":"Snecko","floor":27,"turns":7},{"damage":38,"enemies":"3 Cultists","floor":29,"turns":5},{"damage":5,"enemies":"Slaver and Parasite","floor":30,"turns":6},{"damage":9,"enemies":"Snake Plant","floor":31,"turns":3},{"damage":68,"enemies":"Automaton","floor":33,"turns":6}],"event_choices":[{"event_name":"World of Goop","player_choice":"Gather Gold","floor":2,"damage_taken":0},{"event_name":"Wheel of Change","player_choice":"Full Heal","floor":4,"damage_taken":0},{"event_name":"The Joust","player_choice":"Bet on Murderer","floor":22,"damage_taken":0},{"event_name":"The Mausoleum","player_choice":"Yes","floor":28,"damage_taken":0}],"boss_relics":[{"not_picked":["Philosopher\u0027s Stone","Sozu"],"picked":"The Specimen"}],"potions_floor_spawned":[5,7,20,21,29],"seed_played":"-8351529754277223095","killed_by":"Automaton","ascension_level":0,"is_trial":false}