{"gold_per_floor":[109,89,107,282,297,297,313,313,313,347,272,288,323,336,336,439,439,452,452,10,26,0,0,16,16,16,36,36,36,47,57,57,153,153,169,269,280,32,32,32,32,32,58,58,58,58,70,86,86,86],"floor_reached":51,"playtime":4924,"items_purged":["Strike_B","Strike_B"],"score":632,"play_id":"d8ce6179-5692-4d7c-b5ef-dc47660ea3ce","local_time":"20181126000419","is_ascension_mode":false,"campfire_choices":[{"data":"Chill","floor":6.0,"key":"SMITH"},{"data":"Ball Lightning","floor":8.0,"key":"SMITH"},{"data":"Creative AI","floor":15.0,"key":"SMITH"},{"data":"Cold Snap","floor":23.0,"key":"SMITH"},{"data":"Loop","floor":25.0,"key":"SMITH"},{"floor":32.0,"key":"REST"},{"floor":40,"key":"REST"},{"data":"Barrage","floor":41,"key":"SMITH"},{"floor":49,"key":"REST"}],"neow_cost":"NONE","seed_source_timestamp":252471098611023,"circlet_count":0,"master_deck":["Strike_B","Strike_B","Defend_B","Defend_B","Defend_B","Defend_B","Zap","Dualcast","Ball Lightning+1","Cold Snap+1","Doubt","Chill+1","Self Repair","Echo Form","Chaos+1","Creative AI+1","Loop+1","Multi-Cast+1","Cold Snap","Glacier+1","Cold Snap","Barrage+1","BootSequence+1","Defragment+1","Dark Shackles+1","Madness+1","Madness+1"],"special_seed":0,"relics":["Cracked Core","Toxic Egg 2","Darkstone Periapt","Vajra","Sozu","Runic Capacitor","Lantern","Blue Candle","Inserter","WingedGreaves","Cables","Potion Belt"],"potions_floor_usage":[],"damage_taken":[{"damage":0.0,"enemies":"Small Slimes","floor":1.0,"turns":2.0},{"damage":0.0,"enemies":"Cultist","floor":3.0,"turns":3.0},{"damage":0.0,"enemies":"2 Louse","floor":5.0,"turns":2.0},{"damage":3.0,"enemies":"Blue Slaver","floor":7.0,"turns":3.0},{"damage":22.0,"enemies":"Gremlin Nob","floor":10.0,"turns":4.0},{"damage":5.0,"enemies":"Lots of Slimes","floor":12.0,"turns":5.0},{"damage":24.0,"enemies":"Lagavulin","floor":13.0,"turns":6.0},{"damage":6.0,"enemies":"Looter","floor":14.0,"turns":3.0},{"damage":37.0,"enemies":"The Guardian","floor":16.0,"turns":8.0},{"damage":25.0,"enemies":"Spheric Guardian","floor":18.0,"turns":4.0},{"damage":0.0,"enemies":"Colosseum Slavers","floor":19.0,"turns":1.0},{"damage":4.0,"enemies":"Chosen","floor":21.0,"turns":5.0},{"damage":5.0,"enemies":"Sentry and Sphere","floor":24.0,"turns":8.0},{"damage":0.0,"enemies":"Centurion and Healer","floor":27.0,"turns":4.0},{"damage":0.0,"enemies":"3 Cultists","floor":30.0,"turns":5.0},{"damage":40.0,"enemies":"Cultist and Chosen","floor":31.0,"turns":6.0},{"damage":17,"enemies":"Automaton","floor":33,"turns":10},{"damage":25,"enemies":"Orb Walker","floor":35,"turns":5},{"damage":28,"enemies":"Mind Bloom Boss Battle","floor":36,"turns":5},{"damage":0,"enemies":"3 Shapes","floor":37,"turns":56},{"damage":25,"enemies":"Transient","floor":47,"turns":5},{"damage":3,"enemies":"Spire Growth","floor":48,"turns":6},{"damage":35,"enemies":"Donu and Deca","floor":50,"turns":8}],"seed_played":"-2405008161303041143","potions_obtained":[{"floor":2.0,"key":"SmokeBomb"},{"floor":3.0,"key":"Regen Potion"},{"floor":5.0,"key":"Swift Potion"},{"floor":12.0,"key":"Regen Potion"},{"floor":13.0,"key":"FocusPotion"}],"is_trial":false,"path_per_floor":["M","?","M","?","M","R","M","R","T","E","$","M","E","M","R","B",null,"M","?","$","M","?","R","M","R","T","M","?","$","M","M","R","B",null,"M","?","M","$","?","R","R","$","T","?","?","?","M","M","R","B",null],"character_chosen":"DEFECT","items_purchased":["Runic Capacitor","Lantern","Cables"],"campfire_rested":3,"item_purchase_floors":[20,20,38],"current_hp_per_floor":[75,75,75,75,75,75,72,72,72,57,57,75,58,52,52,30,75,64,64,64,67,67,67,69,69,69,69,69,69,75,42,64,54,75,64,43,50,50,50,72,72,72,72,72,63,63,38,42,64,29],"gold":86,"neow_bonus":"THREE_CARDS","is_prod":false,"is_daily":false,"chose_seed":false,"campfire_upgraded":6,"win_rate":0,"timestamp":1543158259,"path_taken":["M","?","?","?","M","R","M","R","T","E","$","M","E","M","R","BOSS","M","?","$","M","?","R","M","R","T","M","?","?","?","M","R","BOSS","M","?","M","$","?","R","R","$","T","?","?","?","?","M","R","BOSS"],"build_version":"2018-11-15","purchased_purges":2,"victory":true,"max_hp_per_floor":[75,75,75,75,75,75,75,75,75,75,75,75,75,75,75,75,75,75,75,75,75,75,75,75,75,75,75,75,75,75,75,75,75,75,75,75,75,75,75,75,75,75,75,75,75,75,75,75,75,75],"card_choices":[{"not_picked":["Rebound","Consume"],"picked":"Ball Lightning","floor":0.0},{"not_picked":["Compile Driver","Aggregate","Turbo"],"picked":"SKIP","floor":1.0},{"not_picked":["Rebound","Turbo"],"picked":"Cold Snap","floor":3.0},{"not_picked":["Scrape","Self Repair"],"picked":"Chill","floor":5.0},{"not_picked":["Melter","Steam"],"picked":"Self Repair","floor":7.0},{"not_picked":["Compile Driver","Hello World"],"picked":"Echo Form","floor":10.0},{"not_picked":["Stack+1","Barrage"],"picked":"Chaos+1","floor":12.0},{"not_picked":["Conserve Battery+1","Sweeping Beam"],"picked":"Creative AI","floor":13.0},{"not_picked":["Undo+1","Steam+1"],"picked":"Loop","floor":14.0},{"not_picked":["Fission+1","All For One"],"picked":"Multi-Cast+1","floor":16.0},{"not_picked":["Leap+1","Reprogram+1"],"picked":"Cold Snap","floor":18.0},{"not_picked":["Loop","Beam Cell"],"picked":"Glacier+1","floor":21.0},{"not_picked":["Coolheaded+1","BootSequence+1"],"picked":"Static Discharge+1","floor":24.0},{"not_picked":["Turbo+1","Rebound"],"picked":"Cold Snap","floor":27.0},{"not_picked":["Go for the Eyes+1","Loop+1","All For One"],"picked":"SKIP","floor":30.0},{"not_picked":["Gash+1","Compile Driver"],"picked":"Barrage","floor":31.0},{"not_picked":["Stack+1","Cold Snap+1"],"picked":"BootSequence+1","floor":35},{"not_picked":["Skim+1","Hello World"],"picked":"Defragment+1","floor":37},{"not_picked":["Deep Breath+1","Panache"],"picked":"Dark Shackles+1","floor":39},{"not_picked":["Leap+1","Double Energy+1","Tempest+1"],"picked":"SKIP","floor":47},{"not_picked":["Rebound","Go for the Eyes","Turbo+1"],"picked":"SKIP","floor":48}],"player_experience":93662,"relics_obtained":[{"floor":9.0,"key":"Toxic Egg 2"},{"floor":10.0,"key":"Darkstone Periapt"},{"floor":13.0,"key":"Vajra"},{"floor":26.0,"key":"Blue Candle"},{"floor":36,"key":"WingedGreaves"},{"floor":43,"key":"Potion Belt"}],"event_choices":[{"damage_healed":0.0,"max_hp_gain":0.0,"max_hp_loss":0.0,"gold_gain":0.0,"event_name":"The Woman in Blue","player_choice":"Bought 1 Potion","floor":2.0,"gold_loss":0.0,"damage_taken":0.0},{"damage_healed":0.0,"max_hp_gain":0.0,"max_hp_loss":0.0,"gold_gain":175.0,"event_name":"Liars Game","player_choice":"AGREE","floor":4.0,"gold_loss":0.0,"damage_taken":0.0,"cards_obtained":["Doubt"]},{"damage_healed":0.0,"max_hp_gain":0.0,"max_hp_loss":0.0,"gold_gain":0.0,"event_name":"Colosseum","player_choice":"Fight","floor":19.0,"gold_loss":0.0,"damage_taken":0.0},{"damage_healed":0.0,"max_hp_gain":0.0,"max_hp_loss":0.0,"gold_gain":0.0,"event_name":"Colosseum","player_choice":"Fled From Nobs","floor":19.0,"gold_loss":0.0,"damage_taken":0.0},{"damage_healed":0.0,"max_hp_gain":0.0,"max_hp_loss":0.0,"gold_gain":0.0,"event_name":"Masked Bandits","player_choice":"Paid Fearfully","floor":22.0,"gold_loss":26.0,"damage_taken":0.0},{"damage_healed":0.0,"max_hp_gain":0.0,"max_hp_loss":0.0,"gold_gain":0.0,"event_name":"Ghosts","player_choice":"Ignored","floor":28.0,"gold_loss":0.0,"damage_taken":0.0},{"damage_healed":0,"gold_gain":0,"player_choice":"Fight","damage_taken":0,"max_hp_gain":0,"max_hp_loss":0,"event_name":"MindBloom","floor":36,"gold_loss":0},{"damage_healed":0,"gold_gain":0,"player_choice":"Memory 1","damage_taken":0,"max_hp_gain":0,"max_hp_loss":0,"event_name":"SensoryStone","floor":39,"gold_loss":0},{"cards_removed":["Static Discharge"],"damage_healed":0,"gold_gain":0,"player_choice":"Removed Power","damage_taken":0,"max_hp_gain":0,"max_hp_loss":0,"event_name":"Falling","floor":44,"gold_loss":0},{"damage_healed":0,"gold_gain":0,"player_choice":"Embrace Madness","damage_taken":9,"max_hp_gain":0,"max_hp_loss":0,"event_name":"Winding Halls","floor":45,"gold_loss":0,"cards_obtained":["Madness","Madness"]},{"damage_healed":0,"gold_gain":0,"player_choice":"Ignored","damage_taken":0,"max_hp_gain":0,"max_hp_loss":0,"event_name":"Mysterious Sphere","floor":46,"gold_loss":0}],"is_beta":false,"boss_relics":[{"not_picked":["Tiny House","Cursed Key"],"picked":"Sozu"},{"not_picked":["Philosopher\u0027s Stone","Eternal Feather"],"picked":"Inserter"}],"items_purged_floors":[11,20],"is_endless":false,"potions_floor_spawned":[3,5,12,13,27,30,47,48],"ascension_level":0}