{"gold_per_floor":[118,131,27,102,113,143,143,157,157,11,11,27,41,51,51,150,150,167,180,180,194,125,150,150,150,177,177,29,29,29,39,39,39],"floor_reached":33,"playtime":2215,"items_purged":["Defend_G"],"score":292,"play_id":"a6f20d0c-6167-4cf2-b065-51f00730aafc","local_time":"20181024225247","is_ascension_mode":false,"campfire_choices":[{"floor":7,"key":"REST"},{"floor":15,"key":"REST"},{"floor":24,"key":"REST"},{"data":"Burst","floor":27,"key":"SMITH"},{"data":"Calculated Gamble","floor":29,"key":"SMITH"},{"data":"Footwork","floor":32,"key":"SMITH"}],"neow_cost":"NONE","seed_source_timestamp":5306506929400,"circlet_count":0,"master_deck":["Defend_G","Defend_G","Defend_G","Strike_G+1","Strike_G","Survivor","Neutralize","Underhanded Strike","Dagger Spray","Calculated Gamble+1","Well Laid Plans+1","Footwork+1","Backflip","Caltrops","Burst+1","Finisher+1","Corpse Explosion+1","Catalyst+1","Deadly Poison+1","Catalyst","Venomology"],"relics":["Ring of the Snake","Centennial Puzzle","Regal Pillow","Blue Candle","Astrolabe","Incense Burner","Oddly Smooth Stone","Bag of Preparation"],"potions_floor_usage":[6,19,21,23,31,33],"damage_taken":[{"damage":0,"enemies":"Cultist","floor":1,"turns":4},{"damage":5,"enemies":"Small Slimes","floor":2,"turns":3},{"damage":0,"enemies":"2 Louse","floor":5,"turns":2},{"damage":20,"enemies":"Gremlin Nob","floor":6,"turns":5},{"damage":0,"enemies":"Red Slaver","floor":8,"turns":5},{"damage":6,"enemies":"Lots of Slimes","floor":12,"turns":3},{"damage":3,"enemies":"Large Slime","floor":13,"turns":7},{"damage":1,"enemies":"Exordium Wildlife","floor":14,"turns":5},{"damage":40,"enemies":"The Guardian","floor":16,"turns":14},{"damage":13,"enemies":"Spheric Guardian","floor":18,"turns":4},{"damage":8,"enemies":"2 Thieves","floor":19,"turns":3},{"damage":7,"enemies":"Centurion and Healer","floor":21,"turns":3},{"damage":20,"enemies":"Book of Stabbing","floor":23,"turns":3},{"damage":5,"enemies":"Snake Plant","floor":31,"turns":3},{"damage":58,"enemies":"Collector","floor":33,"turns":10}],"seed_played":"-2781974032343420287","potions_obtained":[{"floor":1,"key":"Block Potion"},{"floor":2,"key":"AttackPotion"},{"floor":6,"key":"Regen Potion"},{"floor":21,"key":"LiquidBronze"}],"is_trial":false,"path_per_floor":["M","M","$","?","M","E","R","M","T","$","?","M","M","M","R","B",null,"M","M","?","M","$","E","R","?","T","R","$","R","?","M","R"],"character_chosen":"THE_SILENT","items_purchased":["Calculated Gamble","Well Laid Plans","Caltrops","Catalyst","Bag of Preparation"],"campfire_rested":3,"item_purchase_floors":[3,3,10,22,28],"current_hp_per_floor":[70,65,65,54,54,34,70,70,70,70,56,50,47,46,70,30,70,57,49,36,41,41,21,58,58,58,58,58,58,58,53,53,0],"gold":39,"neow_bonus":"RANDOM_COMMON_RELIC","is_prod":false,"is_daily":false,"chose_seed":false,"campfire_upgraded":3,"win_rate":0,"timestamp":1540414367,"path_taken":["M","?","$","?","?","E","R","M","T","$","?","M","?","M","R","BOSS","M","?","?","?","$","E","R","?","T","R","$","R","?","M","R","BOSS"],"build_version":"2018-10-18","purchased_purges":1,"victory":false,"max_hp_per_floor":[70,70,70,70,70,70,70,70,70,70,70,70,70,70,70,70,70,70,70,75,75,75,75,75,75,75,75,75,75,75,75,75,75],"card_choices":[{"not_picked":["Finisher","Setup"],"picked":"Underhanded Strike","floor":1},{"not_picked":["Dodge and Roll","Choke"],"picked":"Dagger Spray","floor":2},{"not_picked":["Dash","Backstab"],"picked":"Footwork","floor":5},{"not_picked":["Expertise","Poisoned Stab","Deadly Poison"],"picked":"SKIP","floor":6},{"not_picked":["Poisoned Stab","Cloak And Dagger"],"picked":"Backflip","floor":8},{"not_picked":["All Out Attack","Malaise","Cloak And Dagger"],"picked":"SKIP","floor":12},{"not_picked":["Concentrate","Finisher","All Out Attack"],"picked":"SKIP","floor":13},{"not_picked":["Slice","Cloak And Dagger","Deadly Poison"],"picked":"SKIP","floor":14},{"not_picked":["Night Terror","Wraith Form v2"],"picked":"Burst","floor":16},{"not_picked":["Flechettes","Quick Slash","Prepared"],"picked":"SKIP","floor":18},{"not_picked":["Caltrops+1","Cloak And Dagger+1"],"picked":"Deadly Poison+1","floor":19},{"not_picked":["Endless Agony","Dagger Spray","Quick Slash+1"],"picked":"SKIP","floor":21},{"not_picked":["Underhanded Strike+1","Unload","Cloak And Dagger"],"picked":"SKIP","floor":23},{"not_picked":["Backstab+1","Endless Agony+1","Prepared"],"picked":"SKIP","floor":31}],"player_experience":761407,"relics_obtained":[{"floor":6,"key":"Regal Pillow"},{"floor":9,"key":"Blue Candle"},{"floor":23,"key":"Incense Burner"},{"floor":26,"key":"Oddly Smooth Stone"}],"event_choices":[{"damage_healed":0,"gold_gain":75,"player_choice":"Gather Gold","damage_taken":11,"max_hp_gain":0,"max_hp_loss":0,"event_name":"World of Goop","floor":4,"gold_loss":0},{"damage_healed":0,"gold_gain":0,"player_choice":"Entered Light","damage_taken":14,"max_hp_gain":0,"max_hp_loss":0,"event_name":"Shining Light","floor":11,"gold_loss":0,"cards_upgraded":["Strike_G","Well Laid Plans"]},{"damage_healed":0,"gold_gain":0,"player_choice":"Shed Blood","damage_taken":18,"max_hp_gain":5,"max_hp_loss":0,"event_name":"Forgotten Altar","floor":20,"gold_loss":0},{"damage_healed":0,"gold_gain":0,"player_choice":"1 cards matched","damage_taken":0,"max_hp_gain":0,"max_hp_loss":0,"event_name":"Match and Keep!","floor":25,"gold_loss":0,"cards_obtained":["Venomology"]},{"cards_removed":["Strike_G"],"damage_healed":0,"gold_gain":0,"player_choice":"Offered Basic","damage_taken":0,"max_hp_gain":0,"max_hp_loss":0,"event_name":"Bonfire Elementals","floor":30,"gold_loss":0}],"is_beta":false,"boss_relics":[{"not_picked":["Philosopher\u0027s Stone","Runic Dome"],"picked":"Astrolabe"}],"items_purged_floors":[10],"is_endless":false,"potions_floor_spawned":[1,2,6,21],"killed_by":"Collector","ascension_level":0}