{"gold_per_floor":[216,216,67,67,78,107,107,123,170,249,277,290,301,30,30,126,126,143,143,154,180,180,211,237,237,262,293,305,90,115,115],"floor_reached":31,"playtime":1441,"items_purged":["Strike_G"],"score":421,"play_id":"bd99b17b-8b22-47f0-9cea-116004de8b45","local_time":"20190503002333","is_ascension_mode":true,"campfire_choices":[{"data":"Skewer","floor":7,"key":"SMITH"},{"floor":15,"key":"REST"},{"data":"Dodge and Roll","floor":25,"key":"SMITH"}],"neow_cost":"NONE","seed_source_timestamp":1870333695579200,"circlet_count":0,"master_deck":["Defend_G+1","Defend_G","Defend_G","Defend_G","Defend_G","Strike_G","Strike_G","Strike_G","Survivor","Neutralize","Cloak And Dagger+1","Skewer+1","Tactician","Backstab","Riddle With Holes","Deflect","Dodge and Roll+1","Burst","Leg Sweep","Well Laid Plans","Corpse Explosion","Escape Plan","Well Laid Plans","Backstab","Footwork","RitualDagger","Caltrops"],"relics":["Ring of the Snake","Vajra","Regal Pillow","Mummified Hand","War Paint","Chemical X","Sozu","Bottled Lightning","Boot","Turnip","Potion Belt","Lantern","MawBank","Bronze Scales","Ancient Tea Set"],"potions_floor_usage":[11,27,31],"damage_taken":[{"damage":0,"enemies":"Jaw Worm","floor":1,"turns":7},{"damage":0,"enemies":"Cultist","floor":5,"turns":3},{"damage":44,"enemies":"Lagavulin","floor":6,"turns":12},{"damage":0,"enemies":"Small Slimes","floor":8,"turns":1},{"damage":7,"enemies":"Gremlin Nob","floor":11,"turns":3},{"damage":0,"enemies":"Looter","floor":12,"turns":2},{"damage":0,"enemies":"Large Slime","floor":13,"turns":4},{"damage":36,"enemies":"Slime Boss","floor":16,"turns":16},{"damage":0,"enemies":"2 Thieves","floor":18,"turns":3},{"damage":0,"enemies":"Spheric Guardian","floor":20,"turns":3},{"damage":0,"enemies":"Slavers","floor":23,"turns":1},{"damage":28,"enemies":"Gremlin Leader","floor":27,"turns":6},{"damage":20,"enemies":"Slavers","floor":30,"turns":2},{"damage":14,"enemies":"Centurion and Healer","floor":31,"turns":1}],"seed_played":"-4194377112033201538","potions_obtained":[{"floor":5,"key":"FearPotion"},{"floor":6,"key":"AttackPotion"},{"floor":8,"key":"Swift Potion"}],"is_trial":false,"path_per_floor":["M","?","$","?","M","E","R","M","T","T","E","M","M","$","R","B",null,"M","T","M","T","?","E","T","R","T","E","?","$","E","M"],"character_chosen":"THE_SILENT","items_purchased":["Skewer","Well Laid Plans","Chemical X","Bronze Scales","Caltrops"],"campfire_rested":1,"item_purchase_floors":[3,14,14,29,29],"current_hp_per_floor":[63,68,68,68,68,24,24,24,24,24,17,17,17,17,54,18,61,61,61,61,61,61,61,61,61,61,33,27,27,7,0],"gold":115,"neow_bonus":"HUNDRED_GOLD","is_prod":false,"is_daily":false,"chose_seed":false,"campfire_upgraded":2,"win_rate":0,"timestamp":1556868213,"path_taken":["M","?","$","?","?","E","R","M","T","?","E","M","M","$","R","BOSS","M","?","?","?","?","E","?","R","T","E","?","?","E","M"],"build_version":"2019-01-23","purchased_purges":1,"victory":false,"max_hp_per_floor":[70,75,75,75,75,75,75,75,75,75,75,75,75,75,75,75,75,75,75,75,75,75,75,75,75,75,75,75,75,75,75],"card_choices":[{"not_picked":["Slice","Backflip"],"picked":"Cloak And Dagger","floor":1},{"not_picked":["Terror","Calculated Gamble"],"picked":"Backstab","floor":5},{"not_picked":["Deflect","Phantasmal Killer"],"picked":"Riddle With Holes","floor":6},{"not_picked":["Flying Knee","Slice"],"picked":"Deflect","floor":8},{"not_picked":["Outmaneuver","Slice"],"picked":"Dodge and Roll","floor":11},{"not_picked":["Dagger Spray","Deadly Poison"],"picked":"Burst","floor":12},{"not_picked":["Quick Slash","Dash"],"picked":"Leg Sweep","floor":13},{"not_picked":["Adrenaline","Glass Knife"],"picked":"Corpse Explosion","floor":16},{"not_picked":["Cloak And Dagger","Distraction"],"picked":"Escape Plan","floor":18},{"not_picked":["Outmaneuver","Deflect"],"picked":"Well Laid Plans","floor":20},{"not_picked":["Slice","Cloak And Dagger"],"picked":"Backstab","floor":23},{"not_picked":["Predator+1","Deflect"],"picked":"Footwork","floor":27},{"not_picked":["All Out Attack+1","Eviscerate","Outmaneuver"],"picked":"SKIP","floor":30}],"player_experience":425213,"relics_obtained":[{"floor":6,"key":"Vajra"},{"floor":9,"key":"Regal Pillow"},{"floor":10,"key":"Mummified Hand"},{"floor":11,"key":"War Paint"},{"floor":19,"key":"Bottled Lightning"},{"floor":21,"key":"Boot"},{"floor":23,"key":"Turnip"},{"floor":24,"key":"Potion Belt"},{"floor":26,"key":"Lantern"},{"floor":27,"key":"MawBank"},{"floor":30,"key":"Ancient Tea Set"}],"event_choices":[{"damage_healed":0,"gold_gain":0,"player_choice":"Donut","damage_taken":0,"max_hp_gain":5,"max_hp_loss":0,"event_name":"Big Fish","floor":2,"gold_loss":0},{"damage_healed":0,"gold_gain":0,"cards_transformed":["Strike_G"],"player_choice":"Transformed","damage_taken":0,"max_hp_gain":0,"max_hp_loss":0,"event_name":"Transmorgrifier","floor":4,"gold_loss":0,"cards_obtained":["Tactician"]},{"damage_healed":0,"gold_gain":0,"player_choice":"Ignored","damage_taken":0,"max_hp_gain":0,"max_hp_loss":0,"event_name":"Ghosts","floor":22,"gold_loss":0},{"damage_healed":0,"gold_gain":0,"player_choice":"Joined the Cult","damage_taken":6,"max_hp_gain":0,"max_hp_loss":0,"event_name":"Nest","floor":28,"gold_loss":0,"cards_obtained":["RitualDagger"]}],"is_beta":false,"boss_relics":[{"not_picked":["White Beast Statue","Coffee Dripper"],"picked":"Sozu"}],"items_purged_floors":[3],"is_endless":false,"potions_floor_spawned":[5,6,8,23],"killed_by":"Centurion and Healer","ascension_level":6}