{"path_per_floor":["M","?","?","?","?","R","E","R","T","?","R","E","?","?","R","B",null,"M","M","M","$","M","R","?","R","T","T","?","E","R","M","R","B",null,"M","?","M","$","?","R","?","R","T","M"],"character_chosen":"THE_SILENT","items_purchased":["Outmaneuver","Footwork","Deflect","Burst","Escape Plan","Flash of Steel"],"gold_per_floor":[111,111,111,111,111,111,145,145,191,141,141,185,185,185,185,306,306,321,337,355,252,265,265,265,265,289,289,289,322,322,347,347,471,471,489,489,507,101,101,101,101,101,101,121],"floor_reached":45,"campfire_rested":7,"playtime":3091,"current_hp_per_floor":[70,70,63,56,56,70,51,70,70,70,70,40,40,57,70,62,70,58,51,45,45,19,39,39,59,59,59,59,47,67,62,62,27,64,36,36,15,15,15,15,31,50,50,4],"items_purged":["Parasite","Normality"],"gold":121,"score":407,"play_id":"68e78cb7-e433-4a95-a99b-82f55921576d","is_prod":false,"is_daily":false,"is_ascension_mode":false,"campfire_upgraded":3,"path_taken":["M","?","?","?","?","R","E","R","T","?","R","E","?","?","R","BOSS","M","M","M","$","M","R","?","R","T","?","?","E","R","M","R","BOSS","M","?","M","$","?","R","?","R","T","M","M"],"build_version":"2018-02-15-PROD1","purchased_purges":3,"victory":false,"master_deck":["Defend_G","Defend_G","Defend_G","Defend_G","Strike_G","Strike_G","Strike_G","Strike_G","Survivor+1","Neutralize+1","Terror","Bouncing Flask+1","Setup","Die Die Die","Prepared+1","Malaise","Escape Plan","Outmaneuver","Blur","Endless Agony","Neutralize+1","Footwork+1","Tools of the Trade+1","Writhe","Clumsy","Catalyst","Backflip+1","Footwork+1","Deflect","Burst+1","Escape Plan","Flash of Steel","Writhe","Pain","Heel Hook+1"],"max_hp_per_floor":[70,70,70,70,70,70,70,70,70,70,70,70,70,70,70,70,70,70,70,70,67,67,67,67,67,67,67,67,67,67,67,67,67,64,64,64,64,64,64,64,64,64,64,64],"relics":["Ring of the Snake","The Courier","Golden Idol","Juzu Bracelet","Orichalcum","Frozen Egg 2","Spirit Poop","Cursed Key","Toolbox","Snake Skull","Oddly Smooth Stone","Tough Bandages","Astrolabe","Dream Catcher"],"card_choices":[{"not_picked":["Dodge and Roll","Calculated Gamble"],"picked":"Terror"},{"not_picked":["Prepared","Expertise"],"picked":"Bouncing Flask"},{"not_picked":["Dodge and Roll","Bouncing Flask"],"picked":"Setup"},{"not_picked":["Bullet Time","Envenom"],"picked":"Die Die Die"},{"not_picked":["Bouncing Flask","Eviscerate"],"picked":"Prepared"},{"not_picked":["Flying Knee","Sucker Punch"],"picked":"Malaise"},{"not_picked":["Prepared","Skewer"],"picked":"Escape Plan"},{"not_picked":["Prepared","Underhanded Strike"],"picked":"Blur"},{"not_picked":["Concentrate","Quick Slash"],"picked":"Flechettes"},{"not_picked":["Distraction","Sucker Punch"],"picked":"Footwork"},{"not_picked":["Grand Finale","A Thousand Cuts"],"picked":"Tools of the Trade"},{"not_picked":["Calculated Gamble","Underhanded Strike"],"picked":"Catalyst"},{"not_picked":["Prepared","Setup"],"picked":"Backflip"},{"not_picked":["Quick Slash","Deadly Poison"],"picked":"Heel Hook"}],"player_experience":107823,"potions_floor_usage":[33,44],"damage_taken":[{"damage":0,"enemies":"2 Louse","floor":1,"turns":3},{"damage":19,"enemies":"Lagavulin","floor":7,"turns":11},{"damage":30,"enemies":"3 Sentries","floor":12,"turns":12},{"damage":8,"enemies":"The Guardian","floor":16,"turns":10},{"damage":12,"enemies":"Spheric Guardian","floor":18,"turns":5},{"damage":7,"enemies":"Chosen","floor":19,"turns":5},{"damage":6,"enemies":"Snake Plant","floor":20,"turns":4},{"damage":26,"enemies":"3 Cultists","floor":22,"turns":7},{"damage":12,"enemies":"Book of Stabbing","floor":29,"turns":8},{"damage":5,"enemies":"Snecko","floor":31,"turns":3},{"damage":35,"enemies":"Automaton","floor":33,"turns":14},{"damage":28,"enemies":"3 Darklings","floor":35,"turns":7},{"damage":21,"enemies":"3 Shapes","floor":37,"turns":9},{"damage":46,"enemies":"Sphere and 2 Shapes","floor":44,"turns":9},{"damage":7,"enemies":"Maw","floor":45,"turns":9}],"event_choices":[{"event_name":"Living Wall","player_choice":"Grow","floor":2,"damage_taken":0},{"event_name":"Golden Wing","player_choice":"Card Removal","floor":3,"damage_taken":0},{"event_name":"Scrap Ooze","player_choice":"success","floor":4,"damage_taken":7},{"event_name":"Golden Idol","player_choice":"Take Wound","floor":5,"damage_taken":0},{"event_name":"The Cleric","player_choice":"Card Removal","floor":10,"damage_taken":0},{"event_name":"Bonfire Elementals","player_choice":"CURSE","floor":13,"damage_taken":0},{"event_name":"Mushrooms","player_choice":"Healed and dodged fight","floor":14,"damage_taken":0},{"event_name":"The Mausoleum","player_choice":"Yes","floor":24,"damage_taken":0},{"event_name":"Match and Keep!","player_choice":"2 cards matched","floor":28,"damage_taken":0},{"event_name":"Mysterious Sphere","player_choice":"Ignore","floor":36,"damage_taken":0},{"event_name":"Winding Halls","player_choice":"Writhe","floor":41,"damage_taken":0}],"boss_relics":[{"not_picked":["Philosopher\u0027s Stone","Lizard Tail"],"picked":"Cursed Key"},{"not_picked":["Velvet Choker","Black Star"],"picked":"Astrolabe"}],"potions_floor_spawned":[7,12,18,22,29,33,37],"seed_played":"5106683664560156102","killed_by":"Maw","ascension_level":0,"is_trial":false}