{"gold_per_floor":[110,110,35,52,227,227,255,255,281,281,313,331,345,373,373,474,474,493,58,58,35,134,164,177,195,195,213,227,227],"floor_reached":29,"playtime":1397,"items_purged":["Pain"],"score":389,"play_id":"3630d5bb-7401-4a70-ad64-5d563c37e14e","local_time":"20181213215600","is_ascension_mode":true,"campfire_choices":[{"data":"Bash","floor":6,"key":"SMITH"},{"floor":8,"key":"REST"},{"floor":15,"key":"REST"}],"neow_cost":"NONE","seed_source_timestamp":1593565725032200,"circlet_count":0,"master_deck":["Strike_R","Strike_R","Strike_R","Strike_R","Strike_R","Defend_R","Defend_R","Defend_R","Defend_R","Bash+1","Seeing Red","Anger","Second Wind","Heavy Blade","Dual Wield","Shockwave","Rage","Immolate","Dropkick+1","Sadistic Nature","Forethought","Clash","J.A.X.","Flex","Headbutt+1","Infernal Blade+1","Normality"],"relics":["Burning Blood","Dream Catcher","WarpedTongs","Red Skull","Happy Flower","Bag of Marbles","Cursed Key","Orichalcum","Pantograph","Bottled Tornado"],"potions_floor_usage":[11,13,13,14,14,16,16,23,27,27,29],"damage_taken":[{"damage":4,"enemies":"Jaw Worm","floor":1,"turns":4},{"damage":3,"enemies":"Cultist","floor":4,"turns":4},{"damage":29,"enemies":"Gremlin Nob","floor":7,"turns":4},{"damage":44,"enemies":"Lagavulin","floor":11,"turns":4},{"damage":0,"enemies":"2 Louse","floor":12,"turns":2},{"damage":0,"enemies":"Blue Slaver","floor":13,"turns":2},{"damage":0,"enemies":"3 Sentries","floor":14,"turns":4},{"damage":40,"enemies":"Hexaghost","floor":16,"turns":6},{"damage":12,"enemies":"Chosen","floor":18,"turns":3},{"damage":45,"enemies":"Book of Stabbing","floor":23,"turns":5},{"damage":21,"enemies":"2 Thieves","floor":24,"turns":3},{"damage":11,"enemies":"Snecko","floor":25,"turns":3},{"damage":0,"enemies":"Chosen and Byrds","floor":27,"turns":4},{"damage":12,"enemies":"Snake Plant","floor":28,"turns":2},{"damage":13,"enemies":"Colosseum Slavers","floor":29,"turns":1}],"seed_played":"-1328352797050858292","potions_obtained":[{"floor":7,"key":"AttackPotion"},{"floor":12,"key":"EntropicBrew"},{"floor":13,"key":"AttackPotion"},{"floor":14,"key":"Swift Potion"},{"floor":16,"key":"Block Potion"},{"floor":23,"key":"SpeedPotion"},{"floor":24,"key":"Weak Potion"},{"floor":28,"key":"LiquidBronze"}],"is_trial":false,"path_per_floor":["M","?","$","M","?","R","E","R","T","?","E","M","M","E","R","B",null,"M","$","?","$","?","E","M","M","T","M","M","?"],"character_chosen":"IRONCLAD","items_purchased":["Sadistic Nature","Forethought","Clash","Orichalcum","Flex"],"campfire_rested":2,"item_purchase_floors":[19,19,19,19,21],"current_hp_per_floor":[74,74,74,77,77,77,54,78,78,78,40,46,52,58,80,46,72,66,66,66,66,66,27,12,7,7,13,7,0],"gold":227,"neow_bonus":"RANDOM_COMMON_RELIC","is_prod":false,"is_daily":false,"chose_seed":false,"campfire_upgraded":1,"win_rate":0,"timestamp":1544734560,"path_taken":["M","?","$","?","?","R","E","R","T","?","E","M","M","E","R","BOSS","M","$","?","$","?","E","?","M","T","M","M","?"],"build_version":"2018-12-06","purchased_purges":1,"victory":false,"max_hp_per_floor":[80,80,80,80,80,80,80,80,80,80,80,80,80,80,80,80,80,80,80,80,80,80,80,80,80,80,80,80,80],"card_choices":[{"not_picked":["Cleave","Body Slam"],"picked":"Seeing Red","floor":1},{"not_picked":["Hemokinesis","Perfected Strike"],"picked":"Anger","floor":4},{"not_picked":["Rupture","Anger"],"picked":"Second Wind","floor":7},{"not_picked":["Pommel Strike","Shockwave"],"picked":"Heavy Blade","floor":8},{"not_picked":["Metallicize","Second Wind","Berserk"],"picked":"SKIP","floor":11},{"not_picked":["Heavy Blade","Anger"],"picked":"Dual Wield","floor":12},{"not_picked":["Warcry","Thunderclap"],"picked":"Shockwave","floor":13},{"not_picked":["Wild Strike","Thunderclap","Sentinel"],"picked":"SKIP","floor":14},{"not_picked":["Twin Strike","Rupture"],"picked":"Rage","floor":15},{"not_picked":["Fiend Fire","Impervious"],"picked":"Immolate","floor":16},{"not_picked":["Wild Strike","Headbutt"],"picked":"Dropkick+1","floor":18},{"not_picked":["Shockwave","Feel No Pain"],"picked":"Headbutt+1","floor":23},{"not_picked":["Havoc","Thunderclap","Combust"],"picked":"SKIP","floor":24},{"not_picked":["Shrug It Off","Clash"],"picked":"Infernal Blade+1","floor":25},{"not_picked":["Sentinel+1","Battle Trance+1","Iron Wave+1"],"picked":"SKIP","floor":27},{"not_picked":["Pommel Strike+1","Iron Wave","Dropkick"],"picked":"SKIP","floor":28}],"player_experience":1041538,"relics_obtained":[{"floor":7,"key":"Red Skull"},{"floor":11,"key":"Happy Flower"},{"floor":14,"key":"Bag of Marbles"},{"floor":23,"key":"Pantograph"},{"floor":26,"key":"Bottled Tornado"}],"event_choices":[{"damage_healed":0,"gold_gain":0,"player_choice":"Rummage","damage_taken":0,"relics_obtained":["WarpedTongs"],"max_hp_gain":0,"max_hp_loss":0,"event_name":"Accursed Blacksmith","floor":2,"gold_loss":0,"cards_obtained":["Pain"]},{"damage_healed":0,"gold_gain":175,"player_choice":"AGREE","damage_taken":0,"max_hp_gain":0,"max_hp_loss":0,"event_name":"Liars Game","floor":5,"gold_loss":0,"cards_obtained":["Doubt"]},{"cards_removed":["Doubt"],"damage_healed":0,"gold_gain":0,"player_choice":"Forget","damage_taken":0,"max_hp_gain":0,"max_hp_loss":0,"event_name":"Living Wall","floor":10,"gold_loss":0},{"damage_healed":0,"gold_gain":0,"player_choice":"Obtain J.A.X.","damage_taken":0,"max_hp_gain":0,"max_hp_loss":0,"event_name":"Drug Dealer","floor":20,"gold_loss":0,"cards_obtained":["J.A.X."]},{"damage_healed":0,"gold_gain":99,"player_choice":"Stole From Cult","damage_taken":0,"max_hp_gain":0,"max_hp_loss":0,"event_name":"Nest","floor":22,"gold_loss":0},{"damage_healed":0,"gold_gain":0,"player_choice":"Fight","damage_taken":0,"max_hp_gain":0,"max_hp_loss":0,"event_name":"Colosseum","floor":29,"gold_loss":0}],"is_beta":false,"boss_relics":[{"not_picked":["Coffee Dripper","White Beast Statue"],"picked":"Cursed Key"}],"items_purged_floors":[3],"is_endless":false,"potions_floor_spawned":[7,12,13,14,16,23,24,28],"killed_by":"Colosseum Slavers","ascension_level":7}