{"gold_per_floor":[110,59,59,59,59,74,39,39,63,63,77,111,42,85,85,209,209,204,204,204,220,220,220,50,50,50,475,475,493,532,552,552,683,683,698,698,15,31,90,121,142,142,142,142,155,155,155,171,171,171],"floor_reached":51,"playtime":6257,"items_purged":[],"score":1186,"play_id":"2f12c099-b9de-4f3f-a898-8a4175937a89","local_time":"20190423134602","is_ascension_mode":true,"campfire_choices":[{"floor":8,"key":"REST"},{"floor":10,"key":"REST"},{"data":"Infinite Blades","floor":15,"key":"SMITH"},{"data":"Ghostly","floor":23,"key":"SMITH"},{"data":"Ghostly","floor":32,"key":"SMITH"},{"data":"Ghostly","floor":42,"key":"SMITH"},{"data":"Ghostly","floor":44,"key":"SMITH"},{"data":"Ghostly","floor":47,"key":"SMITH"},{"data":"Mayhem","floor":49,"key":"SMITH"}],"neow_cost":"CURSE","seed_source_timestamp":19692020756213,"circlet_count":0,"master_deck":["Defend_G","Defend_G","Defend_G","Defend_G","Defend_G+1","Strike_G","Strike_G","Strike_G","Survivor+1","Neutralize","Escape Plan","Cloak And Dagger","Dodge and Roll","Flechettes","Cloak And Dagger","Dash","Infinite Blades+1","Glass Knife","Venomology","Flechettes","Deflect+1","Ghostly+1","Ghostly+1","Ghostly+1","Ghostly+1","Ghostly+1","The Bomb","Necronomicurse","Predator+1","Deflect+1","Caltrops+1","Envenom","Dash","Deflect","Mayhem+1","Footwork","Escape Plan","Caltrops+1","Backstab+1","Dark Shackles","Neutralize"],"relics":["Ring of the Snake","Thread and Needle","Golden Idol","Centennial Puzzle","Bronze Scales","Runic Pyramid","Nloth\u0027s Gift","Necronomicon","Kunai","Old Coin","Meat on the Bone","Mango","HoveringKite","PreservedInsect","Strawberry","Dead Branch","Oddly Smooth Stone","Singing Bowl"],"potions_floor_usage":[12,14,27,27,30,31,33,35,40,41,50],"damage_taken":[{"damage":8,"enemies":"Jaw Worm","floor":1,"turns":7},{"damage":0,"enemies":"2 Louse","floor":6,"turns":3},{"damage":0,"enemies":"Cultist","floor":11,"turns":4},{"damage":6,"enemies":"3 Sentries","floor":12,"turns":11},{"damage":4,"enemies":"Lagavulin","floor":14,"turns":6},{"damage":38,"enemies":"Hexaghost","floor":16,"turns":11},{"damage":4,"enemies":"2 Thieves","floor":18,"turns":4},{"damage":0,"enemies":"Spheric Guardian","floor":21,"turns":3},{"damage":0,"enemies":"Colosseum Slavers","floor":27,"turns":5},{"damage":0,"enemies":"Colosseum Nobs","floor":27,"turns":6},{"damage":0,"enemies":"Snake Plant","floor":29,"turns":5},{"damage":0,"enemies":"Gremlin Leader","floor":30,"turns":5},{"damage":0,"enemies":"Shelled Parasite and Fungi","floor":31,"turns":4},{"damage":0,"enemies":"Champ","floor":33,"turns":19},{"damage":0,"enemies":"3 Darklings","floor":35,"turns":5},{"damage":0,"enemies":"Orb Walker","floor":38,"turns":3},{"damage":0,"enemies":"2 Orb Walkers","floor":39,"turns":4},{"damage":0,"enemies":"Giant Head","floor":40,"turns":7},{"damage":0,"enemies":"Writhing Mass","floor":41,"turns":7},{"damage":0,"enemies":"3 Darklings","floor":45,"turns":4},{"damage":0,"enemies":"4 Shapes","floor":48,"turns":7},{"damage":14,"enemies":"Time Eater","floor":50,"turns":11}],"seed_played":"-7303213844815686138","potions_obtained":[{"floor":1,"key":"AttackPotion"},{"floor":11,"key":"Regen Potion"},{"floor":18,"key":"Poison Potion"},{"floor":21,"key":"GamblersBrew"},{"floor":31,"key":"Dexterity Potion"},{"floor":33,"key":"PowerPotion"},{"floor":41,"key":"Fire Potion"}],"is_trial":false,"path_per_floor":["M","$","?","?","?","M","$","R","T","R","M","E","$","E","R","B",null,"M","?","?","M","?","R","$","?","T","?","?","M","E","M","R","B",null,"M","?","$","M","?","E","M","R","T","R","M","?","R","M","R","B",null],"character_chosen":"THE_SILENT","items_purchased":["Cloak And Dagger","Flechettes","Infinite Blades","The Bomb","PreservedInsect","Strawberry","Mayhem","Footwork","GhostInAJar","Escape Plan"],"campfire_rested":2,"item_purchase_floors":[2,7,13,24,37,37,37,37,37,37],"current_hp_per_floor":[55,55,38,31,17,17,17,38,38,59,59,53,53,64,64,26,59,55,55,55,55,35,35,35,19,19,19,19,19,33,33,33,33,45,45,45,52,52,52,52,52,52,52,52,54,54,54,56,56,42],"gold":171,"neow_bonus":"ONE_RARE_RELIC","is_prod":false,"is_daily":false,"chose_seed":false,"campfire_upgraded":7,"win_rate":0,"timestamp":1556052362,"path_taken":["M","$","?","?","?","M","?","R","T","R","?","E","$","E","R","BOSS","M","?","?","?","?","R","?","?","T","?","?","M","E","M","R","BOSS","M","?","$","?","?","E","M","R","T","R","M","?","R","M","R","BOSS"],"build_version":"2019-01-23","purchased_purges":0,"victory":true,"max_hp_per_floor":[70,70,70,70,70,70,70,70,70,70,70,70,70,70,70,70,70,70,70,70,70,35,35,35,35,35,35,35,35,49,49,49,49,49,49,49,56,56,56,56,56,56,56,56,58,58,58,60,60,60],"card_choices":[{"not_picked":["Setup","Acrobatics"],"picked":"Escape Plan","floor":1},{"not_picked":["Dagger Spray","Deadly Poison"],"picked":"Dodge and Roll","floor":6},{"not_picked":["Terror","Deadly Poison"],"picked":"Cloak And Dagger","floor":11},{"not_picked":["Outmaneuver","Bane"],"picked":"Dash","floor":12},{"not_picked":["Dodge and Roll","Flying Knee"],"picked":"Glass Knife","floor":14},{"not_picked":["Bullet Time","Phantasmal Killer"],"picked":"Venomology","floor":16},{"not_picked":["Outmaneuver","Blade Dance"],"picked":"Flechettes","floor":18},{"not_picked":["Skewer","Dagger Spray"],"picked":"Deflect+1","floor":21},{"not_picked":["Catalyst","Outmaneuver+1"],"picked":"Predator+1","floor":27},{"not_picked":["Flying Knee","Masterful Stab"],"picked":"Deflect+1","floor":29},{"not_picked":["Deadly Poison+1","Acrobatics","Backflip"],"picked":"SKIP","floor":30},{"not_picked":["PiercingWail+1","Flying Knee"],"picked":"Caltrops+1","floor":31},{"not_picked":["Phantasmal Killer","Glass Knife"],"picked":"Envenom","floor":33},{"not_picked":["Dodge and Roll+1","Prepared"],"picked":"Dash","floor":35},{"not_picked":["Poisoned Stab","Acrobatics","Deadly Poison+1"],"picked":"SKIP","floor":38},{"not_picked":["Deadly Poison","Accuracy"],"picked":"Caltrops+1","floor":39},{"not_picked":["Backflip","Poisoned Stab"],"picked":"Backstab+1","floor":40},{"not_picked":["Terror","Flying Knee+1","Sucker Punch+1"],"picked":"SKIP","floor":41},{"not_picked":["Riddle With Holes+1","Acrobatics+1","Poisoned Stab+1"],"picked":"Singing Bowl","floor":45},{"not_picked":["Flying Knee+1","Concentrate+1","Grand Finale"],"picked":"Singing Bowl","floor":48}],"player_experience":1435703,"relics_obtained":[{"floor":9,"key":"Centennial Puzzle"},{"floor":12,"key":"Bronze Scales"},{"floor":14,"key":"Dodecahedron"},{"floor":25,"key":"Necronomicon"},{"floor":26,"key":"Kunai"},{"floor":27,"key":"Old Coin"},{"floor":27,"key":"Meat on the Bone"},{"floor":30,"key":"Mango"},{"floor":39,"key":"Dead Branch"},{"floor":40,"key":"Oddly Smooth Stone"},{"floor":43,"key":"Singing Bowl"}],"event_choices":[{"damage_healed":0,"gold_gain":0,"player_choice":"Take Damage","damage_taken":17,"relics_obtained":["Golden Idol"],"max_hp_gain":0,"max_hp_loss":0,"event_name":"Golden Idol","floor":3,"gold_loss":0},{"cards_removed":["Pain"],"damage_healed":0,"gold_gain":0,"player_choice":"Card Removal","damage_taken":7,"max_hp_gain":0,"max_hp_loss":0,"event_name":"Golden Wing","floor":4,"gold_loss":0},{"damage_healed":0,"gold_gain":0,"player_choice":"Entered Light","damage_taken":14,"max_hp_gain":0,"max_hp_loss":0,"event_name":"Shining Light","floor":5,"gold_loss":0,"cards_upgraded":["Survivor","Defend_G"]},{"damage_healed":0,"gold_gain":0,"player_choice":"Ignored","damage_taken":0,"max_hp_gain":0,"max_hp_loss":0,"event_name":"Vampires","floor":19,"gold_loss":0},{"damage_healed":0,"gold_gain":0,"player_choice":"Traded Relic","damage_taken":0,"relics_obtained":["Nloth\u0027s Gift"],"max_hp_gain":0,"max_hp_loss":0,"event_name":"N\u0027loth","floor":20,"relics_lost":["Dodecahedron"],"gold_loss":0},{"damage_healed":0,"gold_gain":0,"player_choice":"Became a Ghost","damage_taken":0,"max_hp_gain":0,"max_hp_loss":35,"event_name":"Ghosts","floor":22,"gold_loss":0,"cards_obtained":["Ghostly","Ghostly","Ghostly","Ghostly","Ghostly"]},{"damage_healed":0,"gold_gain":0,"player_choice":"Obtained Book","damage_taken":16,"max_hp_gain":0,"max_hp_loss":0,"event_name":"Cursed Tome","floor":25,"gold_loss":0},{"damage_healed":0,"gold_gain":0,"player_choice":"Fight","damage_taken":0,"max_hp_gain":0,"max_hp_loss":0,"event_name":"Colosseum","floor":27,"gold_loss":0},{"damage_healed":0,"gold_gain":0,"player_choice":"Fought Nobs","damage_taken":0,"max_hp_gain":0,"max_hp_loss":0,"event_name":"Colosseum","floor":27,"gold_loss":0},{"cards_removed":["Strike_G"],"damage_healed":0,"gold_gain":0,"player_choice":"Purged","damage_taken":0,"max_hp_gain":0,"max_hp_loss":0,"event_name":"Purifier","floor":28,"gold_loss":0},{"damage_healed":0,"gold_gain":0,"cards_transformed":["Strike_G"],"player_choice":"Transformed","damage_taken":0,"max_hp_gain":0,"max_hp_loss":0,"event_name":"Transmorgrifier","floor":36,"gold_loss":0,"cards_obtained":["Deflect"]},{"damage_healed":0,"gold_gain":0,"player_choice":"Fight","damage_taken":0,"max_hp_gain":0,"max_hp_loss":0,"event_name":"Mysterious Sphere","floor":39,"gold_loss":0},{"damage_healed":0,"gold_gain":0,"player_choice":"2 cards matched","damage_taken":0,"max_hp_gain":0,"max_hp_loss":0,"event_name":"Match and Keep!","floor":46,"gold_loss":0,"cards_obtained":["Dark Shackles","Neutralize"]}],"is_beta":false,"boss_relics":[{"not_picked":["Coffee Dripper","Philosopher\u0027s Stone"],"picked":"Runic Pyramid"},{"not_picked":["Velvet Choker","Orrery"],"picked":"HoveringKite"}],"items_purged_floors":[],"is_endless":false,"potions_floor_spawned":[1,11,18,21,27,31,33,39,41,45],"ascension_level":9}