{"gold_per_floor":[109,123,136,147,162,196,206,217,240,36,50,50,66,90,90,211,211,225,250,25,25],"floor_reached":21,"playtime":1088,"items_purged":[],"score":198,"play_id":"ba471d29-5f30-4496-9941-c4879b54b04b","local_time":"20190514032645","is_ascension_mode":true,"campfire_choices":[{"floor":15,"key":"REST"}],"neow_cost":"NONE","seed_source_timestamp":138079321207873,"circlet_count":0,"master_deck":["Strike_B","Strike_B","Strike_B+1","Defend_B","Defend_B","Defend_B","Defend_B","Zap","Dualcast","Cold Snap","Defragment","Conserve Battery","Heatsinks","Glacier","Genetic Algorithm","Ball Lightning+1","Self Repair","Capacitor","Hologram","BootSequence","Machine Learning","Barrage","Leap","Leap","Electrodynamics","Capacitor"],"relics":["Cracked Core","Pantograph","Anchor","Strange Spoon","Golden Idol","Orrery","Whetstone"],"potions_floor_usage":[],"damage_taken":[{"damage":0,"enemies":"Small Slimes","floor":1,"turns":3},{"damage":3,"enemies":"2 Louse","floor":2,"turns":3},{"damage":1,"enemies":"Jaw Worm","floor":3,"turns":4},{"damage":5,"enemies":"Looter","floor":4,"turns":3},{"damage":0,"enemies":"Blue Slaver","floor":5,"turns":5},{"damage":39,"enemies":"Gremlin Nob","floor":6,"turns":6},{"damage":0,"enemies":"Large Slime","floor":7,"turns":5},{"damage":0,"enemies":"3 Louse","floor":8,"turns":5},{"damage":7,"enemies":"Blue Slaver","floor":11,"turns":6},{"damage":0,"enemies":"Red Slaver","floor":13,"turns":5},{"damage":11,"enemies":"Large Slime","floor":14,"turns":8},{"damage":4,"enemies":"The Guardian","floor":16,"turns":18},{"damage":39,"enemies":"3 Byrds","floor":18,"turns":8},{"damage":15,"enemies":"Spheric Guardian","floor":19,"turns":8},{"damage":29,"enemies":"Masked Bandits","floor":21,"turns":3}],"seed_played":"-7246465571453118144","potions_obtained":[{"floor":2,"key":"Poison Potion"},{"floor":3,"key":"Regen Potion"},{"floor":6,"key":"Explosive Potion"},{"floor":7,"key":"SteroidPotion"},{"floor":14,"key":"Poison Potion"}],"is_trial":false,"path_per_floor":["M","M","M","M","M","E","M","M","T","$","M","?","M","M","R","B",null,"M","M","$","?"],"character_chosen":"DEFECT","items_purchased":["Strange Spoon","Capacitor","Whetstone"],"campfire_rested":1,"item_purchase_floors":[10,20,20],"current_hp_per_floor":[75,72,71,66,66,27,27,34,34,34,34,34,41,37,57,69,69,37,29,29,0],"gold":25,"neow_bonus":"TRANSFORM_CARD","is_prod":false,"is_daily":false,"chose_seed":false,"campfire_upgraded":0,"win_rate":0,"timestamp":1557818805,"path_taken":["M","M","M","M","M","E","M","M","T","$","M","?","M","M","R","BOSS","M","M","$","?"],"build_version":"2019-01-23","purchased_purges":0,"victory":false,"max_hp_per_floor":[75,75,75,75,75,75,75,75,75,75,75,69,69,69,69,69,69,69,69,69,69],"card_choices":[{"not_picked":["Streamline","Steam Power"],"picked":"Defragment","floor":1},{"not_picked":["Darkness","Go for the Eyes"],"picked":"Conserve Battery","floor":2},{"not_picked":["Cold Snap","Gash"],"picked":"Heatsinks","floor":3},{"not_picked":["Rip and Tear","Stack"],"picked":"Glacier","floor":4},{"not_picked":["Go for the Eyes","Skim"],"picked":"Genetic Algorithm","floor":5},{"not_picked":["Hyperbeam","Reinforced Body"],"picked":"Ball Lightning","floor":6},{"not_picked":["Turbo","Steam Power"],"picked":"Self Repair","floor":7},{"not_picked":["Leap","Creative AI"],"picked":"Capacitor","floor":8},{"not_picked":["Streamline","Steam"],"picked":"Hologram","floor":11},{"not_picked":["Lockon","Recycle"],"picked":"BootSequence","floor":13},{"not_picked":["Gash","Conserve Battery","All For One"],"picked":"SKIP","floor":14},{"not_picked":["Meteor Strike","Reboot"],"picked":"Machine Learning","floor":16},{"not_picked":["Redo","Steam"],"picked":"Barrage","floor":17},{"not_picked":["Lockon","Rebound"],"picked":"Leap","floor":17},{"not_picked":["Lockon","Rebound"],"picked":"Leap","floor":17},{"not_picked":["Reprogram","Rip and Tear"],"picked":"Electrodynamics","floor":18},{"not_picked":["Heatsinks","Aggregate","Glacier"],"picked":"SKIP","floor":19}],"player_experience":67474,"relics_obtained":[{"floor":6,"key":"Pantograph"},{"floor":9,"key":"Anchor"}],"event_choices":[{"damage_healed":0,"gold_gain":0,"player_choice":"Lose Max HP","damage_taken":0,"relics_obtained":["Golden Idol"],"max_hp_gain":0,"max_hp_loss":6,"event_name":"Golden Idol","floor":12,"gold_loss":0},{"damage_healed":0,"gold_gain":0,"player_choice":"Fought Bandits","damage_taken":0,"max_hp_gain":0,"max_hp_loss":0,"event_name":"Masked Bandits","floor":21,"gold_loss":0}],"is_beta":false,"boss_relics":[{"not_picked":["Busted Crown","Tiny House"],"picked":"Orrery"}],"items_purged_floors":[],"is_endless":false,"potions_floor_spawned":[2,3,6,7,11,14,16],"killed_by":"Masked Bandits","ascension_level":1}