{"gold_per_floor":[115,115,115,40,59,59,84,148,148,148,75,91,91,126,126,229,229,244,244,244,260,277,277,277],"floor_reached":24,"playtime":800,"items_purged":["Meteor Strike"],"score":263,"play_id":"25e671f2-c342-482d-8b79-07e669945348","local_time":"20190429001348","is_ascension_mode":true,"campfire_choices":[{"data":"Zap","floor":6,"key":"SMITH"},{"floor":10,"key":"REST"},{"floor":15,"key":"REST"},{"data":"Defragment","floor":23,"key":"SMITH"}],"neow_cost":"NONE","seed_source_timestamp":1524771347405400,"circlet_count":0,"master_deck":["Strike_B","Strike_B","Strike_B","Strike_B","Defend_B","Defend_B","Defend_B","Defend_B","Zap+1","Dualcast","Ball Lightning","Defragment+1","Barrage","Beam Cell+1","Doom and Gloom+1","Hologram","Capacitor","Biased Cognition","Ball Lightning+1","RitualDagger+1","Genetic Algorithm","Steam"],"relics":["Cracked Core","Matryoshka","Molten Egg 2","Strawberry","Bottled Tornado","Boot","Coffee Dripper","MutagenicStrength"],"potions_floor_usage":[16,21,22,22,22,24,24],"damage_taken":[{"damage":2,"enemies":"Jaw Worm","floor":1,"turns":3},{"damage":0,"enemies":"Small Slimes","floor":5,"turns":3},{"damage":25,"enemies":"Lagavulin","floor":7,"turns":5},{"damage":40,"enemies":"Lagavulin Event","floor":8,"turns":4},{"damage":1,"enemies":"Cultist","floor":12,"turns":3},{"damage":16,"enemies":"Gremlin Nob","floor":14,"turns":3},{"damage":45,"enemies":"Slime Boss","floor":16,"turns":8},{"damage":34,"enemies":"Shell Parasite","floor":18,"turns":5},{"damage":17,"enemies":"2 Thieves","floor":21,"turns":3},{"damage":6,"enemies":"Snecko","floor":22,"turns":3},{"damage":8,"enemies":"Cultist and Chosen","floor":24,"turns":1}],"seed_played":"3397724173245804065","potions_obtained":[{"floor":1,"key":"PowerPotion"},{"floor":8,"key":"EntropicBrew"},{"floor":14,"key":"Swift Potion"},{"floor":18,"key":"Block Potion"},{"floor":22,"key":"AttackPotion"}],"is_trial":false,"path_per_floor":["M","?","?","$","M","R","E","?","T","R","$","M","?","E","R","B",null,"M","?","?","M","M","R","M"],"character_chosen":"DEFECT","items_purchased":["Doom and Gloom+1"],"campfire_rested":2,"item_purchase_floors":[11],"current_hp_per_floor":[66,71,71,71,71,71,46,6,13,39,39,38,38,22,48,3,66,32,32,26,9,3,3,0],"gold":277,"neow_bonus":"ONE_RANDOM_RARE_CARD","is_prod":false,"is_daily":false,"chose_seed":false,"campfire_upgraded":2,"win_rate":0,"timestamp":1556522028,"path_taken":["M","?","?","$","?","R","E","?","T","R","$","M","?","E","R","BOSS","M","?","?","M","M","R","M"],"build_version":"2019-01-23","purchased_purges":1,"victory":false,"max_hp_per_floor":[75,80,80,80,80,80,80,80,87,87,87,87,87,87,87,87,87,87,87,87,87,87,87,87],"card_choices":[{"not_picked":["Double Energy","Melter"],"picked":"Ball Lightning","floor":1},{"not_picked":["Go for the Eyes","Steam"],"picked":"Defragment","floor":5},{"not_picked":["Fission","Beam Cell"],"picked":"Barrage","floor":7},{"not_picked":["Turbo","Compile Driver"],"picked":"Beam Cell","floor":8},{"not_picked":["Undo","Force Field"],"picked":"Hologram","floor":12},{"not_picked":["Creative AI","Hologram"],"picked":"Capacitor","floor":14},{"not_picked":["Machine Learning","Multi-Cast"],"picked":"Biased Cognition","floor":16},{"not_picked":["Go for the Eyes+1","Barrage+1"],"picked":"Ball Lightning+1","floor":18},{"not_picked":["Capacitor","Rebound+1"],"picked":"Genetic Algorithm","floor":21},{"not_picked":["Turbo","Redo+1"],"picked":"Steam","floor":22}],"player_experience":399147,"relics_obtained":[{"floor":7,"key":"Matryoshka"},{"floor":8,"key":"Molten Egg 2"},{"floor":9,"key":"Strawberry"},{"floor":9,"key":"Bottled Tornado"},{"floor":14,"key":"Boot"}],"event_choices":[{"damage_healed":0,"gold_gain":0,"player_choice":"Donut","damage_taken":0,"max_hp_gain":5,"max_hp_loss":0,"event_name":"Big Fish","floor":2,"gold_loss":0},{"damage_healed":0,"gold_gain":0,"player_choice":"Bought 0 Potions","damage_taken":0,"max_hp_gain":0,"max_hp_loss":0,"event_name":"The Woman in Blue","floor":3,"gold_loss":0},{"damage_healed":0,"gold_gain":30,"player_choice":"Searched \u00272\u0027 times","damage_taken":0,"max_hp_gain":0,"max_hp_loss":0,"event_name":"Dead Adventurer","floor":8,"gold_loss":0},{"damage_healed":0,"gold_gain":0,"player_choice":"Ignored","damage_taken":0,"max_hp_gain":0,"max_hp_loss":0,"event_name":"Liars Game","floor":13,"gold_loss":0},{"damage_healed":0,"gold_gain":0,"player_choice":"Inject Mutagens","damage_taken":0,"relics_obtained":["MutagenicStrength"],"max_hp_gain":0,"max_hp_loss":0,"event_name":"Drug Dealer","floor":19,"gold_loss":0},{"damage_healed":0,"gold_gain":0,"player_choice":"Joined the Cult","damage_taken":6,"max_hp_gain":0,"max_hp_loss":0,"event_name":"Nest","floor":20,"gold_loss":0,"cards_obtained":["RitualDagger"]}],"is_beta":false,"boss_relics":[{"not_picked":["Fusion Hammer","Calling Bell"],"picked":"Coffee Dripper"}],"items_purged_floors":[4],"is_endless":false,"potions_floor_spawned":[1,8,14,18,22],"killed_by":"Cultist and Chosen","ascension_level":6}