{"gold_per_floor":[118,134,146,321,339,339,349,349,419,419,430,15,15,33,33,109,109,19],"floor_reached":18,"playtime":563,"items_purged":[],"score":354,"play_id":"8ad483ec-3e8c-4a7e-912c-3be3ea3736e4","local_time":"20190510224357","is_ascension_mode":true,"campfire_choices":[{"data":"Fission","floor":6,"key":"SMITH"},{"data":"Defragment","floor":10,"key":"SMITH"},{"floor":15,"key":"REST"}],"neow_cost":"NONE","seed_source_timestamp":272911252822200,"circlet_count":0,"master_deck":["AscendersBane","Strike_B","Strike_B","Strike_B","Strike_B","Defend_B","Defend_B","Defend_B","Defend_B","Zap","Dualcast","Fission+1","Force Field","Doubt","Capacitor","Defragment+1","Fusion","Self Repair","Panache","Rainbow","Shame","Doubt","Decay"],"relics":["Cracked Core","NeowsBlessing","Letter Opener","Bottled Lightning","Toy Ornithopter","Calling Bell","Omamori","Meat on the Bone","Gambling Chip"],"potions_floor_usage":[14,16,16],"damage_taken":[{"damage":0,"enemies":"Cultist","floor":1,"turns":1},{"damage":0,"enemies":"Jaw Worm","floor":2,"turns":1},{"damage":0,"enemies":"2 Louse","floor":3,"turns":1},{"damage":8,"enemies":"Red Slaver","floor":5,"turns":4},{"damage":13,"enemies":"Large Slime","floor":7,"turns":7},{"damage":9,"enemies":"Blue Slaver","floor":11,"turns":4},{"damage":5,"enemies":"Exordium Wildlife","floor":14,"turns":5},{"damage":74,"enemies":"Hexaghost","floor":16,"turns":12},{"damage":63,"enemies":"2 Thieves","floor":18,"turns":3}],"seed_played":"-3533519383978030529","potions_obtained":[{"floor":2,"key":"Energy Potion"},{"floor":3,"key":"EssenceOfSteel"},{"floor":13,"key":"AttackPotion"},{"floor":13,"key":"FocusPotion"},{"floor":14,"key":"Weak Potion"}],"is_trial":false,"path_per_floor":["M","M","M","?","M","R","M","T","T","R","M","$","?","M","R","B",null,"M"],"character_chosen":"DEFECT","items_purchased":["Toy Ornithopter","Self Repair","Panache"],"campfire_rested":1,"item_purchase_floors":[12,12,12],"current_hp_per_floor":[68,68,68,68,60,60,47,47,47,47,38,38,38,45,67,8,58,0],"gold":19,"neow_bonus":"THREE_ENEMY_KILL","is_prod":false,"is_daily":false,"chose_seed":false,"campfire_upgraded":2,"win_rate":0,"timestamp":1557521037,"path_taken":["M","?","M","?","M","R","M","?","T","R","M","$","?","M","R","BOSS","M"],"build_version":"2019-01-23","purchased_purges":0,"victory":false,"max_hp_per_floor":[75,75,75,75,75,75,75,75,75,75,75,75,75,75,75,75,75,75],"card_choices":[{"not_picked":["Barrage","Beam Cell","Compile Driver"],"picked":"SKIP","floor":1},{"not_picked":["Turbo","Steam Power"],"picked":"Fission","floor":2},{"not_picked":["Sweeping Beam","Turbo"],"picked":"Force Field","floor":3},{"not_picked":["Barrage","Gash"],"picked":"Capacitor","floor":5},{"not_picked":["Force Field","Gash"],"picked":"Defragment","floor":7},{"not_picked":["Stack","Compile Driver"],"picked":"Fusion","floor":11},{"not_picked":["Aggregate","Steam","Go for the Eyes"],"picked":"SKIP","floor":14},{"not_picked":["All For One","Reboot"],"picked":"Rainbow","floor":16}],"player_experience":1840097,"relics_obtained":[{"floor":8,"key":"Letter Opener"},{"floor":9,"key":"Bottled Lightning"},{"floor":17,"key":"Omamori"},{"floor":17,"key":"Meat on the Bone"},{"floor":17,"key":"Gambling Chip"}],"event_choices":[{"damage_healed":0,"gold_gain":175,"player_choice":"AGREE","damage_taken":0,"max_hp_gain":0,"max_hp_loss":0,"event_name":"Liars Game","floor":4,"gold_loss":0,"cards_obtained":["Doubt"]},{"damage_healed":0,"gold_gain":0,"player_choice":"Got Potions","damage_taken":0,"max_hp_gain":0,"max_hp_loss":0,"event_name":"Lab","floor":13,"gold_loss":0}],"is_beta":false,"boss_relics":[{"not_picked":["Sozu","Philosopher\u0027s Stone"],"picked":"Calling Bell"}],"items_purged_floors":[],"is_endless":false,"potions_floor_spawned":[2,3,5,14],"killed_by":"2 Thieves","ascension_level":13}