{"gold_per_floor":[113,38,50,50,66,66,66,91,91,112,127,127,138,63,63,159,159,172,186,61,80,80,80,107,122,149,149],"floor_reached":27,"playtime":2755,"items_purged":["Bash","Defend_R"],"score":268,"play_id":"acf14492-7cb9-4cfa-8700-1376ba144253","local_time":"20181124022718","is_ascension_mode":true,"campfire_choices":[{"data":"True Grit","floor":6.0,"key":"SMITH"},{"floor":15.0,"key":"REST"},{"floor":23.0,"key":"REST"}],"neow_cost":"NONE","seed_source_timestamp":90367362579677,"circlet_count":0,"master_deck":["Strike_R","Defend_R","Defend_R","Defend_R","True Grit+1","Rampage","Metallicize","Warcry","Warcry","Warcry","Fiend Fire","Burning Pact+1","Disarm+1","Twin Strike+1","Headbutt","Headbutt","Fiend Fire","Decay","Shrug It Off+1"],"special_seed":0,"relics":["Burning Blood","Sundial","Blood Vial","Odd Mushroom","Astrolabe","Omamori","Anchor"],"potions_floor_usage":[25],"damage_taken":[{"damage":11.0,"enemies":"Small Slimes","floor":1.0,"turns":5.0},{"damage":10.0,"enemies":"2 Louse","floor":3.0,"turns":3.0},{"damage":3.0,"enemies":"Cultist","floor":5.0,"turns":4.0},{"damage":34.0,"enemies":"Lagavulin","floor":8.0,"turns":9.0},{"damage":32.0,"enemies":"The Mushroom Lair","floor":10.0,"turns":7.0},{"damage":8.0,"enemies":"3 Louse","floor":11.0,"turns":5.0},{"damage":3.0,"enemies":"Looter","floor":13.0,"turns":5.0},{"damage":23.0,"enemies":"The Guardian","floor":16.0,"turns":13.0},{"damage":3.0,"enemies":"Chosen","floor":18.0,"turns":8.0},{"damage":29.0,"enemies":"3 Byrds","floor":19.0,"turns":8.0},{"damage":32.0,"enemies":"Centurion and Healer","floor":21.0,"turns":5.0},{"damage":80.0,"enemies":"Slavers","floor":24.0,"turns":7.0},{"damage":22,"enemies":"Snake Plant","floor":25,"turns":8},{"damage":16,"enemies":"3 Cultists","floor":27,"turns":3}],"seed_played":"7233707072607742462","potions_obtained":[{"floor":3.0,"key":"FearPotion"},{"floor":5.0,"key":"AttackPotion"},{"floor":8.0,"key":"SpeedPotion"},{"floor":11.0,"key":"Fire Potion"},{"floor":16.0,"key":"Regen Potion"},{"floor":19.0,"key":"PowerPotion"},{"floor":24.0,"key":"Regen Potion"}],"is_trial":false,"path_per_floor":["M","$","M","$","M","R","?","E","T","?","M","?","M","$","R","B",null,"M","M","$","M","?","R","E","M","T","M"],"character_chosen":"IRONCLAD","items_purchased":["Rampage","Headbutt"],"campfire_rested":2,"item_purchase_floors":[2,20],"current_hp_per_floor":[83,83,79,79,82,82,82,54,54,30,30,30,35,35,61,46,88,88,65,65,55,55,81,9,10,10,0],"gold":149,"neow_bonus":"TEN_PERCENT_HP_BONUS","is_prod":false,"is_daily":false,"chose_seed":false,"campfire_upgraded":1,"win_rate":0,"timestamp":1542994038,"path_taken":["M","$","M","$","M","R","?","E","T","?","M","?","M","$","R","BOSS","M","M","$","?","?","R","E","M","T","M"],"build_version":"2018-11-15","purchased_purges":2,"victory":false,"max_hp_per_floor":[88,88,88,88,88,88,88,88,88,88,88,88,88,88,88,88,88,88,88,88,88,88,88,88,88,88,88],"card_choices":[{"not_picked":["Heavy Blade","Clash"],"picked":"True Grit","floor":1.0},{"not_picked":["Armaments","Searing Blow"],"picked":"Metallicize","floor":3.0},{"not_picked":["Cleave","Intimidate","Fire Breathing"],"picked":"SKIP","floor":5.0},{"not_picked":["Evolve","Body Slam"],"picked":"Warcry","floor":8.0},{"not_picked":["Juggernaut","Infernal Blade"],"picked":"Warcry","floor":10.0},{"not_picked":["Flex","Pommel Strike","Corruption"],"picked":"SKIP","floor":11.0},{"not_picked":["Rupture","Clash"],"picked":"Warcry","floor":13.0},{"not_picked":["Feed","Berserk"],"picked":"Fiend Fire","floor":16.0},{"not_picked":["Carnage","Sword Boomerang","Clash"],"picked":"SKIP","floor":18.0},{"not_picked":["Cleave+1","Perfected Strike"],"picked":"Headbutt","floor":19.0},{"not_picked":["Thunderclap","Cleave"],"picked":"Fiend Fire","floor":21.0},{"not_picked":["Pummel","Headbutt"],"picked":"Shrug It Off+1","floor":24.0},{"not_picked":["Wild Strike","Perfected Strike","Clothesline+1"],"picked":"SKIP","floor":25}],"player_experience":45658,"relics_obtained":[{"floor":8.0,"key":"Sundial"},{"floor":9.0,"key":"Blood Vial"},{"floor":10.0,"key":"Odd Mushroom"},{"floor":24.0,"key":"Omamori"},{"floor":26,"key":"Anchor"}],"event_choices":[{"damage_healed":0.0,"max_hp_gain":0.0,"max_hp_loss":0.0,"gold_gain":0.0,"event_name":"Liars Game","player_choice":"Ignored","floor":7.0,"gold_loss":0.0,"damage_taken":0.0},{"damage_healed":0.0,"max_hp_gain":0.0,"max_hp_loss":0.0,"gold_gain":0.0,"event_name":"Mushrooms","player_choice":"Fought Mushrooms","floor":10.0,"gold_loss":0.0,"damage_taken":0.0},{"cards_removed":["Strike_R"],"damage_healed":0.0,"max_hp_gain":0.0,"max_hp_loss":0.0,"gold_gain":0.0,"event_name":"Bonfire Elementals","player_choice":"Offered Basic","floor":12.0,"gold_loss":0.0,"damage_taken":0.0},{"damage_healed":0.0,"max_hp_gain":0.0,"max_hp_loss":0.0,"gold_gain":0.0,"event_name":"Forgotten Altar","player_choice":"Smashed Altar","floor":22.0,"gold_loss":0.0,"damage_taken":0.0,"cards_obtained":["Decay"]}],"is_beta":false,"boss_relics":[{"not_picked":["Mark of Pain","White Beast Statue"],"picked":"Astrolabe"}],"items_purged_floors":[14,20],"is_endless":false,"potions_floor_spawned":[3,5,8,11,16,19,24],"killed_by":"3 Cultists","ascension_level":3}