{"gold_per_floor":[15,15,30,49,49,49,15,15,39,66,84,96,131,145,145,249,249,260,274,274,289,309,309,327,27,27,27,38,38,58,84,96,208,220,248,280,138,0,17,17],"floor_reached":40,"playtime":1983,"items_purged":["Regret"],"score":633,"play_id":"745d0f6c-b6f3-4a31-8ea7-923bf696b885","local_time":"20190127122643","is_ascension_mode":true,"campfire_choices":[{"data":"1","floor":6,"key":"LIFT"},{"data":"2","floor":8,"key":"LIFT"},{"data":"3","floor":15,"key":"LIFT"},{"floor":23,"key":"REST"},{"floor":27,"key":"REST"},{"data":"True Grit","floor":29,"key":"SMITH"},{"floor":32,"key":"REST"}],"neow_cost":"NO_GOLD","seed_source_timestamp":325241807554000,"circlet_count":0,"master_deck":["AscendersBane","Strike_R","Strike_R","Strike_R","Strike_R","Strike_R","Defend_R","Defend_R","Defend_R","Defend_R","Bash","Flame Barrier","Anger","Battle Trance","Pummel","Cleave","Heavy Blade","True Grit+1","Reaper","Rage+1","Shrug It Off","Seeing Red","Spot Weakness+1","Rage+1","Disarm","Fiend Fire","Limit Break","Exhume","Regret","Writhe","Sever Soul","Pummel"],"relics":["Burning Blood","Girya","Happy Flower","Bottled Flame","Calipers","Lizard Tail","Magic Flower","Mummified Hand","MawBank","Calling Bell","Dream Catcher","Frozen Egg 2","Turnip","Red Mask"],"potions_floor_usage":[2,3,10,10,10,13,14,22,28,30,31,33,33,35,39,40],"damage_taken":[{"damage":8,"enemies":"2 Louse","floor":1,"turns":4},{"damage":1,"enemies":"Cultist","floor":3,"turns":5},{"damage":0,"enemies":"Small Slimes","floor":4,"turns":4},{"damage":8,"enemies":"Lagavulin","floor":10,"turns":4},{"damage":0,"enemies":"Exordium Wildlife","floor":11,"turns":2},{"damage":14,"enemies":"Red Slaver","floor":12,"turns":2},{"damage":8,"enemies":"Gremlin Nob","floor":13,"turns":3},{"damage":0,"enemies":"Exordium Thugs","floor":14,"turns":3},{"damage":18,"enemies":"Slime Boss","floor":16,"turns":7},{"damage":14,"enemies":"3 Byrds","floor":18,"turns":3},{"damage":14,"enemies":"Spheric Guardian","floor":19,"turns":4},{"damage":23,"enemies":"Snecko","floor":21,"turns":5},{"damage":17,"enemies":"Cultist and Chosen","floor":22,"turns":5},{"damage":53,"enemies":"Snake Plant","floor":24,"turns":5},{"damage":2,"enemies":"Shelled Parasite and Fungi","floor":28,"turns":5},{"damage":26,"enemies":"Cultist and Chosen","floor":30,"turns":8},{"damage":48,"enemies":"Gremlin Leader","floor":31,"turns":7},{"damage":78,"enemies":"Automaton","floor":33,"turns":10},{"damage":29,"enemies":"3 Shapes","floor":35,"turns":3},{"damage":31,"enemies":"Orb Walker","floor":36,"turns":4},{"damage":38,"enemies":"Maw","floor":39,"turns":7},{"damage":170,"enemies":"Giant Head","floor":40,"turns":8}],"seed_played":"-1648211270213705762","potions_obtained":[{"floor":1,"key":"Block Potion"},{"floor":2,"key":"EntropicBrew"},{"floor":2,"key":"Fruit Juice"},{"floor":2,"key":"Fire Potion"},{"floor":4,"key":"Swift Potion"},{"floor":11,"key":"BloodPotion"},{"floor":13,"key":"Energy Potion"},{"floor":21,"key":"SteroidPotion"},{"floor":24,"key":"Block Potion"},{"floor":28,"key":"Block Potion"},{"floor":30,"key":"Weak Potion"},{"floor":31,"key":"LiquidBronze"},{"floor":33,"key":"Fire Potion"},{"floor":35,"key":"AttackPotion"}],"is_trial":false,"path_per_floor":["M","?","M","M","?","R","$","R","T","E","M","M","E","M","R","B",null,"M","M","?","M","M","R","M","$","T","R","M","R","M","E","R","B",null,"M","M","$","?","M","E"],"character_chosen":"IRONCLAD","items_purchased":["Pummel","Magic Flower","Pummel"],"campfire_rested":3,"item_purchase_floors":[7,25,37],"current_hp_per_floor":[70,75,80,85,85,85,85,85,85,83,85,77,75,81,81,69,81,73,70,62,45,48,73,36,36,36,61,85,85,72,46,71,45,75,85,64,64,64,35,0],"gold":17,"neow_bonus":"ONE_RARE_RELIC","is_prod":false,"is_daily":false,"chose_seed":false,"campfire_upgraded":1,"win_rate":0,"timestamp":1548588403,"path_taken":["M","?","?","M","?","R","?","R","T","E","M","?","E","M","R","BOSS","M","M","?","?","M","R","M","?","T","R","M","R","M","E","R","BOSS","M","M","$","?","M","E"],"build_version":"2019-01-23","purchased_purges":1,"victory":false,"max_hp_per_floor":[80,85,85,85,85,85,85,85,85,85,85,85,85,85,85,85,85,85,85,85,85,85,85,85,85,85,85,85,85,85,85,85,85,85,85,85,85,85,85,85],"card_choices":[{"not_picked":["Dual Wield","Flex"],"picked":"Flame Barrier","floor":1},{"not_picked":["Havoc","Pummel"],"picked":"Anger","floor":3},{"not_picked":["Rage","Twin Strike"],"picked":"Battle Trance","floor":4},{"not_picked":["Perfected Strike","Anger"],"picked":"Cleave","floor":10},{"not_picked":["Twin Strike","Sword Boomerang","Sever Soul"],"picked":"SKIP","floor":11},{"not_picked":["Havoc","Hemokinesis"],"picked":"Heavy Blade","floor":12},{"not_picked":["Second Wind","Thunderclap","Battle Trance"],"picked":"SKIP","floor":13},{"not_picked":["Shrug It Off","Disarm"],"picked":"True Grit","floor":14},{"not_picked":["Demon Form","Fiend Fire"],"picked":"Reaper","floor":16},{"not_picked":["Evolve","Reckless Charge"],"picked":"Rage+1","floor":18},{"not_picked":["Shockwave","Twin Strike"],"picked":"Shrug It Off","floor":19},{"not_picked":["Thunderclap","Clothesline"],"picked":"Seeing Red","floor":21},{"not_picked":["Feel No Pain","True Grit"],"picked":"Spot Weakness+1","floor":22},{"not_picked":["Iron Wave","Rampage+1"],"picked":"Rage+1","floor":24},{"not_picked":["Clash","Anger"],"picked":"Disarm","floor":28},{"not_picked":["Spot Weakness","True Grit"],"picked":"Fiend Fire","floor":30},{"not_picked":["Bloodletting","Wild Strike"],"picked":"Limit Break","floor":31},{"not_picked":["Brutality","Juggernaut"],"picked":"Exhume","floor":33},{"not_picked":["Body Slam","Pommel Strike"],"picked":"Sever Soul","floor":35},{"not_picked":["Twin Strike","Rupture+1","Fire Breathing+1"],"picked":"SKIP","floor":36},{"not_picked":["Cleave","Combust+1","Hemokinesis"],"picked":"SKIP","floor":39}],"player_experience":1329973,"relics_obtained":[{"floor":9,"key":"Happy Flower"},{"floor":10,"key":"Bottled Flame"},{"floor":13,"key":"Calipers"},{"floor":26,"key":"Mummified Hand"},{"floor":31,"key":"MawBank"},{"floor":34,"key":"Dream Catcher"},{"floor":34,"key":"Frozen Egg 2"},{"floor":34,"key":"Turnip"}],"event_choices":[{"damage_healed":0,"gold_gain":0,"player_choice":"Got Potions","damage_taken":0,"max_hp_gain":0,"max_hp_loss":0,"event_name":"Lab","floor":2,"gold_loss":0},{"damage_healed":0,"gold_gain":0,"player_choice":"Leave","damage_taken":0,"max_hp_gain":0,"max_hp_loss":0,"event_name":"The Cleric","floor":5,"gold_loss":0},{"damage_healed":0,"gold_gain":0,"player_choice":"","damage_taken":8,"max_hp_gain":0,"max_hp_loss":0,"event_name":"Knowing Skull","floor":20,"potions_obtained":[],"gold_loss":0,"cards_obtained":[]},{"damage_healed":0,"gold_gain":0,"player_choice":"Paid","damage_taken":0,"relics_obtained":["Red Mask"],"max_hp_gain":0,"max_hp_loss":0,"event_name":"Tomb of Lord Red Mask","floor":38,"gold_loss":138}],"is_beta":false,"boss_relics":[{"not_picked":["Coffee Dripper","Tiny House"],"picked":"Lizard Tail"},{"not_picked":["Snecko Eye","Philosopher\u0027s Stone"],"picked":"Calling Bell"}],"items_purged_floors":[37],"is_endless":false,"potions_floor_spawned":[1,4,11,13,21,24,28,30,31,33,35],"killed_by":"Giant Head","ascension_level":10}