{"gold_per_floor":[111,61,61,61,76,102,102,116,116,116,116,116,116,132,132,235,235,248,248],"floor_reached":19,"playtime":1105,"items_purged":[],"score":248,"play_id":"2c6aca94-a643-4b1f-81cb-642ee1912a0e","local_time":"20190424180729","is_ascension_mode":true,"campfire_choices":[{"data":"Expertise","floor":7,"key":"SMITH"},{"data":"Grand Finale","floor":11,"key":"SMITH"},{"data":"Tools of the Trade","floor":13,"key":"SMITH"},{"data":"Bouncing Flask","floor":15,"key":"SMITH"}],"neow_cost":"NONE","seed_source_timestamp":22037189102418,"circlet_count":0,"master_deck":["AscendersBane","Survivor","Neutralize","Dodge and Roll","Tools of the Trade+1","Underhanded Strike","Grand Finale+1","Envenom","Deadly Poison","Dash","Expertise+1","Tactician","Bouncing Flask+1","PiercingWail","Tools of the Trade"],"relics":["Pandora\u0027s Box","Ginger","The Specimen","Letter Opener","Black Star"],"potions_floor_usage":[18,19],"damage_taken":[{"damage":3,"enemies":"2 Louse","floor":1,"turns":3},{"damage":1,"enemies":"Jaw Worm","floor":5,"turns":3},{"damage":3,"enemies":"Gremlin Nob","floor":6,"turns":3},{"damage":0,"enemies":"Small Slimes","floor":8,"turns":2},{"damage":0,"enemies":"Red Slaver","floor":14,"turns":2},{"damage":39,"enemies":"The Guardian","floor":16,"turns":6},{"damage":37,"enemies":"3 Byrds","floor":18,"turns":4},{"damage":42,"enemies":"Masked Bandits","floor":19,"turns":3}],"seed_played":"2985682451147561678","potions_obtained":[{"floor":6,"key":"Regen Potion"},{"floor":14,"key":"SkillPotion"}],"is_trial":false,"path_per_floor":["M","?","?","?","M","E","R","M","T","?","R","?","R","M","R","B",null,"M","?"],"character_chosen":"THE_SILENT","items_purchased":[],"campfire_rested":0,"item_purchase_floors":[],"current_hp_per_floor":[60,60,42,70,69,66,66,66,66,59,59,59,59,59,59,20,58,21,0],"gold":248,"neow_bonus":"BOSS_RELIC","is_prod":false,"is_daily":false,"chose_seed":false,"campfire_upgraded":4,"win_rate":0,"timestamp":1556154449,"path_taken":["M","?","?","?","M","E","R","?","T","?","R","?","R","M","R","BOSS","M","?"],"build_version":"2019-01-23","purchased_purges":0,"victory":false,"max_hp_per_floor":[70,70,70,70,70,70,70,70,70,70,70,70,70,70,70,70,70,70,70],"card_choices":[{"not_picked":["Dagger Spray","Catalyst"],"picked":"Expertise","floor":1},{"not_picked":["Flying Knee","Masterful Stab"],"picked":"Slice","floor":5},{"not_picked":["Bane","Heel Hook"],"picked":"Tactician","floor":6},{"not_picked":["Underhanded Strike","Outmaneuver"],"picked":"Bouncing Flask","floor":8},{"not_picked":["Dagger Spray","Deadly Poison"],"picked":"PiercingWail","floor":14},{"not_picked":["Wraith Form v2","Venomology"],"picked":"Tools of the Trade","floor":16},{"not_picked":["Accuracy","Deadly Poison","Outmaneuver"],"picked":"SKIP","floor":18}],"player_experience":1467483,"relics_obtained":[{"floor":6,"key":"The Specimen"},{"floor":9,"key":"Letter Opener"}],"event_choices":[{"cards_removed":["Wraith Form v2"],"damage_healed":0,"gold_gain":0,"player_choice":"Card Removal","damage_taken":0,"max_hp_gain":0,"max_hp_loss":0,"event_name":"The Cleric","floor":2,"gold_loss":50},{"damage_healed":0,"gold_gain":0,"player_choice":"Success","damage_taken":18,"relics_obtained":["Ginger"],"max_hp_gain":0,"max_hp_loss":0,"event_name":"Scrap Ooze","floor":3,"gold_loss":0},{"cards_removed":["Finisher"],"damage_healed":28,"gold_gain":0,"player_choice":"Offered Uncommon","damage_taken":0,"max_hp_gain":0,"max_hp_loss":0,"event_name":"Bonfire Elementals","floor":4,"gold_loss":0},{"cards_removed":["Slice"],"damage_healed":0,"gold_gain":0,"player_choice":"Card Removal","damage_taken":7,"max_hp_gain":0,"max_hp_loss":0,"event_name":"Golden Wing","floor":10,"gold_loss":0},{"cards_removed":["Bane"],"damage_healed":0,"gold_gain":0,"player_choice":"Purged","damage_taken":0,"max_hp_gain":0,"max_hp_loss":0,"event_name":"Purifier","floor":12,"gold_loss":0},{"damage_healed":0,"gold_gain":0,"player_choice":"Fought Bandits","damage_taken":0,"max_hp_gain":0,"max_hp_loss":0,"event_name":"Masked Bandits","floor":19,"gold_loss":0}],"is_beta":false,"boss_relics":[{"not_picked":["White Beast Statue","Lizard Tail"],"picked":"Black Star"}],"items_purged_floors":[],"is_endless":false,"potions_floor_spawned":[6,14],"killed_by":"Masked Bandits","ascension_level":10}