{"gold_per_floor":[111,59,59,73,89,89,105,139,139,61,61,79,154,164,164,262,262,281,281,281,113,113,113,142,142,142,142,142],"floor_reached":28,"playtime":1579,"items_purged":["Regret"],"score":318,"play_id":"d4cc9317-9e53-4dad-9b62-6d1cd3666e98","local_time":"20181030155244","is_ascension_mode":true,"campfire_choices":[{"floor":6,"key":"REST"},{"floor":15,"key":"REST"},{"data":"Burst","floor":23,"key":"SMITH"},{"data":"Corpse Explosion","floor":25,"key":"SMITH"}],"neow_cost":"NONE","seed_source_timestamp":66165382305800,"circlet_count":0,"master_deck":["Defend_G","Defend_G","Defend_G","Defend_G","Defend_G","Strike_G","Survivor","Neutralize","Backflip+1","Doppelganger+1","Reflex+1","Quick Slash","Dagger Throw","Quick Slash","Flechettes","Underhanded Strike","Corpse Explosion+1","Blur","Burst+1","Crippling Poison","RitualDagger","Ghostly","Ghostly","Ghostly","Ghostly","Ghostly","Enlightenment","Writhe","Caltrops"],"relics":["Astrolabe","Meat on the Bone","Juzu Bracelet","Singing Bowl","Eternal Feather","Smiling Mask","Strawberry","Du-Vu Doll"],"potions_floor_usage":[8,8,12,14,16,24],"damage_taken":[{"damage":6,"enemies":"Cultist","floor":1,"turns":7},{"damage":4,"enemies":"Small Slimes","floor":4,"turns":3},{"damage":5,"enemies":"Jaw Worm","floor":5,"turns":3},{"damage":1,"enemies":"Red Slaver","floor":7,"turns":4},{"damage":11,"enemies":"3 Sentries","floor":8,"turns":8},{"damage":15,"enemies":"Lots of Slimes","floor":12,"turns":3},{"damage":0,"enemies":"Exordium Wildlife","floor":14,"turns":4},{"damage":65,"enemies":"The Guardian","floor":16,"turns":14},{"damage":33,"enemies":"2 Thieves","floor":18,"turns":5},{"damage":13,"enemies":"Slavers","floor":24,"turns":8},{"damage":58,"enemies":"Gremlin Leader","floor":28,"turns":10}],"seed_played":"-7146841866050373491","potions_obtained":[{"floor":1,"key":"Fire Potion"},{"floor":7,"key":"AttackPotion"},{"floor":8,"key":"Swift Potion"},{"floor":12,"key":"SneckoOil"},{"floor":14,"key":"Block Potion"},{"floor":18,"key":"Block Potion"}],"is_trial":false,"path_per_floor":["M","$","?","M","M","R","M","E","T","$","$","M","?","M","R","B",null,"M","?","?","$","?","R","E","R","T","?"],"character_chosen":"THE_SILENT","items_purchased":["Dagger Throw","Blur","Enlightenment"],"campfire_rested":2,"item_purchase_floors":[2,10,21],"current_hp_per_floor":[64,64,64,60,55,70,69,58,58,58,58,45,34,48,70,17,60,39,33,33,33,33,37,31,44,44,44,0],"gold":142,"neow_bonus":"BOSS_RELIC","is_prod":false,"is_daily":false,"chose_seed":false,"campfire_upgraded":2,"win_rate":0,"timestamp":1540911164,"path_taken":["M","$","?","?","M","R","M","E","T","?","$","M","?","M","R","BOSS","M","?","?","$","?","R","E","R","T","?","E"],"build_version":"2018-10-25v2","purchased_purges":1,"victory":false,"max_hp_per_floor":[70,70,70,70,70,70,70,70,70,70,70,72,72,74,74,74,74,74,74,37,37,37,37,44,44,44,44,44],"card_choices":[{"not_picked":["Bane","Backflip"],"picked":"Quick Slash","floor":1},{"not_picked":["Outmaneuver","Flying Knee"],"picked":"Quick Slash","floor":4},{"not_picked":["Sucker Punch","Bane"],"picked":"Flechettes","floor":5},{"not_picked":["Catalyst","Cloak And Dagger"],"picked":"Underhanded Strike","floor":7},{"not_picked":["Prepared","Dagger Throw"],"picked":"Corpse Explosion","floor":8},{"not_picked":["Distraction","Skewer","Cloak And Dagger"],"picked":"Singing Bowl","floor":12},{"not_picked":["Deadly Poison","Outmaneuver","Underhanded Strike"],"picked":"Singing Bowl","floor":14},{"not_picked":["Venomology","Malaise"],"picked":"Burst","floor":16},{"not_picked":["Underhanded Strike","Bane"],"picked":"Crippling Poison","floor":18},{"not_picked":["Blur","Poisoned Stab+1"],"picked":"Caltrops","floor":24}],"player_experience":811181,"relics_obtained":[{"floor":8,"key":"Juzu Bracelet"},{"floor":9,"key":"Singing Bowl"},{"floor":24,"key":"Strawberry"},{"floor":26,"key":"Du-Vu Doll"}],"event_choices":[{"damage_healed":0,"gold_gain":0,"player_choice":"Box","damage_taken":0,"relics_obtained":["Meat on the Bone"],"max_hp_gain":0,"max_hp_loss":0,"event_name":"Big Fish","floor":3,"gold_loss":0,"cards_obtained":["Regret"]},{"damage_healed":0,"gold_gain":75,"player_choice":"Gather Gold","damage_taken":11,"max_hp_gain":0,"max_hp_loss":0,"event_name":"World of Goop","floor":13,"gold_loss":0},{"damage_healed":0,"gold_gain":0,"player_choice":"Joined the Cult","damage_taken":6,"max_hp_gain":0,"max_hp_loss":0,"event_name":"Nest","floor":19,"gold_loss":0,"cards_obtained":["RitualDagger"]},{"damage_healed":0,"gold_gain":0,"player_choice":"Became a Ghost","damage_taken":0,"max_hp_gain":0,"max_hp_loss":37,"event_name":"Ghosts","floor":20,"gold_loss":0,"cards_obtained":["Ghostly","Ghostly","Ghostly","Ghostly","Ghostly"]},{"damage_healed":0,"gold_gain":0,"player_choice":"Opened","damage_taken":0,"relics_obtained":["Smiling Mask"],"max_hp_gain":0,"max_hp_loss":0,"event_name":"The Mausoleum","floor":22,"gold_loss":0,"cards_obtained":["Writhe"]},{"cards_removed":["Strike_G"],"damage_healed":0,"gold_gain":0,"player_choice":"Elegance","damage_taken":0,"max_hp_gain":0,"max_hp_loss":0,"event_name":"Back to Basics","floor":27,"gold_loss":0}],"is_beta":false,"boss_relics":[{"not_picked":["Snecko Eye","Fusion Hammer"],"picked":"Eternal Feather"}],"items_purged_floors":[21],"is_endless":false,"potions_floor_spawned":[1,7,8,12,14,18],"killed_by":"Gremlin Leader","ascension_level":5}