{"gold_per_floor":[114,189,49,65,76,76,86,86,86,106,134,134,150,167,167,272,272,291,291,291],"floor_reached":20,"playtime":1680,"items_purged":[],"score":176,"play_id":"bcb0682a-152b-451c-b6b4-508ecf4d67b8","local_time":"20190223195452","is_ascension_mode":false,"campfire_choices":[{"data":"Glacier","floor":6.0,"key":"SMITH"},{"data":"Conserve Battery","floor":8.0,"key":"SMITH"},{"data":"Consume","floor":15.0,"key":"SMITH"}],"neow_cost":"NONE","seed_source_timestamp":0,"circlet_count":0,"master_deck":["Zap","Dualcast","Glacier+1","Capacitor","Gash","Conserve Battery+1","Consume+1","Conserve Battery","Echo Form","Genetic Algorithm","Chaos","All For One","Buffer","FTL","Skim","Chaos","Chill","Glacier+1"],"special_seed":0,"relics":["Cracked Core","Calipers","Mummified Hand","GremlinMask","Pandora\u0027s Box"],"potions_floor_usage":[20,20,20],"damage_taken":[{"damage":2.0,"enemies":"2 Louse","floor":1.0,"turns":2.0},{"damage":0.0,"enemies":"Cultist","floor":4.0,"turns":5.0},{"damage":1.0,"enemies":"Jaw Worm","floor":5.0,"turns":4.0},{"damage":0.0,"enemies":"Looter","floor":7.0,"turns":4.0},{"damage":5.0,"enemies":"Lots of Slimes","floor":10.0,"turns":6.0},{"damage":10.0,"enemies":"3 Sentries","floor":11.0,"turns":10.0},{"damage":2.0,"enemies":"Blue Slaver","floor":13.0,"turns":4.0},{"damage":0.0,"enemies":"Looter","floor":14.0,"turns":4.0},{"damage":34.0,"enemies":"The Guardian","floor":16.0,"turns":15.0},{"damage":7,"enemies":"Spheric Guardian","floor":18,"turns":5},{"damage":38,"enemies":"Colosseum Slavers","floor":20,"turns":7},{"damage":57,"enemies":"Colosseum Nobs","floor":20,"turns":4}],"seed_played":"-4401682011484810823","potions_obtained":[{"floor":1.0,"key":"Poison Potion"},{"floor":5.0,"key":"Regen Potion"},{"floor":7.0,"key":"AttackPotion"},{"floor":18,"key":"PowerPotion"}],"is_trial":false,"path_per_floor":["M","?","$","M","M","R","M","R","T","M","E","?","M","M","R","B",null,"M","?","?"],"character_chosen":"DEFECT","items_purchased":["Glacier","Capacitor"],"campfire_rested":0,"item_purchase_floors":[3,3],"current_hp_per_floor":[80,69,69,69,68,68,68,68,68,63,53,53,51,51,51,17,82,75,75,0],"gold":291,"neow_bonus":"TEN_PERCENT_HP_BONUS","is_prod":false,"is_daily":false,"chose_seed":false,"campfire_upgraded":3,"win_rate":1,"timestamp":1550980492,"path_taken":["M","?","$","M","M","R","M","R","T","M","E","?","?","?","R","BOSS","M","?","?"],"build_version":"2019-01-23","purchased_purges":0,"victory":false,"max_hp_per_floor":[82,82,82,82,82,82,82,82,82,82,82,82,82,82,82,82,82,82,82,82],"card_choices":[{"not_picked":["Beam Cell","Sweeping Beam"],"picked":"Reprogram","floor":1.0},{"not_picked":["Go for the Eyes","Barrage"],"picked":"Gash","floor":4.0},{"not_picked":["Rainbow","Coolheaded"],"picked":"Conserve Battery","floor":5.0},{"not_picked":["Chaos","Beam Cell","Streamline"],"picked":"SKIP","floor":7.0},{"not_picked":["Steam","Sweeping Beam"],"picked":"Consume","floor":10.0},{"not_picked":["Go for the Eyes","Beam Cell"],"picked":"Conserve Battery","floor":11.0},{"not_picked":["Beam Cell","Go for the Eyes","Steam"],"picked":"SKIP","floor":13.0},{"not_picked":["Rip and Tear","Sweeping Beam","Hologram"],"picked":"SKIP","floor":14.0},{"not_picked":["Meteor Strike","All For One"],"picked":"Echo Form","floor":16.0},{"not_picked":["Leap","Rebound+1"],"picked":"Glacier+1","floor":18}],"player_experience":220991,"relics_obtained":[{"floor":9.0,"key":"Calipers"},{"floor":11.0,"key":"Mummified Hand"}],"event_choices":[{"damage_healed":0.0,"max_hp_gain":0.0,"max_hp_loss":0.0,"gold_gain":75.0,"event_name":"World of Goop","player_choice":"Gather Gold","floor":2.0,"gold_loss":0.0,"damage_taken":11.0},{"damage_healed":0.0,"max_hp_gain":0.0,"max_hp_loss":0.0,"gold_gain":0.0,"event_name":"FaceTrader","player_choice":"Trade","floor":12.0,"gold_loss":0.0,"damage_taken":0.0,"relics_obtained":["GremlinMask"]},{"cards_removed":["Reprogram"],"damage_healed":0,"gold_gain":0,"player_choice":"Elegance","damage_taken":0,"max_hp_gain":0,"max_hp_loss":0,"event_name":"Back to Basics","floor":19,"gold_loss":0},{"damage_healed":0,"gold_gain":0,"player_choice":"Fight","damage_taken":0,"max_hp_gain":0,"max_hp_loss":0,"event_name":"Colosseum","floor":20,"gold_loss":0},{"damage_healed":0,"gold_gain":0,"player_choice":"Fought Nobs","damage_taken":0,"max_hp_gain":0,"max_hp_loss":0,"event_name":"Colosseum","floor":20,"gold_loss":0}],"is_beta":false,"boss_relics":[{"not_picked":["Tiny House","Runic Dome"],"picked":"Pandora\u0027s Box"}],"items_purged_floors":[],"is_endless":false,"potions_floor_spawned":[1,5,7,13,18],"killed_by":"Colosseum Nobs","ascension_level":0}