{"gold_per_floor":[112,62,62,62,62,103,67,67,67,102,102,116,116,116,116,116],"floor_reached":16,"playtime":394,"items_purged":[],"score":166,"play_id":"29eeb340-2511-46b7-bb80-7b6aa16ef4f5","local_time":"20190505135729","is_ascension_mode":true,"campfire_choices":[{"floor":8,"key":"REST"},{"floor":13,"key":"REST"},{"floor":15,"key":"REST"}],"neow_cost":"NONE","seed_source_timestamp":1225874764900,"circlet_count":0,"master_deck":["AscendersBane","Strike_B","Strike_B","Strike_B","Defend_B","Defend_B","Defend_B","Defend_B","Zap","Dualcast","Reinforced Body","Machine Learning","Defragment","Defragment"],"relics":["Cracked Core","DataDisk","Golden Idol","Gremlin Horn","Molten Egg 2","PreservedInsect"],"potions_floor_usage":[12,16,16],"damage_taken":[{"damage":6,"enemies":"2 Louse","floor":1,"turns":3},{"damage":26,"enemies":"Lagavulin","floor":6,"turns":8},{"damage":47,"enemies":"Gremlin Nob","floor":10,"turns":5},{"damage":0,"enemies":"Small Slimes","floor":12,"turns":2},{"damage":79,"enemies":"Slime Boss","floor":16,"turns":12}],"seed_played":"-5277886242690122032","potions_obtained":[{"floor":11,"key":"LiquidBronze"},{"floor":11,"key":"Explosive Potion"},{"floor":12,"key":"Block Potion"}],"is_trial":false,"path_per_floor":["M","?","?","$","?","E","$","R","T","E","?","M","R","?","R","B"],"character_chosen":"DEFECT","items_purchased":["Defragment"],"campfire_rested":3,"item_purchase_floors":[7],"current_hp_per_floor":[62,62,62,62,62,36,36,58,58,11,11,11,33,58,75,0],"gold":116,"neow_bonus":"RANDOM_COMMON_RELIC","is_prod":false,"is_daily":false,"chose_seed":false,"campfire_upgraded":0,"win_rate":0,"timestamp":1557057449,"path_taken":["M","?","?","$","?","E","?","R","T","E","?","?","R","?","R","BOSS"],"build_version":"2019-01-23","purchased_purges":0,"victory":false,"max_hp_per_floor":[75,75,75,75,75,75,75,75,75,75,75,75,75,75,75,75],"card_choices":[{"not_picked":["Compile Driver","Steam"],"picked":"Reinforced Body","floor":1},{"not_picked":["Stack","Sweeping Beam"],"picked":"Machine Learning","floor":6},{"not_picked":["Doom and Gloom+1","Consume","Hologram"],"picked":"SKIP","floor":10},{"not_picked":["Streamline+1","Redo"],"picked":"Defragment","floor":12}],"player_experience":1814174,"relics_obtained":[{"floor":6,"key":"Gremlin Horn"},{"floor":9,"key":"Molten Egg 2"},{"floor":10,"key":"PreservedInsect"}],"event_choices":[{"cards_removed":["Strike_B"],"damage_healed":0,"gold_gain":0,"player_choice":"Card Removal","damage_taken":0,"max_hp_gain":0,"max_hp_loss":0,"event_name":"The Cleric","floor":2,"gold_loss":50},{"damage_healed":0,"gold_gain":0,"player_choice":"Take Wound","damage_taken":0,"relics_obtained":["Golden Idol"],"max_hp_gain":0,"max_hp_loss":0,"event_name":"Golden Idol","floor":3,"gold_loss":0,"cards_obtained":["Injury"]},{"cards_removed":["Injury"],"damage_healed":0,"gold_gain":0,"player_choice":"Forget","damage_taken":0,"max_hp_gain":0,"max_hp_loss":0,"event_name":"Living Wall","floor":5,"gold_loss":0},{"damage_healed":0,"gold_gain":0,"player_choice":"Got Potions","damage_taken":0,"max_hp_gain":0,"max_hp_loss":0,"event_name":"Lab","floor":11,"gold_loss":0},{"damage_healed":25,"gold_gain":0,"player_choice":"Banana","damage_taken":0,"max_hp_gain":0,"max_hp_loss":0,"event_name":"Big Fish","floor":14,"gold_loss":0}],"is_beta":false,"boss_relics":[],"items_purged_floors":[],"is_endless":false,"potions_floor_spawned":[12],"killed_by":"Slime Boss","ascension_level":12}