{"gold_per_floor":[118,118,118,71,36,64,83,83,83,83,98,123,135,60,60,60],"floor_reached":16,"playtime":800,"items_purged":[],"score":157,"play_id":"6170d438-a15d-41de-8bf1-5a960218d634","local_time":"20190512210842","is_ascension_mode":true,"campfire_choices":[{"data":"Zap","floor":8,"key":"SMITH"},{"data":"Glacier","floor":10,"key":"SMITH"},{"floor":15,"key":"REST"}],"neow_cost":"NONE","seed_source_timestamp":734691849746100,"circlet_count":0,"master_deck":["Strike_B","Strike_B","Strike_B","Defend_B","Defend_B+1","Defend_B","Defend_B","Zap+1","Dualcast","Echo Form","Reprogram+1","Go for the Eyes","Genetic Algorithm","Glacier+1","Sweeping Beam","Self Repair","Coolheaded"],"relics":["Cracked Core","Vajra","Dream Catcher","Happy Flower"],"potions_floor_usage":[13,16],"damage_taken":[{"damage":4,"enemies":"Jaw Worm","floor":1,"turns":4},{"damage":17,"enemies":"Lagavulin","floor":6,"turns":7},{"damage":0,"enemies":"Small Slimes","floor":7,"turns":3},{"damage":0,"enemies":"2 Louse","floor":11,"turns":5},{"damage":8,"enemies":"3 Sentries","floor":12,"turns":6},{"damage":24,"enemies":"Gremlin Gang","floor":13,"turns":5},{"damage":37,"enemies":"Slime Boss","floor":16,"turns":12}],"seed_played":"5519165652067443963","potions_obtained":[{"floor":1,"key":"Energy Potion"},{"floor":7,"key":"Weak Potion"},{"floor":12,"key":"SkillPotion"}],"is_trial":false,"path_per_floor":["M","?","?","$","?","E","M","R","T","R","M","E","M","$","R","B"],"character_chosen":"DEFECT","items_purchased":["Go for the Eyes","Self Repair"],"campfire_rested":1,"item_purchase_floors":[4,14],"current_hp_per_floor":[64,57,42,42,60,43,43,43,43,43,43,35,11,11,33,0],"gold":60,"neow_bonus":"ONE_RANDOM_RARE_CARD","is_prod":false,"is_daily":false,"chose_seed":false,"campfire_upgraded":2,"win_rate":0,"timestamp":1557720522,"path_taken":["M","?","?","?","?","E","?","R","T","R","M","E","M","$","R","BOSS"],"build_version":"2019-01-23","purchased_purges":0,"victory":false,"max_hp_per_floor":[75,75,75,75,75,75,75,75,75,75,75,75,75,75,75,75],"card_choices":[{"not_picked":["Loop","Barrage"],"picked":"Reprogram","floor":1},{"not_picked":["Conserve Battery","Chaos"],"picked":"Genetic Algorithm","floor":6},{"not_picked":["Chaos","Capacitor"],"picked":"Glacier","floor":7},{"not_picked":["Stack","Conserve Battery"],"picked":"Sweeping Beam","floor":11},{"not_picked":["Skim","Scrape","Gash"],"picked":"SKIP","floor":12},{"not_picked":["Streamline","BootSequence","Hello World"],"picked":"SKIP","floor":13},{"not_picked":["Beam Cell","Steam"],"picked":"Coolheaded","floor":15}],"player_experience":464604,"relics_obtained":[{"floor":6,"key":"Vajra"},{"floor":9,"key":"Dream Catcher"},{"floor":12,"key":"Happy Flower"}],"event_choices":[{"cards_removed":["Strike_B"],"damage_healed":0,"gold_gain":0,"player_choice":"Card Removal","damage_taken":7,"max_hp_gain":0,"max_hp_loss":0,"event_name":"Golden Wing","floor":2,"gold_loss":0},{"damage_healed":0,"gold_gain":0,"player_choice":"Entered Light","damage_taken":15,"max_hp_gain":0,"max_hp_loss":0,"event_name":"Shining Light","floor":3,"gold_loss":0,"cards_upgraded":["Reprogram","Defend_B"]},{"damage_healed":18,"gold_gain":0,"player_choice":"Healed","damage_taken":0,"max_hp_gain":0,"max_hp_loss":0,"event_name":"The Cleric","floor":5,"gold_loss":35}],"is_beta":false,"boss_relics":[],"items_purged_floors":[],"is_endless":false,"potions_floor_spawned":[1,7,12],"killed_by":"Slime Boss","ascension_level":9}