{"gold_per_floor":[17,17,30,30,30,74,74,117,117,117,67,67,67,85,85,209,209,229,204,204,223,223,259,259,259,259,259],"floor_reached":27,"playtime":1701,"items_purged":[],"score":295,"play_id":"1d493f08-a65c-4ec2-b36b-e59b8cb37aeb","local_time":"20181124030244","is_ascension_mode":true,"campfire_choices":[{"floor":7.0,"key":"REST"},{"floor":10.0,"key":"REST"},{"data":"Demon Form","floor":13.0,"key":"SMITH"},{"data":"Warcry","floor":15.0,"key":"SMITH"},{"floor":24.0,"key":"REST"}],"neow_cost":"NO_GOLD","seed_source_timestamp":93712844238805,"circlet_count":0,"master_deck":["Strike_R","Strike_R","Strike_R","Strike_R","Defend_R","Defend_R","Defend_R","Demon Form+1","Havoc","Corruption","Warcry+1","Shockwave","Fiend Fire+1","Warcry","Warcry+1","Flex+1","Intimidate+1","Metallicize"],"special_seed":0,"relics":["Burning Blood","Golden Idol","Pear","Molten Egg 2","Regal Pillow","Pen Nib","Black Star","Dream Catcher","Potion Belt","Boot"],"potions_floor_usage":[27],"damage_taken":[{"damage":9.0,"enemies":"2 Louse","floor":1.0,"turns":5.0},{"damage":7.0,"enemies":"Small Slimes","floor":3.0,"turns":4.0},{"damage":25.0,"enemies":"Lagavulin","floor":6.0,"turns":6.0},{"damage":60.0,"enemies":"3 Sentries","floor":8.0,"turns":9.0},{"damage":1.0,"enemies":"Cultist","floor":14.0,"turns":3.0},{"damage":38.0,"enemies":"Hexaghost","floor":16.0,"turns":7.0},{"damage":50.0,"enemies":"Shell Parasite","floor":18.0,"turns":6.0},{"damage":22.0,"enemies":"2 Thieves","floor":21.0,"turns":4.0},{"damage":44.0,"enemies":"Book of Stabbing","floor":23.0,"turns":4.0},{"damage":78,"enemies":"Slavers","floor":27,"turns":4}],"seed_played":"-7314375248441733122","potions_obtained":[{"floor":3.0,"key":"Fruit Juice"},{"floor":8.0,"key":"FearPotion"},{"floor":16.0,"key":"Poison Potion"},{"floor":23.0,"key":"Poison Potion"}],"is_trial":false,"path_per_floor":["M","?","M","?","?","E","R","E","T","R","?","$","R","M","R","B",null,"M","$","?","M","?","E","R","?","T","E"],"character_chosen":"IRONCLAD","items_purchased":["Warcry"],"campfire_rested":3,"item_purchase_floors":[19],"current_hp_per_floor":[77,70,69,69,67,48,75,21,21,68,68,68,68,73,73,41,95,51,51,82,66,66,28,71,71,71,0],"gold":259,"neow_bonus":"TRANSFORM_TWO_CARDS","is_prod":false,"is_daily":false,"chose_seed":false,"campfire_upgraded":2,"win_rate":0,"timestamp":1542996164,"path_taken":["M","?","M","?","?","E","R","E","T","R","?","$","R","M","R","BOSS","M","$","?","M","?","E","R","?","T","E"],"build_version":"2018-11-15","purchased_purges":0,"victory":false,"max_hp_per_floor":[80,80,80,80,90,90,90,90,90,95,95,95,95,95,95,95,95,95,95,95,95,95,95,95,95,95,95],"card_choices":[{"not_picked":["Havoc","Iron Wave"],"picked":"Corruption","floor":1.0},{"not_picked":["Sword Boomerang","Clash","Rupture"],"picked":"SKIP","floor":3.0},{"not_picked":["Blood for Blood","Heavy Blade"],"picked":"Warcry","floor":6.0},{"not_picked":["Rage","Clothesline+1","Clash+1"],"picked":"SKIP","floor":8.0},{"not_picked":["Heavy Blade+1","Fire Breathing"],"picked":"Shockwave","floor":14.0},{"not_picked":["Bludgeon+1","Impervious"],"picked":"Fiend Fire+1","floor":16.0},{"not_picked":["Sword Boomerang+1","Shockwave"],"picked":"Warcry","floor":18.0},{"not_picked":["Thunderclap+1","Cleave+1"],"picked":"Flex+1","floor":21.0},{"not_picked":["Perfected Strike+1","Barricade"],"picked":"Intimidate+1","floor":23.0},{"not_picked":["Flex","Perfected Strike+1"],"picked":"Metallicize","floor":24.0}],"player_experience":48413,"relics_obtained":[{"floor":6.0,"key":"Molten Egg 2"},{"floor":8.0,"key":"Regal Pillow"},{"floor":9.0,"key":"Pen Nib"},{"floor":23.0,"key":"Dream Catcher"},{"floor":23.0,"key":"Potion Belt"},{"floor":26.0,"key":"Boot"}],"event_choices":[{"cards_removed":["Defend_R"],"damage_healed":0.0,"max_hp_gain":0.0,"max_hp_loss":0.0,"gold_gain":0.0,"event_name":"Golden Wing","player_choice":"Card Removal","floor":2.0,"gold_loss":0.0,"damage_taken":7.0},{"damage_healed":0.0,"max_hp_gain":0.0,"max_hp_loss":0.0,"gold_gain":0.0,"event_name":"Golden Idol","player_choice":"Take Wound","floor":4.0,"gold_loss":0.0,"damage_taken":0.0,"relics_obtained":["Golden Idol"],"cards_obtained":["Injury"]},{"damage_healed":0.0,"max_hp_gain":0.0,"max_hp_loss":0.0,"gold_gain":0.0,"event_name":"Scrap Ooze","player_choice":"Success","floor":5.0,"gold_loss":0.0,"damage_taken":12.0,"relics_obtained":["Pear"]},{"cards_removed":["Injury"],"damage_healed":0.0,"max_hp_gain":0.0,"max_hp_loss":0.0,"gold_gain":0.0,"event_name":"The Cleric","player_choice":"Card Removal","floor":11.0,"gold_loss":50.0,"damage_taken":0.0},{"damage_healed":31.0,"max_hp_gain":0.0,"max_hp_loss":0.0,"gold_gain":0.0,"event_name":"The Library","player_choice":"Heal","floor":20.0,"gold_loss":0.0,"damage_taken":0.0},{"damage_healed":0.0,"max_hp_gain":0.0,"max_hp_loss":0.0,"gold_gain":0.0,"event_name":"Cursed Tome","player_choice":"Ignored","floor":22.0,"gold_loss":0.0,"damage_taken":0.0},{"damage_healed":0.0,"max_hp_gain":0.0,"max_hp_loss":0.0,"gold_gain":0.0,"event_name":"Upgrade Shrine","player_choice":"Upgraded","floor":25.0,"gold_loss":0.0,"damage_taken":0.0,"cards_upgraded":["Warcry"]}],"is_beta":false,"boss_relics":[{"not_picked":["Runic Cube","Sozu"],"picked":"Black Star"}],"items_purged_floors":[],"is_endless":false,"potions_floor_spawned":[3,8,16,23],"killed_by":"Slavers","ascension_level":3}