{"gold_per_floor":[118,43,53,71,71,91,69,10,35,35,62,62,97,116,116,190,190,210,61,61,61,73,85,85,95,122,155,155,190,190,290,290,290],"floor_reached":33,"playtime":2994,"items_purged":["Strike_B"],"score":740,"play_id":"f7d2cd42-7e3a-4b6b-8842-72efb0da685e","local_time":"20190513123337","is_ascension_mode":true,"campfire_choices":[{"data":"Zap","floor":10.0,"key":"SMITH"},{"data":"Coolheaded","floor":15.0,"key":"SMITH"},{"data":"Redo","floor":24.0,"key":"SMITH"},{"floor":28.0,"key":"REST"},{"data":"Coolheaded","floor":30.0,"key":"SMITH"},{"floor":32.0,"key":"REST"}],"neow_cost":"NONE","seed_source_timestamp":0,"circlet_count":0,"master_deck":["AscendersBane","Strike_B","Defend_B","Defend_B","Defend_B","Defend_B","Zap+1","Dualcast","Coolheaded+1","Reinforced Body","Undo","Rebound","Compile Driver","Ball Lightning","Go for the Eyes","Go for the Eyes","Coolheaded+1","Creative AI","Redo+1","Glacier","Shame","Coolheaded+1","Capacitor","Darkness","Doom and Gloom"],"special_seed":0,"relics":["Nuclear Battery","Ancient Tea Set","Bag of Marbles","Boot","Sozu","Bag of Preparation","Happy Flower","Cables","Dream Catcher","Shovel","Letter Opener"],"potions_floor_usage":[],"damage_taken":[{"damage":8.0,"enemies":"Small Slimes","floor":1.0,"turns":4.0},{"damage":2.0,"enemies":"Jaw Worm","floor":3.0,"turns":4.0},{"damage":1.0,"enemies":"2 Louse","floor":4.0,"turns":4.0},{"damage":1.0,"enemies":"Blue Slaver","floor":6.0,"turns":5.0},{"damage":5.0,"enemies":"Exordium Thugs","floor":7.0,"turns":4.0},{"damage":0.0,"enemies":"Lagavulin","floor":11.0,"turns":5.0},{"damage":30.0,"enemies":"Gremlin Nob","floor":13.0,"turns":4.0},{"damage":0.0,"enemies":"Large Slime","floor":14.0,"turns":5.0},{"damage":14.0,"enemies":"Slime Boss","floor":16.0,"turns":12.0},{"damage":0.0,"enemies":"3 Byrds","floor":18.0,"turns":4.0},{"damage":11.0,"enemies":"Spheric Guardian","floor":22.0,"turns":6.0},{"damage":2.0,"enemies":"Centurion and Healer","floor":23.0,"turns":7.0},{"damage":21.0,"enemies":"Cultist and Chosen","floor":25.0,"turns":6.0},{"damage":0.0,"enemies":"Gremlin Leader","floor":27.0,"turns":6.0},{"damage":0.0,"enemies":"Book of Stabbing","floor":29.0,"turns":6.0},{"damage":11.0,"enemies":"Colosseum Slavers","floor":31.0,"turns":4.0},{"damage":16.0,"enemies":"Colosseum Nobs","floor":31.0,"turns":6.0},{"damage":49,"enemies":"Collector","floor":33,"turns":8}],"seed_played":"-4780761156923214136","potions_obtained":[{"floor":1.0,"key":"Regen Potion"},{"floor":3.0,"key":"Fire Potion"},{"floor":14.0,"key":"EssenceOfSteel"},{"floor":16.0,"key":"LiquidBronze"}],"is_trial":false,"path_per_floor":["M","?","M","M","?","M","M","$","T","R","E","$","E","M","R","B",null,"M","$","?","?","M","M","R","M","T","E","R","E","R","?","R","B"],"character_chosen":"DEFECT","items_purchased":["Ball Lightning","Glacier"],"campfire_rested":2,"item_purchase_floors":[8,19],"current_hp_per_floor":[56,56,54,53,46,45,54,54,54,54,54,54,24,24,24,10,56,56,56,56,56,45,43,43,22,22,22,43,43,43,16,37,0],"gold":290,"neow_bonus":"BOSS_RELIC","is_prod":false,"is_daily":false,"chose_seed":false,"campfire_upgraded":4,"win_rate":0,"timestamp":1557772417,"path_taken":["M","?","M","M","?","M","M","$","T","R","E","$","E","M","R","BOSS","M","$","?","?","M","M","R","M","T","E","R","E","R","?","R","BOSS"],"build_version":"2019-01-23","purchased_purges":1,"victory":false,"max_hp_per_floor":[71,71,71,71,71,71,71,71,71,71,71,71,71,71,71,71,71,71,71,71,71,71,71,71,71,71,71,71,71,71,71,71,71],"card_choices":[{"not_picked":["Turbo","Conserve Battery"],"picked":"Coolheaded","floor":1.0},{"not_picked":["Scrape","Recycle"],"picked":"Reinforced Body","floor":3.0},{"not_picked":["Barrage","Darkness"],"picked":"Undo","floor":4.0},{"not_picked":["Fusion","Heatsinks"],"picked":"Rebound","floor":6.0},{"not_picked":["Stack","Turbo"],"picked":"Compile Driver","floor":7.0},{"not_picked":["Barrage","Thunder Strike"],"picked":"Go for the Eyes","floor":11.0},{"not_picked":["Scrape","Darkness"],"picked":"Go for the Eyes","floor":13.0},{"not_picked":["Turbo","Redo"],"picked":"Coolheaded","floor":14.0},{"not_picked":["Multi-Cast","Reboot"],"picked":"Creative AI","floor":16.0},{"not_picked":["White Noise","Barrage"],"picked":"Redo","floor":18.0},{"not_picked":["Ball Lightning","Double Energy","Streamline"],"picked":"SKIP","floor":22.0},{"not_picked":["Turbo","Steam","Lockon"],"picked":"SKIP","floor":23.0},{"not_picked":["Beam Cell","FTL"],"picked":"Coolheaded+1","floor":25.0},{"not_picked":["Redo+1","BootSequence"],"picked":"Capacitor","floor":27.0},{"not_picked":["Cold Snap","Steam"],"picked":"Darkness","floor":29.0},{"not_picked":["Sunder","Beam Cell"],"picked":"Doom and Gloom","floor":31.0}],"player_experience":1752812,"relics_obtained":[{"floor":9.0,"key":"Ancient Tea Set"},{"floor":11.0,"key":"Bag of Marbles"},{"floor":13.0,"key":"Boot"},{"floor":26.0,"key":"Happy Flower"},{"floor":27.0,"key":"Cables"},{"floor":29.0,"key":"Dream Catcher"},{"floor":31.0,"key":"Shovel"},{"floor":31.0,"key":"Letter Opener"}],"event_choices":[{"cards_removed":["Strike_B"],"damage_healed":0.0,"max_hp_gain":0.0,"max_hp_loss":0.0,"gold_gain":0.0,"event_name":"The Cleric","player_choice":"Card Removal","floor":2.0,"gold_loss":75.0,"damage_taken":0.0},{"cards_removed":["Strike_B"],"damage_healed":0.0,"max_hp_gain":0.0,"max_hp_loss":0.0,"gold_gain":0.0,"event_name":"Golden Wing","player_choice":"Card Removal","floor":5.0,"gold_loss":0.0,"damage_taken":7.0},{"damage_healed":0.0,"max_hp_gain":0.0,"max_hp_loss":0.0,"gold_gain":0.0,"event_name":"Vampires","player_choice":"Ignored","floor":20.0,"gold_loss":0.0,"damage_taken":0.0},{"damage_healed":0.0,"max_hp_gain":0.0,"max_hp_loss":0.0,"gold_gain":0.0,"event_name":"Addict","player_choice":"Stole Relic","floor":21.0,"gold_loss":0.0,"damage_taken":0.0,"relics_obtained":["Bag of Preparation"],"cards_obtained":["Shame"]},{"damage_healed":0.0,"max_hp_gain":0.0,"max_hp_loss":0.0,"gold_gain":0.0,"event_name":"Colosseum","player_choice":"Fight","floor":31.0,"gold_loss":0.0,"damage_taken":0.0},{"damage_healed":0.0,"max_hp_gain":0.0,"max_hp_loss":0.0,"gold_gain":0.0,"event_name":"Colosseum","player_choice":"Fought Nobs","floor":31.0,"gold_loss":0.0,"damage_taken":0.0}],"is_beta":false,"boss_relics":[{"not_picked":["Busted Crown","Eternal Feather"],"picked":"Sozu"}],"items_purged_floors":[19],"is_endless":false,"potions_floor_spawned":[1,3,14,16,23,25,29],"killed_by":"Collector","ascension_level":20}