{"gold_per_floor":[117,131,131,306,4,60,60,90,168,168,41,57,57,74,74,177,177,187,112,15,33,50,50],"floor_reached":23,"playtime":1470,"items_purged":[],"score":271,"play_id":"88627d64-a8ab-4272-bce9-3533ec3938ee","local_time":"20181006150956","is_ascension_mode":true,"campfire_choices":[{"data":"Transmutation","floor":7,"key":"SMITH"},{"data":"Bandage Up","floor":10,"key":"SMITH"},{"data":"Flex","floor":15,"key":"SMITH"}],"neow_cost":"NONE","seed_source_timestamp":4579828581700,"circlet_count":0,"master_deck":["Strike_R","Strike_R","Strike_R","Strike_R","Strike_R","Defend_R","Defend_R","Defend_R","Defend_R","Bash","Perfected Strike+1","Cleave","Transmutation+1","Bandage Up+1","Anger","Flex","Rage","Flex+1","Barricade","True Grit","Discovery","Power Through","Body Slam+1"],"relics":["Burning Blood","NeowsBlessing","Tiny Chest","Oddly Smooth Stone","Dodecahedron","Cursed Key"],"potions_floor_usage":[8,13,22,23],"damage_taken":[{"damage":0,"enemies":"Cultist","floor":1,"turns":1},{"damage":0,"enemies":"2 Louse","floor":2,"turns":1},{"damage":0,"enemies":"Gremlin Nob","floor":6,"turns":1},{"damage":23,"enemies":"Lagavulin","floor":8,"turns":8},{"damage":14,"enemies":"Jaw Worm","floor":12,"turns":4},{"damage":0,"enemies":"Lots of Slimes","floor":13,"turns":1},{"damage":0,"enemies":"Exordium Wildlife","floor":14,"turns":3},{"damage":35,"enemies":"Slime Boss","floor":16,"turns":10},{"damage":15,"enemies":"Spheric Guardian","floor":18,"turns":4},{"damage":41,"enemies":"2 Thieves","floor":21,"turns":5},{"damage":19,"enemies":"Shelled Parasite and Fungi","floor":22,"turns":6},{"damage":56,"enemies":"Gremlin Leader","floor":23,"turns":4}],"seed_played":"-6633833609025955871","potions_obtained":[{"floor":2,"key":"Block Potion"},{"floor":6,"key":"Explosive Potion"},{"floor":21,"key":"Energy Potion"},{"floor":22,"key":"Regen Potion"}],"is_trial":false,"path_per_floor":["M","M","?","?","$","E","R","E","T","R","$","M","M","M","R","B",null,"M","?","$","M","M"],"character_chosen":"IRONCLAD","items_purchased":["Transmutation","Bandage Up","Flex","Rage","Discovery"],"campfire_rested":0,"item_purchase_floors":[5,5,11,11,20],"current_hp_per_floor":[80,80,80,80,80,80,80,67,67,67,67,65,71,80,80,51,80,71,71,71,42,35,0],"gold":50,"neow_bonus":"THREE_ENEMY_KILL","is_prod":false,"is_daily":false,"chose_seed":false,"campfire_upgraded":3,"win_rate":0,"timestamp":1538831396,"path_taken":["M","?","?","?","?","E","R","E","T","R","$","M","M","M","R","BOSS","M","?","?","M","M","E"],"build_version":"2018-10-04v2","purchased_purges":0,"victory":false,"max_hp_per_floor":[80,80,80,80,80,80,80,80,80,80,80,80,80,80,80,80,80,80,80,80,80,80,80],"card_choices":[{"not_picked":["Sever Soul","Pommel Strike"],"picked":"Perfected Strike","floor":1},{"not_picked":["Shrug It Off","Wild Strike"],"picked":"Cleave","floor":2},{"not_picked":["Body Slam","Havoc","Iron Wave"],"picked":"SKIP","floor":6},{"not_picked":["Clothesline","Searing Blow"],"picked":"Anger","floor":8},{"not_picked":["Anger","Evolve","Bloodletting"],"picked":"SKIP","floor":12},{"not_picked":["Warcry","Uppercut","Fiend Fire"],"picked":"SKIP","floor":13},{"not_picked":["Sever Soul","True Grit"],"picked":"Flex","floor":14},{"not_picked":["Offering","Limit Break"],"picked":"Barricade","floor":16},{"not_picked":["Sever Soul","Warcry"],"picked":"True Grit","floor":18},{"not_picked":["Flex","Whirlwind"],"picked":"Power Through","floor":21},{"not_picked":["Cleave","Reckless Charge+1"],"picked":"Body Slam+1","floor":22}],"player_experience":562476,"relics_obtained":[{"floor":6,"key":"Tiny Chest"},{"floor":8,"key":"Oddly Smooth Stone"},{"floor":9,"key":"Dodecahedron"}],"event_choices":[{"event_name":"Living Wall","player_choice":"Grow","floor":3,"damage_taken":0},{"event_name":"Liars Game","player_choice":"agreed","floor":4,"damage_taken":0},{"event_name":"Beggar","player_choice":"Gave Gold","floor":19,"damage_taken":0}],"is_beta":false,"boss_relics":[{"not_picked":["Busted Crown","Runic Cube"],"picked":"Cursed Key"}],"items_purged_floors":[],"is_endless":false,"potions_floor_spawned":[2,6,13,21,22],"killed_by":"Gremlin Leader","ascension_level":4}