{"gold_per_floor":[140,153,328,328,344,370,370,398,474,474,474,539,566,582,582,685,685,700,714,310,322,322,322,349,349,349,364,383,383,403,423,423,519,519,534,634,645,663,680,680,680,580,580,580,615,615,490,501,501,501],"floor_reached":51,"playtime":3847,"items_purged":["Strike_B","Strike_B+1","Strike_B+1"],"score":759,"play_id":"be8c734d-d6ee-4f11-97fe-76357dd1e94f","local_time":"20190403190437","is_ascension_mode":true,"campfire_choices":[{"data":"Zap","floor":7.0,"key":"SMITH"},{"floor":10.0,"key":"REST"},{"floor":15.0,"key":"REST"},{"data":"Electrodynamics","floor":23,"key":"SMITH"},{"data":"Go for the Eyes","floor":25,"key":"SMITH"},{"data":"Defragment","floor":32,"key":"SMITH"},{"data":"Go for the Eyes","floor":44,"key":"SMITH"},{"data":"Echo Form","floor":46,"key":"SMITH"},{"data":"Conserve Battery","floor":49,"key":"SMITH"}],"neow_cost":"NONE","seed_source_timestamp":0,"circlet_count":0,"master_deck":["Strike_B+1","Defend_B+1","Defend_B+1","Defend_B+1","Defend_B+1","Zap+1","Dualcast","Leap","Conserve Battery+1","Streamline+1","Cold Snap","Conserve Battery","Doom and Gloom+1","Go for the Eyes+1","Tempest+1","Electrodynamics+1","Hologram+1","Go for the Eyes+1","Genetic Algorithm+1","Compile Driver+1","Coolheaded+1","Defragment+1","Core Surge","Glacier+1","Defragment+1","Go for the Eyes+1","Consume+1","Double Energy+1","Redo+1","Panacea+1","Echo Form+1"],"special_seed":0,"relics":["Cracked Core","Tiny Chest","Unceasing Top","PreservedInsect","Toxic Egg 2","Matryoshka","Ornamental Fan","Whetstone","Sozu","Bottled Tornado","Cables","Pear","Kunai","Mummified Hand","Pen Nib","Inserter","Shovel","Gremlin Horn","Question Card"],"potions_floor_usage":[],"damage_taken":[{"damage":7.0,"enemies":"Jaw Worm","floor":1.0,"turns":4.0},{"damage":0.0,"enemies":"2 Louse","floor":2.0,"turns":4.0},{"damage":0.0,"enemies":"Small Slimes","floor":5.0,"turns":3.0},{"damage":29.0,"enemies":"Lagavulin","floor":6.0,"turns":10.0},{"damage":13.0,"enemies":"3 Sentries","floor":8.0,"turns":7.0},{"damage":8.0,"enemies":"3 Sentries","floor":12.0,"turns":5.0},{"damage":8.0,"enemies":"Lagavulin","floor":13.0,"turns":5.0},{"damage":0.0,"enemies":"Blue Slaver","floor":14.0,"turns":4.0},{"damage":21.0,"enemies":"Hexaghost","floor":16.0,"turns":10.0},{"damage":0,"enemies":"Chosen","floor":18,"turns":4},{"damage":2,"enemies":"Shell Parasite","floor":19,"turns":6},{"damage":30,"enemies":"Snake Plant","floor":21,"turns":4},{"damage":13,"enemies":"Book of Stabbing","floor":24,"turns":4},{"damage":0,"enemies":"Snecko","floor":27,"turns":4},{"damage":0,"enemies":"Centurion and Healer","floor":28,"turns":3},{"damage":0,"enemies":"Snake Plant","floor":30,"turns":2},{"damage":0,"enemies":"Snecko","floor":31,"turns":3},{"damage":16,"enemies":"Automaton","floor":33,"turns":11},{"damage":0,"enemies":"3 Darklings","floor":35,"turns":2},{"damage":0,"enemies":"Mind Bloom Boss Battle","floor":36,"turns":6},{"damage":0,"enemies":"3 Shapes","floor":37,"turns":2},{"damage":1,"enemies":"Maw","floor":38,"turns":7},{"damage":0,"enemies":"4 Shapes","floor":39,"turns":2},{"damage":4,"enemies":"Nemesis","floor":45,"turns":4},{"damage":18,"enemies":"Spire Growth","floor":48,"turns":4},{"damage":16,"enemies":"Awakened One","floor":50,"turns":12}],"seed_played":"-1414684057012937749","potions_obtained":[{"floor":1.0,"key":"Ancient Potion"},{"floor":6.0,"key":"FocusPotion"},{"floor":8.0,"key":"AttackPotion"},{"floor":14.0,"key":"EssenceOfSteel"}],"is_trial":false,"path_per_floor":["M","M","?","?","M","E","R","E","T","R","T","?","E","M","R","B",null,"M","M","$","M","?","R","E","R","T","M","M","T","M","M","R","B",null,"M","?","M","M","M","?","?","$","T","R","E","R","$","M","R","B",null],"character_chosen":"DEFECT","items_purchased":["Bottled Tornado","Genetic Algorithm+1"],"campfire_rested":2,"item_purchase_floors":[20,20],"current_hp_per_floor":[68,68,68,61,61,32,32,19,19,41,41,33,25,25,47,26,75,75,73,73,43,43,43,30,30,40,40,40,40,40,40,40,24,85,85,85,85,84,84,84,84,84,84,84,80,80,80,62,62,46],"gold":501,"neow_bonus":"RANDOM_COMMON_RELIC","is_prod":false,"is_daily":false,"chose_seed":false,"campfire_upgraded":7,"win_rate":0,"timestamp":1554343477,"path_taken":["M","M","?","?","M","E","R","E","T","R","?","?","E","M","R","BOSS","M","M","$","M","?","R","E","R","T","M","M","?","M","M","R","BOSS","M","?","M","M","M","?","?","$","T","R","E","R","$","M","R","BOSS"],"build_version":"2019-01-23","purchased_purges":3,"victory":true,"max_hp_per_floor":[75,75,75,75,75,75,75,75,75,75,75,75,75,75,75,75,75,75,75,75,75,75,75,75,75,85,85,85,85,85,85,85,85,85,85,85,85,85,85,85,85,85,85,85,85,85,85,85,85,85],"card_choices":[{"not_picked":["Storm","Melter"],"picked":"Leap","floor":1.0},{"not_picked":["Tempest","Barrage"],"picked":"Conserve Battery","floor":2.0},{"not_picked":["Darkness","Leap"],"picked":"Streamline","floor":5.0},{"not_picked":["Recycle","Force Field"],"picked":"Cold Snap","floor":6.0},{"not_picked":["Stack","Static Discharge"],"picked":"Conserve Battery","floor":8.0},{"not_picked":["Cold Snap","Self Repair"],"picked":"Doom and Gloom","floor":12.0},{"not_picked":["Skim+1","Conserve Battery+1"],"picked":"Go for the Eyes","floor":13.0},{"not_picked":["Undo+1","Gash"],"picked":"Tempest+1","floor":14.0},{"not_picked":["Biased Cognition","Hyperbeam"],"picked":"Electrodynamics","floor":16.0},{"not_picked":["Beam Cell","Leap+1"],"picked":"Hologram+1","floor":18},{"not_picked":["Streamline","Tempest+1"],"picked":"Go for the Eyes","floor":19},{"not_picked":["BootSequence+1","Leap+1"],"picked":"Compile Driver+1","floor":21},{"not_picked":["Compile Driver","Beam Cell","Rainbow+1"],"picked":"SKIP","floor":24},{"not_picked":["Hologram+1","Sunder"],"picked":"Coolheaded+1","floor":27},{"not_picked":["Stack+1","Beam Cell"],"picked":"Defragment","floor":28},{"not_picked":["FTL","Darkness+1"],"picked":"Core Surge","floor":30},{"not_picked":["Coolheaded+1","Cold Snap"],"picked":"Glacier+1","floor":31},{"not_picked":["Tempest+1","Leap+1"],"picked":"Defragment+1","floor":35},{"not_picked":["Heatsinks+1","Steam+1"],"picked":"Go for the Eyes+1","floor":36},{"not_picked":["Recycle+1","Ball Lightning+1"],"picked":"Consume+1","floor":37},{"not_picked":["Hologram+1","Consume+1"],"picked":"Double Energy+1","floor":38},{"not_picked":["Rip and Tear+1","Compile Driver+1"],"picked":"Redo+1","floor":39},{"not_picked":["Metamorphosis+1","Impatience+1"],"picked":"Panacea+1","floor":40},{"not_picked":["Beam Cell+1","Go for the Eyes+1"],"picked":"Echo Form","floor":45},{"not_picked":["Beam Cell+1","Cold Snap+1","Hologram+1","Go for the Eyes+1"],"picked":"SKIP","floor":48}],"player_experience":269767,"relics_obtained":[{"floor":6.0,"key":"Unceasing Top"},{"floor":8.0,"key":"PreservedInsect"},{"floor":9.0,"key":"Toxic Egg 2"},{"floor":11.0,"key":"Matryoshka"},{"floor":12.0,"key":"Ornamental Fan"},{"floor":13.0,"key":"Whetstone"},{"floor":24,"key":"Cables"},{"floor":26,"key":"Pear"},{"floor":26,"key":"Kunai"},{"floor":29,"key":"Mummified Hand"},{"floor":29,"key":"Pen Nib"},{"floor":36,"key":"Shovel"},{"floor":43,"key":"Gremlin Horn"},{"floor":45,"key":"Question Card"}],"event_choices":[{"damage_healed":0.0,"max_hp_gain":0.0,"max_hp_loss":0.0,"gold_gain":175.0,"event_name":"Liars Game","player_choice":"AGREE","floor":3.0,"gold_loss":0.0,"damage_taken":0.0,"cards_obtained":["Doubt"]},{"cards_removed":["Doubt"],"damage_healed":0.0,"max_hp_gain":0.0,"max_hp_loss":0.0,"gold_gain":0.0,"event_name":"Golden Wing","player_choice":"Card Removal","floor":4.0,"gold_loss":0.0,"damage_taken":7.0},{"damage_healed":0.0,"max_hp_gain":0.0,"max_hp_loss":0.0,"gold_gain":0.0,"event_name":"Dead Adventurer","player_choice":"Searched \u00271\u0027 times","floor":12.0,"gold_loss":0.0,"damage_taken":0.0},{"damage_healed":0,"gold_gain":0,"player_choice":"Simplicity","damage_taken":0,"max_hp_gain":0,"max_hp_loss":0,"event_name":"Back to Basics","floor":22,"gold_loss":0,"cards_upgraded":["Strike_B","Strike_B","Strike_B","Defend_B","Defend_B","Defend_B","Defend_B"]},{"damage_healed":0,"gold_gain":0,"player_choice":"Fight","damage_taken":0,"max_hp_gain":0,"max_hp_loss":0,"event_name":"MindBloom","floor":36,"gold_loss":0},{"damage_healed":0,"gold_gain":0,"player_choice":"Memory 1","damage_taken":0,"max_hp_gain":0,"max_hp_loss":0,"event_name":"SensoryStone","floor":40,"gold_loss":0},{"damage_healed":0,"gold_gain":0,"player_choice":"Ignored","damage_taken":0,"max_hp_gain":0,"max_hp_loss":0,"event_name":"Tomb of Lord Red Mask","floor":41,"gold_loss":0}],"is_beta":false,"boss_relics":[{"not_picked":["Black Star","Runic Pyramid"],"picked":"Sozu"},{"not_picked":["Orrery","Lizard Tail"],"picked":"Inserter"}],"items_purged_floors":[20,42,47],"is_endless":false,"potions_floor_spawned":[1,6,8,13,14,16,18,21,24,27,33,35,38,48],"ascension_level":2}