{"gold_per_floor":[12,12,12,25,35,35,35,35,35,50,65,65,30,30,30,104,104,84,101,26,26,42,42],"floor_reached":23,"playtime":3069,"items_purged":[],"score":326,"play_id":"566bd649-cf9a-4f45-ac8a-5d84d3f73d83","local_time":"20190506150915","is_ascension_mode":true,"campfire_choices":[{"data":"Corpse Explosion","floor":6,"key":"SMITH"},{"data":"Crippling Poison","floor":12,"key":"SMITH"},{"data":"Caltrops","floor":15,"key":"SMITH"}],"neow_cost":"NO_GOLD","seed_source_timestamp":29560516057315,"circlet_count":0,"master_deck":["AscendersBane","Defend_G","Defend_G","Defend_G","Defend_G","Defend_G","Strike_G","Survivor","Neutralize","Corpse Explosion+1","Prepared","Caltrops+1","Escape Plan","Crippling Poison+1","Footwork","Burst","Accuracy+1","Wraith Form v2+1","Endless Agony+1","Dagger Throw","Bouncing Flask","Well Laid Plans","Dagger Spray"],"relics":["Ring of the Snake","Darkstone Periapt","Happy Flower","Astrolabe"],"potions_floor_usage":[],"damage_taken":[{"damage":1,"enemies":"Small Slimes","floor":1,"turns":3},{"damage":9,"enemies":"2 Louse","floor":4,"turns":2},{"damage":3,"enemies":"Cultist","floor":5,"turns":4},{"damage":7,"enemies":"Large Slime","floor":10,"turns":5},{"damage":9,"enemies":"2 Fungi Beasts","floor":11,"turns":3},{"damage":9,"enemies":"The Guardian","floor":16,"turns":11},{"damage":17,"enemies":"2 Thieves","floor":18,"turns":4},{"damage":26,"enemies":"Spheric Guardian","floor":19,"turns":6},{"damage":4,"enemies":"Snecko","floor":22,"turns":6},{"damage":14,"enemies":"Book of Stabbing","floor":23,"turns":2}],"seed_played":"6341095538233856535","potions_obtained":[{"floor":1,"key":"SteroidPotion"},{"floor":4,"key":"Energy Potion"}],"is_trial":false,"path_per_floor":["M","$","?","M","M","R","?","?","T","M","M","R","?","$","R","B",null,"M","M","$","?","M","E"],"character_chosen":"THE_SILENT","items_purchased":["Well Laid Plans"],"campfire_rested":0,"item_purchase_floors":[20],"current_hp_per_floor":[58,58,58,49,46,46,39,34,34,27,18,18,34,34,34,25,56,39,13,13,13,9,0],"gold":42,"neow_bonus":"THREE_RARE_CARDS","is_prod":false,"is_daily":false,"chose_seed":false,"campfire_upgraded":3,"win_rate":0,"timestamp":1557180555,"path_taken":["M","$","?","M","M","R","?","?","T","M","M","R","?","$","R","BOSS","M","M","$","?","M","E"],"build_version":"2019-01-23","purchased_purges":0,"victory":false,"max_hp_per_floor":[66,66,66,66,66,66,66,66,66,66,66,66,66,66,66,66,66,66,66,66,66,66,66],"card_choices":[{"not_picked":["Phantasmal Killer","Die Die Die"],"picked":"Corpse Explosion","floor":0},{"not_picked":["Concentrate","Sucker Punch"],"picked":"Prepared","floor":1},{"not_picked":["PiercingWail","Infinite Blades"],"picked":"Caltrops","floor":4},{"not_picked":["Sucker Punch","Flying Knee"],"picked":"Escape Plan","floor":5},{"not_picked":["Bane","Acrobatics"],"picked":"Crippling Poison","floor":10},{"not_picked":["Outmaneuver","Underhanded Strike"],"picked":"Footwork","floor":11},{"not_picked":["Grand Finale","Bullet Time"],"picked":"Burst","floor":16},{"not_picked":["Eviscerate","Poisoned Stab"],"picked":"Dagger Throw","floor":18},{"not_picked":["PiercingWail","Deadly Poison"],"picked":"Bouncing Flask","floor":19},{"not_picked":["Bane","Quick Slash"],"picked":"Dagger Spray","floor":22}],"player_experience":1618943,"relics_obtained":[{"floor":9,"key":"Happy Flower"}],"event_choices":[{"damage_healed":0,"gold_gain":0,"player_choice":"Ignored","damage_taken":0,"max_hp_gain":0,"max_hp_loss":0,"event_name":"Shining Light","floor":3,"gold_loss":0},{"cards_removed":["Strike_G"],"damage_healed":0,"gold_gain":0,"player_choice":"Card Removal","damage_taken":7,"max_hp_gain":0,"max_hp_loss":0,"event_name":"Golden Wing","floor":7,"gold_loss":0},{"damage_healed":0,"gold_gain":0,"player_choice":"Success","damage_taken":5,"relics_obtained":["Darkstone Periapt"],"max_hp_gain":0,"max_hp_loss":0,"event_name":"Scrap Ooze","floor":8,"gold_loss":0},{"damage_healed":16,"gold_gain":0,"player_choice":"Healed","damage_taken":0,"max_hp_gain":0,"max_hp_loss":0,"event_name":"The Cleric","floor":13,"gold_loss":35},{"damage_healed":0,"gold_gain":0,"player_choice":"Ignored","damage_taken":0,"max_hp_gain":0,"max_hp_loss":0,"event_name":"Ghosts","floor":21,"gold_loss":0}],"is_beta":false,"boss_relics":[{"not_picked":["Fusion Hammer","HoveringKite"],"picked":"Astrolabe"}],"items_purged_floors":[],"is_endless":false,"potions_floor_spawned":[1,4,11,16,18],"killed_by":"Book of Stabbing","ascension_level":16}