{"gold_per_floor":[111,15,90,240,240,271,271,302,325,358],"floor_reached":10,"playtime":453,"items_purged":[],"score":238,"play_id":"ddafca4a-b40a-4d84-9c0b-fd8cfc7d39be","local_time":"20190508142035","is_ascension_mode":true,"campfire_choices":[{"data":"Footwork","floor":7,"key":"SMITH"}],"neow_cost":"NONE","seed_source_timestamp":27066934430850,"circlet_count":0,"master_deck":["AscendersBane","Defend_G","Defend_G","Defend_G","Defend_G","Defend_G","Strike_G","Strike_G","Strike_G","Strike_G","Strike_G","Survivor","Neutralize","Footwork+1","Bouncing Flask","Flying Knee","Doubt","Regret","PiercingWail","Acrobatics+1"],"relics":["Ring of the Snake","NeowsBlessing","Bag of Marbles","Tough Bandages","Toxic Egg 2","Smiling Mask","Bottled Flame"],"potions_floor_usage":[],"damage_taken":[{"damage":0,"enemies":"Jaw Worm","floor":1,"turns":1},{"damage":0,"enemies":"3 Sentries","floor":6,"turns":1},{"damage":0,"enemies":"Lagavulin","floor":8,"turns":1},{"damage":52,"enemies":"3 Sentries","floor":10,"turns":19}],"seed_played":"-2496764194003123978","potions_obtained":[{"floor":1,"key":"FairyPotion"}],"is_trial":false,"path_per_floor":["M","$","?","?","?","E","R","E","T","E"],"character_chosen":"THE_SILENT","items_purchased":["Bouncing Flask","Flying Knee"],"campfire_rested":0,"item_purchase_floors":[2,2],"current_hp_per_floor":[59,59,48,48,48,48,48,48,48,2],"gold":358,"neow_bonus":"THREE_ENEMY_KILL","is_prod":false,"is_daily":false,"chose_seed":false,"campfire_upgraded":1,"win_rate":0,"timestamp":1557350435,"path_taken":["M","$","?","?","?","E","R","E","T","E"],"build_version":"2019-01-23","purchased_purges":0,"victory":false,"max_hp_per_floor":[66,66,66,66,66,66,66,66,66,66],"card_choices":[{"not_picked":["Heel Hook","Underhanded Strike"],"picked":"Footwork","floor":1},{"not_picked":["Heel Hook","Slice"],"picked":"PiercingWail","floor":6},{"not_picked":["Masterful Stab","Setup"],"picked":"Acrobatics","floor":8}],"player_experience":1659230,"relics_obtained":[{"floor":6,"key":"Tough Bandages"},{"floor":8,"key":"Toxic Egg 2"},{"floor":9,"key":"Smiling Mask"},{"floor":10,"key":"Bottled Flame"}],"event_choices":[{"damage_healed":0,"gold_gain":75,"player_choice":"Gather Gold","damage_taken":11,"max_hp_gain":0,"max_hp_loss":0,"event_name":"World of Goop","floor":3,"gold_loss":0},{"damage_healed":0,"gold_gain":150,"player_choice":"AGREE","damage_taken":0,"max_hp_gain":0,"max_hp_loss":0,"event_name":"Liars Game","floor":4,"gold_loss":0,"cards_obtained":["Doubt"]},{"damage_healed":0,"gold_gain":0,"player_choice":"Box","damage_taken":0,"relics_obtained":["Bag of Marbles"],"max_hp_gain":0,"max_hp_loss":0,"event_name":"Big Fish","floor":5,"gold_loss":0,"cards_obtained":["Regret"]}],"is_beta":false,"boss_relics":[],"items_purged_floors":[],"is_endless":false,"potions_floor_spawned":[1],"killed_by":"3 Sentries","ascension_level":16}