{"gold_per_floor":[11,11,161,161,181,29,29,29,29,43,78,78,78],"floor_reached":13,"playtime":636,"items_purged":["Regret"],"score":150,"play_id":"1c338ccc-fc86-4013-8666-9488b5e5fc20","local_time":"20190508162538","is_ascension_mode":true,"campfire_choices":[{"floor":8,"key":"REST"},{"floor":12,"key":"REST"}],"neow_cost":"NO_GOLD","seed_source_timestamp":34386486178587,"circlet_count":0,"master_deck":["AscendersBane","Defend_G","Defend_G","Defend_G","Defend_G","Defend_G","Strike_G","Strike_G","Strike_G","Strike_G","Strike_G","Survivor","Neutralize","Adrenaline","Quick Slash","Doubt","Acrobatics","Well Laid Plans","Dash","Deflect"],"relics":["Ring of the Snake","Letter Opener","Gremlin Horn","Golden Idol","Pear","Pantograph"],"potions_floor_usage":[11],"damage_taken":[{"damage":1,"enemies":"2 Louse","floor":1,"turns":3},{"damage":9,"enemies":"Small Slimes","floor":5,"turns":4},{"damage":4,"enemies":"Jaw Worm","floor":10,"turns":5},{"damage":46,"enemies":"Lagavulin","floor":11,"turns":9},{"damage":0,"enemies":"Exordium Thugs","floor":13,"turns":1}],"seed_played":"7823286567891950651","potions_obtained":[{"floor":1,"key":"FearPotion"}],"is_trial":false,"path_per_floor":["M","?","?","T","M","$","?","R","T","M","E","R","M"],"character_chosen":"THE_SILENT","items_purchased":["Well Laid Plans"],"campfire_rested":2,"item_purchase_floors":[6],"current_hp_per_floor":[58,58,58,58,49,49,26,45,55,51,5,27,27],"gold":78,"neow_bonus":"THREE_RARE_CARDS","is_prod":false,"is_daily":false,"chose_seed":false,"campfire_upgraded":0,"win_rate":0,"timestamp":1557357938,"path_taken":["M","?","?","?","?","?","?","R","T","M","E","R","M"],"build_version":"2019-01-23","purchased_purges":1,"victory":false,"max_hp_per_floor":[66,66,66,66,66,66,66,66,76,76,76,76,76],"card_choices":[{"not_picked":["Phantasmal Killer","Burst"],"picked":"Adrenaline","floor":0},{"not_picked":["Bane","Outmaneuver"],"picked":"Quick Slash","floor":1},{"not_picked":["Quick Slash","Cloak And Dagger"],"picked":"Acrobatics","floor":5},{"not_picked":["Outmaneuver","Flying Knee"],"picked":"Dash","floor":10},{"not_picked":["Distraction","Skewer"],"picked":"Deflect","floor":11}],"player_experience":1663750,"relics_obtained":[{"floor":4,"key":"Gremlin Horn"},{"floor":9,"key":"Pear"},{"floor":11,"key":"Pantograph"}],"event_choices":[{"damage_healed":0,"gold_gain":0,"player_choice":"Box","damage_taken":0,"relics_obtained":["Letter Opener"],"max_hp_gain":0,"max_hp_loss":0,"event_name":"Big Fish","floor":2,"gold_loss":0,"cards_obtained":["Regret"]},{"damage_healed":0,"gold_gain":150,"player_choice":"AGREE","damage_taken":0,"max_hp_gain":0,"max_hp_loss":0,"event_name":"Liars Game","floor":3,"gold_loss":0,"cards_obtained":["Doubt"]},{"damage_healed":0,"gold_gain":0,"player_choice":"Take Damage","damage_taken":23,"relics_obtained":["Golden Idol"],"max_hp_gain":0,"max_hp_loss":0,"event_name":"Golden Idol","floor":7,"gold_loss":0}],"is_beta":false,"boss_relics":[],"items_purged_floors":[6],"is_endless":false,"potions_floor_spawned":[1],"killed_by":"Exordium Thugs","ascension_level":17}