{"path_per_floor":["M","M","?","?","M","R","E","R","T","M","R","T","$","M","R","B",null,"M","M"],"character_chosen":"THE_SILENT","items_purchased":["Orichalcum","Dagger Spray","Acrobatics","Well Laid Plans"],"gold_per_floor":[117,127,127,302,312,312,337,337,337,348,348,348,46,62,62,161,161,177,191],"floor_reached":20,"campfire_rested":3,"playtime":835,"current_hp_per_floor":[56,56,42,42,38,59,33,54,54,45,66,66,66,60,60,11,70,62,48],"items_purged":[],"gold":191,"score":209,"play_id":"b021f307-f5af-433f-8f97-d861cda29190","local_time":"20180307220539","is_prod":false,"is_daily":false,"is_ascension_mode":true,"campfire_upgraded":1,"timestamp":1520489139,"path_taken":["M","M","?","?","M","R","E","R","T","M","R","?","$","M","R","BOSS","M","?","M"],"build_version":"2018-03-01-PROD1","purchased_purges":0,"victory":false,"master_deck":["Defend_G","Defend_G","Defend_G+1","Defend_G","Defend_G","Strike_G","Strike_G+1","Strike_G","Strike_G","Strike_G","Survivor","Neutralize","Caltrops","Backflip","Dagger Spray","Doubt","Infinite Blades","Die Die Die+1","Dagger Spray+1","Dagger Spray+1","Acrobatics","Well Laid Plans+1","Escape Plan","Tactician","All Out Attack+1","Dagger Throw+1"],"max_hp_per_floor":[70,70,70,70,70,70,70,70,70,70,70,70,70,70,70,70,70,70,70],"relics":["Ring of the Snake","Molten Egg 2","Pen Nib","Sundial","Orichalcum","Eternal Feather"],"card_choices":[{"not_picked":["Dagger Spray","Calculated Gamble"],"picked":"Caltrops"},{"not_picked":["Blade Dance","Flying Knee"],"picked":"Backflip"},{"not_picked":["PiercingWail","Venomology"],"picked":"Dagger Spray"},{"not_picked":["Poisoned Stab","Calculated Gamble"],"picked":"Infinite Blades"},{"not_picked":["Poisoned Stab","Cloak And Dagger"],"picked":"Die Die Die"},{"not_picked":["Deflect","Bane"],"picked":"Dagger Spray"},{"not_picked":["Infinite Blades","Dagger Spray"],"picked":"Escape Plan"},{"not_picked":["Corpse Explosion","Phantasmal Killer"],"picked":"Tactician"},{"not_picked":["Expertise","Quick Slash"],"picked":"All Out Attack"},{"not_picked":["Blade Dance","Dodge and Roll"],"picked":"Dagger Throw"}],"player_experience":158282,"potions_floor_usage":[16,16],"damage_taken":[{"damage":14,"enemies":"Cultist","floor":1,"turns":4},{"damage":0,"enemies":"Jaw Worm","floor":2,"turns":5},{"damage":4,"enemies":"Small Slimes","floor":5,"turns":4},{"damage":26,"enemies":"3 Sentries","floor":7,"turns":6},{"damage":9,"enemies":"2 Fungi Beasts","floor":10,"turns":3},{"damage":6,"enemies":"Looter","floor":14,"turns":2},{"damage":49,"enemies":"Hexaghost","floor":16,"turns":10},{"damage":8,"enemies":"Shell Parasite","floor":18,"turns":5},{"damage":14,"enemies":"2 Thieves","floor":19,"turns":3},{"damage":50,"enemies":"Snecko","floor":20,"turns":5}],"event_choices":[{"event_name":"Shining Light","player_choice":"Entered Light","floor":3,"damage_taken":0},{"event_name":"Liars Game","player_choice":"agreed","floor":4,"damage_taken":0}],"boss_relics":[{"not_picked":["Ectoplasm","Orrery"],"picked":"Eternal Feather"}],"potions_floor_spawned":[1,14,16,18,19],"seed_played":"2212697772978481871","killed_by":"Snecko","ascension_level":4,"is_trial":false}