{"gold_per_floor":[109,122,137,107,125,125,20,45,115,131,131,13,13,38,38,137,137,155,125,125,125,135,135,153,153,204,224,224,240,240,240,240,341,341,351,351,51,65,25,54,64,64,64,64,93,111,122,122],"floor_reached":48,"playtime":4409,"items_purged":[],"score":803,"play_id":"c3ce227f-0d9f-4d50-8690-e36b9b4b190a","local_time":"20190423083442","is_ascension_mode":true,"campfire_choices":[{"data":"Footwork","floor":6,"key":"SMITH"},{"data":"Underhanded Strike","floor":11,"key":"SMITH"},{"data":"Noxious Fumes","floor":13,"key":"SMITH"},{"floor":15,"key":"REST"},{"data":"PiercingWail","floor":23,"key":"SMITH"},{"floor":25,"key":"REST"},{"floor":28,"key":"REST"},{"data":"Envenom","floor":32,"key":"SMITH"},{"data":"Reflex","floor":42,"key":"SMITH"},{"data":"Cloak And Dagger","floor":44,"key":"SMITH"}],"neow_cost":"NONE","seed_source_timestamp":2881222627176,"circlet_count":0,"master_deck":["Defend_G+1","Defend_G+1","Defend_G+1","Defend_G+1","Defend_G+1","Strike_G+1","Strike_G+1","Strike_G+1","Strike_G+1","Strike_G+1","Survivor","Neutralize","Footwork+1","Backflip","Underhanded Strike+1","Skewer","Leg Sweep","Endless Agony","Cloak And Dagger","PiercingWail+1","Noxious Fumes+1","Backflip","Tools of the Trade","Envenom+1","Prepared","Underhanded Strike","Choke+1","Underhanded Strike","Cloak And Dagger","Dagger Throw+1","Bullet Time","Backflip","Madness","Madness","Cloak And Dagger+1","Accuracy","Blur+1","Reflex+1","Underhanded Strike","Backflip+1","Underhanded Strike+1","Reflex+1","Infinite Blades"],"relics":["HoveringKite","Dead Branch","Bottled Flame","Omamori","Eternal Feather","Vajra","Mercury Hourglass","Coffee Dripper","MealTicket","Ancient Tea Set","Incense Burner","Centennial Puzzle"],"potions_floor_usage":[8,8,14,18,22,24,29,40,40,45,47],"damage_taken":[{"damage":4,"enemies":"Small Slimes","floor":1,"turns":9},{"damage":0,"enemies":"Cultist","floor":2,"turns":5},{"damage":9,"enemies":"Jaw Worm","floor":3,"turns":10},{"damage":0,"enemies":"Blue Slaver","floor":5,"turns":6},{"damage":2,"enemies":"Lagavulin","floor":8,"turns":6},{"damage":0,"enemies":"3 Louse","floor":10,"turns":4},{"damage":6,"enemies":"Gremlin Nob","floor":14,"turns":4},{"damage":4,"enemies":"Hexaghost","floor":16,"turns":9},{"damage":6,"enemies":"Chosen","floor":18,"turns":6},{"damage":28,"enemies":"2 Thieves","floor":19,"turns":5},{"damage":4,"enemies":"Centurion and Healer","floor":22,"turns":6},{"damage":34,"enemies":"3 Cultists","floor":24,"turns":9},{"damage":16,"enemies":"Snake Plant","floor":27,"turns":5},{"damage":3,"enemies":"Snecko","floor":29,"turns":6},{"damage":63,"enemies":"Collector","floor":33,"turns":9},{"damage":2,"enemies":"3 Shapes","floor":35,"turns":4},{"damage":5,"enemies":"Orb Walker","floor":38,"turns":3},{"damage":32,"enemies":"Nemesis","floor":40,"turns":11},{"damage":30,"enemies":"Jaw Worm Horde","floor":41,"turns":5},{"damage":28,"enemies":"Giant Head","floor":45,"turns":7},{"damage":11,"enemies":"Writhing Mass","floor":46,"turns":7},{"damage":9,"enemies":"Sphere and 2 Shapes","floor":47,"turns":5},{"damage":8,"enemies":"3 Darklings","floor":48,"turns":2}],"seed_played":"10339499392110518","potions_obtained":[{"floor":1,"key":"GhostInAJar"},{"floor":4,"key":"GamblersBrew"},{"floor":4,"key":"Strength Potion"},{"floor":5,"key":"Fire Potion"},{"floor":14,"key":"Ancient Potion"},{"floor":16,"key":"GhostInAJar"},{"floor":18,"key":"LiquidBronze"},{"floor":22,"key":"Weak Potion"},{"floor":29,"key":"GhostInAJar"},{"floor":38,"key":"Regen Potion"},{"floor":41,"key":"Swift Potion"},{"floor":46,"key":"Swift Potion"}],"is_trial":false,"path_per_floor":["M","M","M","?","M","R","$","E","T","M","R","$","R","E","R","B",null,"M","M","?","$","M","R","M","R","T","M","R","M","?","?","R","B",null,"M","?","$","M","$","E","M","R","T","R","E","M","M","M"],"character_chosen":"THE_SILENT","items_purchased":["Leg Sweep","Endless Agony","Noxious Fumes","Backflip","MealTicket","Cloak And Dagger","Accuracy","Reflex"],"campfire_rested":3,"item_purchase_floors":[7,7,12,12,37,37,37,39],"current_hp_per_floor":[59,59,50,50,50,50,50,48,48,48,48,48,48,42,63,59,67,61,33,33,33,29,44,10,46,46,30,66,63,63,63,70,7,54,52,43,43,38,53,36,6,30,30,54,26,15,6,0],"gold":122,"neow_bonus":"BOSS_RELIC","is_prod":false,"is_daily":false,"chose_seed":false,"campfire_upgraded":7,"win_rate":0,"timestamp":1556033682,"path_taken":["M","M","M","?","M","R","$","E","T","M","R","$","R","E","R","BOSS","M","?","?","$","M","R","M","R","T","M","R","M","?","?","R","BOSS","M","?","$","M","$","E","M","R","T","R","E","M","M","M"],"build_version":"2019-01-23","purchased_purges":0,"victory":false,"max_hp_per_floor":[70,70,70,70,70,70,70,70,70,70,70,70,70,70,70,70,70,70,70,70,70,70,70,70,70,70,70,70,70,70,70,70,70,70,70,70,70,70,70,70,70,70,70,70,70,70,70,70],"card_choices":[{"not_picked":["Finisher","Infinite Blades"],"picked":"Footwork","floor":1},{"not_picked":["Setup","Outmaneuver"],"picked":"Backflip","floor":2},{"not_picked":["Sucker Punch","Cloak And Dagger"],"picked":"Underhanded Strike","floor":3},{"not_picked":["Dagger Throw","Distraction"],"picked":"Skewer","floor":5},{"not_picked":["Eviscerate","Masterful Stab"],"picked":"Cloak And Dagger","floor":8},{"not_picked":["Sucker Punch","Slice"],"picked":"PiercingWail","floor":10},{"not_picked":["Catalyst","Acrobatics"],"picked":"Tools of the Trade","floor":14},{"not_picked":["Wraith Form v2","Bullet Time"],"picked":"Envenom","floor":16},{"not_picked":["Poisoned Stab","Outmaneuver"],"picked":"Prepared","floor":18},{"not_picked":["All Out Attack","Prepared+1"],"picked":"Underhanded Strike","floor":19},{"not_picked":["Setup","Dagger Spray"],"picked":"Choke+1","floor":22},{"not_picked":["Acrobatics","Leg Sweep"],"picked":"Underhanded Strike","floor":24},{"not_picked":["Dagger Throw","Outmaneuver"],"picked":"Cloak And Dagger","floor":27},{"not_picked":["Distraction","Heel Hook"],"picked":"Dagger Throw+1","floor":29},{"not_picked":["Night Terror","Corpse Explosion"],"picked":"Bullet Time","floor":33},{"not_picked":["Flying Knee","Acrobatics+1"],"picked":"Backflip","floor":35},{"not_picked":["Well Laid Plans+1","Quick Slash+1"],"picked":"Blur+1","floor":38},{"not_picked":["Sucker Punch","Concentrate"],"picked":"Underhanded Strike","floor":40},{"not_picked":["Slice","Underhanded Strike"],"picked":"Backflip+1","floor":41},{"not_picked":["Bane","Dagger Throw+1"],"picked":"Underhanded Strike+1","floor":45},{"not_picked":["Prepared","Dagger Throw"],"picked":"Reflex+1","floor":46},{"not_picked":["Deflect+1","Acrobatics+1"],"picked":"Infinite Blades","floor":47}],"player_experience":1427181,"relics_obtained":[{"floor":8,"key":"Dead Branch"},{"floor":9,"key":"Bottled Flame"},{"floor":14,"key":"Omamori"},{"floor":26,"key":"Vajra"},{"floor":40,"key":"Ancient Tea Set"},{"floor":43,"key":"Incense Burner"},{"floor":45,"key":"Centennial Puzzle"}],"event_choices":[{"damage_healed":0,"gold_gain":0,"player_choice":"Bought 2 Potions","damage_taken":0,"max_hp_gain":0,"max_hp_loss":0,"event_name":"The Woman in Blue","floor":4,"gold_loss":0},{"damage_healed":0,"gold_gain":0,"player_choice":"Simplicity","damage_taken":0,"max_hp_gain":0,"max_hp_loss":0,"event_name":"Back to Basics","floor":20,"gold_loss":0,"cards_upgraded":["Defend_G","Defend_G","Defend_G","Defend_G","Defend_G","Strike_G","Strike_G","Strike_G","Strike_G","Strike_G"]},{"damage_healed":0,"gold_gain":0,"player_choice":"Ignored","damage_taken":0,"max_hp_gain":0,"max_hp_loss":0,"event_name":"Vampires","floor":30,"gold_loss":0},{"damage_healed":0,"gold_gain":0,"player_choice":"Opened","damage_taken":0,"relics_obtained":["Mercury Hourglass"],"max_hp_gain":0,"max_hp_loss":0,"event_name":"The Mausoleum","floor":31,"gold_loss":0,"cards_obtained":["Writhe"]},{"damage_healed":0,"gold_gain":0,"player_choice":"Embrace Madness","damage_taken":9,"max_hp_gain":0,"max_hp_loss":0,"event_name":"Winding Halls","floor":36,"gold_loss":0,"cards_obtained":["Madness","Madness"]}],"is_beta":false,"boss_relics":[{"not_picked":["Busted Crown","WristBlade"],"picked":"Eternal Feather"},{"not_picked":["Black Star","Empty Cage"],"picked":"Coffee Dripper"}],"items_purged_floors":[],"is_endless":false,"potions_floor_spawned":[1,5,14,16,18,22,29,38,41,46],"killed_by":"3 Darklings","ascension_level":9}