{"gold_per_floor":[118,49,49,49,64,99,113,113,113,113,0,15,15,15,15,118,118,129,51,51,51,51,51,63,63,89,89,103,35,135,148,148,148],"floor_reached":33,"playtime":1464,"items_purged":[],"score":399,"play_id":"58aa5b68-c086-4b4c-bab6-0f00a3473e47","local_time":"20190423162124","is_ascension_mode":true,"campfire_choices":[{"data":"Finisher","floor":8,"key":"SMITH"},{"floor":13,"key":"REST"},{"data":"Glass Knife","floor":15,"key":"SMITH"},{"floor":23,"key":"REST"},{"floor":27,"key":"REST"},{"floor":32,"key":"REST"}],"neow_cost":"NONE","seed_source_timestamp":33832248815145,"circlet_count":0,"master_deck":["AscendersBane","Defend_G","Defend_G","Defend_G","Defend_G","Defend_G","Strike_G","Strike_G","Strike_G","Survivor","Neutralize","Deflect","Caltrops+1","Finisher+1","Glass Knife+1","Tactician","Caltrops","Dash","Flechettes","PiercingWail","Bullet Time","Caltrops","Noxious Fumes","Backflip","Backflip","Flechettes","Predator","Crippling Poison","PiercingWail"],"relics":["Ring of the Snake","NeowsBlessing","Bottled Flame","Dream Catcher","Snecko Eye","Nilry\u0027s Codex","Orichalcum"],"potions_floor_usage":[16,16,18,33],"damage_taken":[{"damage":0,"enemies":"Jaw Worm","floor":1,"turns":1},{"damage":0,"enemies":"2 Louse","floor":5,"turns":1},{"damage":0,"enemies":"Lagavulin","floor":6,"turns":1},{"damage":1,"enemies":"Cultist","floor":7,"turns":4},{"damage":0,"enemies":"3 Louse","floor":12,"turns":4},{"damage":51,"enemies":"Slime Boss","floor":16,"turns":10},{"damage":0,"enemies":"3 Byrds","floor":18,"turns":2},{"damage":15,"enemies":"Shell Parasite","floor":24,"turns":6},{"damage":15,"enemies":"Snake Plant","floor":28,"turns":2},{"damage":28,"enemies":"Shelled Parasite and Fungi","floor":31,"turns":5},{"damage":71,"enemies":"Automaton","floor":33,"turns":6}],"seed_played":"-6399096205461811458","potions_obtained":[{"floor":5,"key":"SteroidPotion"},{"floor":7,"key":"PowerPotion"},{"floor":16,"key":"GamblersBrew"},{"floor":28,"key":"Strength Potion"}],"is_trial":false,"path_per_floor":["M","$","?","?","M","E","M","R","T","?","$","M","R","$","R","B",null,"M","$","?","?","?","R","M","?","T","R","M","$","?","M","R","B"],"character_chosen":"THE_SILENT","items_purchased":["Caltrops","Caltrops","Dash","Noxious Fumes","Predator"],"campfire_rested":4,"item_purchase_floors":[2,11,11,19,29],"current_hp_per_floor":[63,63,56,56,56,56,55,55,55,55,55,55,70,70,70,19,57,57,57,57,44,28,50,35,60,60,75,60,60,60,32,54,0],"gold":148,"neow_bonus":"THREE_ENEMY_KILL","is_prod":false,"is_daily":false,"chose_seed":false,"campfire_upgraded":2,"win_rate":0,"timestamp":1556061684,"path_taken":["M","$","?","?","?","E","M","R","T","?","$","M","R","$","R","BOSS","M","?","?","?","?","R","M","?","T","R","M","$","?","?","R","BOSS"],"build_version":"2019-01-23","purchased_purges":0,"victory":false,"max_hp_per_floor":[70,70,70,70,70,70,70,70,70,70,70,70,70,70,70,70,70,70,70,70,75,75,75,75,75,75,75,75,75,75,75,75,75],"card_choices":[{"not_picked":["Deadly Poison","Heel Hook"],"picked":"Deflect","floor":1},{"not_picked":["Outmaneuver","Blade Dance"],"picked":"Finisher","floor":5},{"not_picked":["Acrobatics","Deflect"],"picked":"Glass Knife","floor":6},{"not_picked":["Flying Knee","Catalyst"],"picked":"Tactician","floor":7},{"not_picked":["Deadly Poison","Underhanded Strike"],"picked":"Flechettes","floor":12},{"not_picked":["Outmaneuver","Sucker Punch"],"picked":"PiercingWail","floor":13},{"not_picked":["Night Terror","Phantasmal Killer"],"picked":"Bullet Time","floor":16},{"not_picked":["Catalyst","Prepared"],"picked":"Caltrops","floor":18},{"not_picked":["Reflex","Outmaneuver"],"picked":"Backflip","floor":23},{"not_picked":["Masterful Stab","Sucker Punch","Prepared"],"picked":"SKIP","floor":24},{"not_picked":["Prepared","Quick Slash"],"picked":"Backflip","floor":27},{"not_picked":["PiercingWail","Outmaneuver"],"picked":"Flechettes","floor":28},{"not_picked":["Night Terror","Noxious Fumes"],"picked":"Crippling Poison","floor":31},{"not_picked":["Outmaneuver","Deflect"],"picked":"PiercingWail","floor":32}],"player_experience":1445529,"relics_obtained":[{"floor":6,"key":"Bottled Flame"},{"floor":9,"key":"Dream Catcher"},{"floor":22,"key":"Nilry\u0027s Codex"},{"floor":26,"key":"Orichalcum"}],"event_choices":[{"cards_removed":["Strike_G"],"damage_healed":0,"gold_gain":0,"player_choice":"Card Removal","damage_taken":7,"max_hp_gain":0,"max_hp_loss":0,"event_name":"Golden Wing","floor":3,"gold_loss":0},{"damage_healed":0,"gold_gain":0,"player_choice":"Upgraded","damage_taken":0,"max_hp_gain":0,"max_hp_loss":0,"event_name":"Upgrade Shrine","floor":4,"gold_loss":0,"cards_upgraded":["Caltrops"]},{"cards_removed":["Strike_G"],"damage_healed":0,"gold_gain":0,"player_choice":"Offered Basic","damage_taken":0,"max_hp_gain":0,"max_hp_loss":0,"event_name":"Bonfire Elementals","floor":10,"gold_loss":0},{"damage_healed":0,"gold_gain":0,"player_choice":"Ignored","damage_taken":0,"max_hp_gain":0,"max_hp_loss":0,"event_name":"Ghosts","floor":20,"gold_loss":0},{"damage_healed":0,"gold_gain":0,"player_choice":"Shed Blood","damage_taken":18,"max_hp_gain":5,"max_hp_loss":0,"event_name":"Forgotten Altar","floor":21,"gold_loss":0},{"damage_healed":0,"gold_gain":0,"player_choice":"Obtained Book","damage_taken":16,"max_hp_gain":0,"max_hp_loss":0,"event_name":"Cursed Tome","floor":22,"gold_loss":0},{"damage_healed":25,"gold_gain":0,"player_choice":"Heal","damage_taken":0,"max_hp_gain":0,"max_hp_loss":0,"event_name":"The Library","floor":25,"gold_loss":0},{"damage_healed":0,"gold_gain":100,"player_choice":"Pray","damage_taken":0,"max_hp_gain":0,"max_hp_loss":0,"event_name":"Golden Shrine","floor":30,"gold_loss":0}],"is_beta":false,"boss_relics":[{"not_picked":["Philosopher\u0027s Stone","Coffee Dripper"],"picked":"Snecko Eye"}],"items_purged_floors":[],"is_endless":false,"potions_floor_spawned":[5,7,16,28],"killed_by":"Automaton","ascension_level":10}