{"gold_per_floor":[114,129,146,17,34,34,60,60,60,76,76,91,103,119,119,191,191,205,43,43,59,59,59,77,77,77,77],"floor_reached":27,"playtime":1554,"items_purged":[],"score":391,"play_id":"d2df880e-e972-4ea3-9e13-d917cf73898a","local_time":"20190508075225","is_ascension_mode":true,"campfire_choices":[{"data":"Dagger Spray","floor":6,"key":"SMITH"},{"floor":8,"key":"REST"},{"data":"Noxious Fumes","floor":11,"key":"SMITH"},{"data":"Infinite Blades","floor":15,"key":"SMITH"},{"floor":23,"key":"REST"},{"floor":25,"key":"REST"}],"neow_cost":"NONE","seed_source_timestamp":0,"circlet_count":0,"master_deck":["AscendersBane","Defend_G","Defend_G","Defend_G","Defend_G","Defend_G","Strike_G+1","Strike_G","Strike_G","Strike_G+1","Strike_G","Survivor","Neutralize","Sucker Punch","Dagger Spray+1","Dagger Throw","Noxious Fumes+1","Riddle With Holes","Infinite Blades+1","Blur","Deadly Poison","Escape Plan","Riddle With Holes","PiercingWail","Adrenaline","Dagger Spray","Tactician","Good Instincts","Discovery","PiercingWail","Parasite"],"special_seed":0,"relics":["Philosopher\u0027s Stone","Meat on the Bone","Mummified Hand","Cursed Key","Oddly Smooth Stone","Whetstone"],"potions_floor_usage":[16],"damage_taken":[{"damage":2.0,"enemies":"Jaw Worm","floor":1.0,"turns":4.0},{"damage":0.0,"enemies":"2 Louse","floor":2.0,"turns":2.0},{"damage":3.0,"enemies":"Cultist","floor":3.0,"turns":5.0},{"damage":22.0,"enemies":"Exordium Thugs","floor":5.0,"turns":4.0},{"damage":29,"enemies":"3 Sentries","floor":7,"turns":6},{"damage":0,"enemies":"2 Fungi Beasts","floor":10,"turns":4},{"damage":0,"enemies":"Gremlin Gang","floor":12,"turns":3},{"damage":23,"enemies":"Exordium Thugs","floor":13,"turns":5},{"damage":2,"enemies":"Looter","floor":14,"turns":3},{"damage":17,"enemies":"The Guardian","floor":16,"turns":11},{"damage":13,"enemies":"Shell Parasite","floor":18,"turns":4},{"damage":20,"enemies":"Spheric Guardian","floor":21,"turns":4},{"damage":26,"enemies":"Centurion and Healer","floor":24,"turns":6},{"damage":65,"enemies":"Slavers","floor":27,"turns":7}],"seed_played":"-7019049023579975799","potions_obtained":[{"floor":7,"key":"FairyPotion"},{"floor":12,"key":"Ancient Potion"},{"floor":14,"key":"PowerPotion"},{"floor":16,"key":"Ancient Potion"}],"is_trial":false,"path_per_floor":["M","M","M","$","M","R","E","R","T","M","R","M","M","M","R","B",null,"M","$","?","M","?","R","M","R","T","E"],"character_chosen":"THE_SILENT","items_purchased":["Noxious Fumes","Riddle With Holes","Oddly Smooth Stone"],"campfire_rested":3,"item_purchase_floors":[4,4,19],"current_hp_per_floor":[57,57,54,54,32,32,3,22,22,34,34,34,23,33,33,28,57,44,44,44,36,18,37,23,42,42,0],"gold":77,"neow_bonus":"BOSS_RELIC","is_prod":false,"is_daily":false,"chose_seed":false,"campfire_upgraded":3,"win_rate":0,"timestamp":1557327145,"path_taken":["M","M","M","$","M","R","E","R","T","M","R","M","M","M","R","BOSS","M","$","?","M","?","R","M","R","T","E"],"build_version":"2019-01-23","purchased_purges":0,"victory":false,"max_hp_per_floor":[66,66,66,66,66,66,66,66,66,66,66,66,66,66,66,66,66,66,66,66,66,66,66,66,66,66,66],"card_choices":[{"not_picked":["Prepared","Deflect"],"picked":"Sucker Punch","floor":1.0},{"not_picked":["Poisoned Stab","Bane"],"picked":"Dagger Spray","floor":2.0},{"not_picked":["Flying Knee","Deadly Poison"],"picked":"Dagger Throw","floor":3.0},{"not_picked":["Bane","Underhanded Strike"],"picked":"Infinite Blades","floor":5},{"not_picked":["Poisoned Stab","Sucker Punch"],"picked":"Blur","floor":7},{"not_picked":["Flechettes","Underhanded Strike"],"picked":"Deadly Poison","floor":10},{"not_picked":["Quick Slash","Deflect"],"picked":"Escape Plan","floor":12},{"not_picked":["Slice","Flechettes"],"picked":"Riddle With Holes","floor":13},{"not_picked":["Doppelganger","All Out Attack"],"picked":"PiercingWail","floor":14},{"not_picked":["Doppelganger","Glass Knife"],"picked":"Adrenaline","floor":16},{"not_picked":["All Out Attack","Bane"],"picked":"Dagger Spray","floor":18},{"not_picked":["Sucker Punch","Catalyst"],"picked":"Tactician","floor":21},{"not_picked":["Dodge and Roll","Tactician"],"picked":"PiercingWail","floor":24}],"player_experience":1634999,"relics_obtained":[{"floor":7,"key":"Meat on the Bone"},{"floor":9,"key":"Mummified Hand"},{"floor":26,"key":"Whetstone"}],"event_choices":[{"damage_healed":0,"gold_gain":0,"player_choice":"Ignored","damage_taken":0,"max_hp_gain":0,"max_hp_loss":0,"event_name":"Vampires","floor":20,"gold_loss":0},{"damage_healed":0,"gold_gain":0,"player_choice":"CARD CARD ","damage_taken":18,"max_hp_gain":0,"max_hp_loss":0,"event_name":"Knowing Skull","floor":22,"potions_obtained":[],"gold_loss":0,"cards_obtained":["Good Instincts","Discovery"]}],"is_beta":false,"boss_relics":[{"not_picked":["White Beast Statue","Sozu"],"picked":"Cursed Key"}],"items_purged_floors":[],"is_endless":false,"potions_floor_spawned":[7,12,13,14,16,21],"killed_by":"Slavers","ascension_level":16}