{"gold_per_floor":[110,128,35,35,35,62,74,74,98,98,23,43,69,244,244,341,341,355,355],"floor_reached":19,"playtime":43616,"items_purged":["Strike_G"],"score":231,"play_id":"51a61e27-777a-4203-9f9a-1b41021e88d9","local_time":"20190122103136","is_ascension_mode":true,"campfire_choices":[{"floor":8,"key":"REST"},{"floor":10,"key":"REST"},{"data":"Discovery","floor":15,"key":"SMITH"}],"neow_cost":"PERCENT_DAMAGE","seed_source_timestamp":1021592869968400,"circlet_count":0,"master_deck":["Defend_G","Defend_G","Defend_G","Defend_G","Defend_G+1","Strike_G","Strike_G","Strike_G","Survivor+1","Neutralize","Bouncing Flask","Dagger Spray","Discovery+1","Glass Knife","Phantasmal Killer","Dagger Throw","PiercingWail","Doubt","Envenom","Injury","Parasite","Decay"],"relics":["Ring of the Snake","Blood Vial","War Paint","Odd Mushroom","Calling Bell","Art of War","Matryoshka","Du-Vu Doll"],"potions_floor_usage":[13,16,19],"damage_taken":[{"damage":6,"enemies":"Cultist","floor":1,"turns":4},{"damage":2,"enemies":"2 Louse","floor":2,"turns":2},{"damage":27,"enemies":"3 Sentries","floor":6,"turns":7},{"damage":12,"enemies":"Jaw Worm","floor":7,"turns":2},{"damage":11,"enemies":"Blue Slaver","floor":12,"turns":4},{"damage":0,"enemies":"The Mushroom Lair","floor":13,"turns":2},{"damage":36,"enemies":"The Guardian","floor":16,"turns":10},{"damage":53,"enemies":"Spheric Guardian","floor":18,"turns":8},{"damage":25,"enemies":"Masked Bandits","floor":19,"turns":3}],"seed_played":"-3413703798836346861","potions_obtained":[{"floor":1,"key":"Energy Potion"},{"floor":6,"key":"Explosive Potion"},{"floor":16,"key":"Strength Potion"}],"is_trial":false,"path_per_floor":["M","M","$","$","?","E","M","R","T","R","$","M","?","?","R","B",null,"M","?"],"character_chosen":"THE_SILENT","items_purchased":["Discovery"],"campfire_rested":2,"item_purchase_floors":[3],"current_hp_per_floor":[53,51,51,51,51,24,14,39,39,64,64,55,57,57,57,23,69,18,0],"gold":355,"neow_bonus":"TWENTY_PERCENT_HP_BONUS","is_prod":false,"is_daily":false,"chose_seed":false,"campfire_upgraded":1,"win_rate":0,"timestamp":1548149496,"path_taken":["M","M","?","$","?","E","?","R","T","R","$","M","?","?","R","BOSS","M","?"],"build_version":"2019-01-17v2","purchased_purges":1,"victory":false,"max_hp_per_floor":[84,84,84,84,84,84,84,84,84,84,84,84,84,84,84,84,84,84,84],"card_choices":[{"not_picked":["Setup","Tactician"],"picked":"Bouncing Flask","floor":1},{"not_picked":["Poisoned Stab","Endless Agony"],"picked":"Dagger Spray","floor":2},{"not_picked":["Expertise","Heel Hook","Prepared"],"picked":"SKIP","floor":6},{"not_picked":["Prepared","Deadly Poison"],"picked":"Phantasmal Killer","floor":7},{"not_picked":["Prepared","Poisoned Stab"],"picked":"Dagger Throw","floor":12},{"not_picked":["Blade Dance","Acrobatics"],"picked":"PiercingWail","floor":13},{"not_picked":["Doppelganger","Bullet Time"],"picked":"Envenom","floor":16},{"not_picked":["Dodge and Roll+1","Deflect","Endless Agony"],"picked":"SKIP","floor":18}],"player_experience":1226518,"relics_obtained":[{"floor":6,"key":"Blood Vial"},{"floor":9,"key":"War Paint"},{"floor":13,"key":"Odd Mushroom"},{"floor":17,"key":"Art of War"},{"floor":17,"key":"Matryoshka"},{"floor":17,"key":"Du-Vu Doll"}],"event_choices":[{"damage_healed":0,"gold_gain":0,"cards_transformed":["Strike_G"],"player_choice":"Transformed","damage_taken":0,"max_hp_gain":0,"max_hp_loss":0,"event_name":"Transmorgrifier","floor":5,"gold_loss":0,"cards_obtained":["Glass Knife"]},{"damage_healed":0,"gold_gain":0,"player_choice":"Fought Mushrooms","damage_taken":0,"max_hp_gain":0,"max_hp_loss":0,"event_name":"Mushrooms","floor":13,"gold_loss":0},{"damage_healed":0,"gold_gain":175,"player_choice":"AGREE","damage_taken":0,"max_hp_gain":0,"max_hp_loss":0,"event_name":"Liars Game","floor":14,"gold_loss":0,"cards_obtained":["Doubt"]},{"damage_healed":0,"gold_gain":0,"player_choice":"Fought Bandits","damage_taken":0,"max_hp_gain":0,"max_hp_loss":0,"event_name":"Masked Bandits","floor":19,"gold_loss":0}],"is_beta":false,"boss_relics":[{"not_picked":["Orrery","Astrolabe"],"picked":"Calling Bell"}],"items_purged_floors":[11],"is_endless":false,"potions_floor_spawned":[1,6,16],"killed_by":"Masked Bandits","ascension_level":8}