{"gold_per_floor":[114,3,3,3,20,55,55,82,82,92,92,102,102,129,129,225,225,239,253,268,213,13,13,0,0,0,17,17,31,31,44,44,143,143,160,177,187,187,55,55,55],"floor_reached":41,"playtime":2319,"items_purged":[],"score":717,"play_id":"9daebe86-aad7-41ec-b06b-059395ab1ecd","local_time":"20190426084455","is_ascension_mode":true,"campfire_choices":[{"data":"Noxious Fumes","floor":7,"key":"SMITH"},{"data":"Catalyst","floor":11,"key":"SMITH"},{"floor":13,"key":"REST"},{"data":"Concentrate","floor":15,"key":"SMITH"},{"data":"Corpse Explosion","floor":23,"key":"SMITH"},{"data":"Eviscerate","floor":25,"key":"SMITH"},{"floor":32,"key":"REST"},{"floor":40,"key":"REST"}],"neow_cost":"NONE","seed_source_timestamp":1418961845245,"circlet_count":0,"master_deck":["AscendersBane","Defend_G+1","Defend_G+1","Defend_G+1","Defend_G+1","Defend_G+1","Strike_G+1","Strike_G+1","Strike_G+1","Strike_G+1","Survivor","Neutralize","Noxious Fumes+1","Noxious Fumes+1","Predator","Concentrate+1","PiercingWail","Eviscerate+1","Adrenaline","Catalyst+1","Dagger Spray","Adrenaline","Corpse Explosion+1","Escape Plan","Dagger Spray+1","Escape Plan","Noxious Fumes+1","Endless Agony","Expertise","Backstab+1","Corpse Explosion","PiercingWail+1","Caltrops","Distraction","Mayhem","Mind Blast","Prepared"],"relics":["Ring of the Snake","NeowsBlessing","Mango","Boot","Shuriken","Dodecahedron","HoveringKite","Tiny Chest","DollysMirror","Juzu Bracelet","Fusion Hammer"],"potions_floor_usage":[8,14,14,18,31,33,33,37],"damage_taken":[{"damage":0,"enemies":"Jaw Worm","floor":1,"turns":1},{"damage":0,"enemies":"2 Louse","floor":5,"turns":1},{"damage":0,"enemies":"Gremlin Nob","floor":6,"turns":1},{"damage":19,"enemies":"3 Sentries","floor":8,"turns":5},{"damage":0,"enemies":"Cultist","floor":10,"turns":3},{"damage":6,"enemies":"Large Slime","floor":12,"turns":7},{"damage":2,"enemies":"Lagavulin","floor":14,"turns":4},{"damage":8,"enemies":"Hexaghost","floor":16,"turns":7},{"damage":0,"enemies":"Shell Parasite","floor":18,"turns":3},{"damage":19,"enemies":"Spheric Guardian","floor":19,"turns":4},{"damage":2,"enemies":"Cultist and Chosen","floor":20,"turns":4},{"damage":20,"enemies":"Centurion and Healer","floor":27,"turns":2},{"damage":0,"enemies":"Chosen and Byrds","floor":29,"turns":4},{"damage":8,"enemies":"Snake Plant","floor":31,"turns":3},{"damage":23,"enemies":"Champ","floor":33,"turns":8},{"damage":24,"enemies":"3 Darklings","floor":35,"turns":4},{"damage":4,"enemies":"3 Shapes","floor":36,"turns":4},{"damage":24,"enemies":"Sphere and 2 Shapes","floor":37,"turns":4},{"damage":49,"enemies":"Giant Head","floor":41,"turns":6}],"seed_played":"3570394861004451132","potions_obtained":[{"floor":1,"key":"GhostInAJar"},{"floor":5,"key":"Strength Potion"},{"floor":12,"key":"LiquidBronze"},{"floor":16,"key":"EssenceOfSteel"},{"floor":27,"key":"SkillPotion"},{"floor":29,"key":"GhostInAJar"},{"floor":31,"key":"Dexterity Potion"},{"floor":33,"key":"GhostInAJar"},{"floor":37,"key":"Explosive Potion"}],"is_trial":false,"path_per_floor":["M","$","?","?","M","E","R","E","T","M","R","M","R","E","R","B",null,"M","M","M","?","$","R","?","R","T","M","$","M","?","M","R","B",null,"M","M","M","?","$","R","E"],"character_chosen":"THE_SILENT","items_purchased":["Noxious Fumes","Predator","DollysMirror","Mind Blast","Prepared"],"campfire_rested":3,"item_purchase_floors":[2,2,22,39,39],"current_hp_per_floor":[63,63,49,49,49,63,63,44,44,44,44,38,63,61,61,53,76,76,57,55,55,55,55,55,55,55,35,35,35,35,27,52,29,70,46,42,18,18,18,43,0],"gold":55,"neow_bonus":"THREE_ENEMY_KILL","is_prod":false,"is_daily":false,"chose_seed":false,"campfire_upgraded":5,"win_rate":0,"timestamp":1556293495,"path_taken":["M","$","?","?","M","E","R","E","T","M","R","M","R","E","R","BOSS","M","?","M","?","$","R","?","R","T","M","$","M","?","M","R","BOSS","M","M","M","?","$","R","E"],"build_version":"2019-01-23","purchased_purges":0,"victory":false,"max_hp_per_floor":[70,70,70,70,70,84,84,84,84,84,84,84,84,84,84,84,84,84,84,84,84,84,84,84,84,84,84,84,84,84,84,84,84,84,84,84,84,84,84,84,84],"card_choices":[{"not_picked":["Backflip","Catalyst"],"picked":"Noxious Fumes","floor":1},{"not_picked":["Blade Dance","Dagger Throw"],"picked":"PiercingWail","floor":5},{"not_picked":["Flying Knee","Slice"],"picked":"Eviscerate","floor":6},{"not_picked":["Acrobatics","PiercingWail"],"picked":"Adrenaline","floor":8},{"not_picked":["Prepared","Dagger Throw"],"picked":"Catalyst","floor":10},{"not_picked":["Skewer","Sucker Punch"],"picked":"Dagger Spray","floor":12},{"not_picked":["Underhanded Strike","Crippling Poison"],"picked":"Adrenaline","floor":14},{"not_picked":["Burst","A Thousand Cuts"],"picked":"Corpse Explosion","floor":16},{"not_picked":["Poisoned Stab+1","Backflip"],"picked":"Escape Plan","floor":18},{"not_picked":["Bane","Dagger Throw"],"picked":"Dagger Spray+1","floor":19},{"not_picked":["Prepared","Flying Knee"],"picked":"Escape Plan","floor":20},{"not_picked":["Dodge and Roll","Quick Slash"],"picked":"Endless Agony","floor":27},{"not_picked":["Riddle With Holes+1","Footwork"],"picked":"Expertise","floor":29},{"not_picked":["Finisher","Choke"],"picked":"Backstab+1","floor":31},{"not_picked":["Malaise","Envenom"],"picked":"Corpse Explosion","floor":33},{"not_picked":["Blade Dance+1","Cloak And Dagger+1"],"picked":"PiercingWail+1","floor":35},{"not_picked":["Bane+1","Well Laid Plans+1"],"picked":"Caltrops","floor":36},{"not_picked":["Deadly Poison","Poisoned Stab+1"],"picked":"Distraction","floor":37},{"not_picked":["Apotheosis","Impatience"],"picked":"Mayhem","floor":38}],"player_experience":1475192,"relics_obtained":[{"floor":6,"key":"Mango"},{"floor":8,"key":"Boot"},{"floor":9,"key":"Shuriken"},{"floor":14,"key":"Dodecahedron"},{"floor":26,"key":"Juzu Bracelet"}],"event_choices":[{"damage_healed":0,"gold_gain":0,"player_choice":"Entered Light","damage_taken":14,"max_hp_gain":0,"max_hp_loss":0,"event_name":"Shining Light","floor":3,"gold_loss":0,"cards_upgraded":["Defend_G","Noxious Fumes"]},{"damage_healed":0,"gold_gain":0,"cards_transformed":["Strike_G"],"player_choice":"Transformed","damage_taken":0,"max_hp_gain":0,"max_hp_loss":0,"event_name":"Transmorgrifier","floor":4,"gold_loss":0,"cards_obtained":["Concentrate"]},{"damage_healed":0,"gold_gain":0,"player_choice":"Obtained Relic","damage_taken":0,"relics_obtained":["Tiny Chest"],"max_hp_gain":0,"max_hp_loss":0,"event_name":"Addict","floor":21,"gold_loss":85},{"damage_healed":0,"gold_gain":0,"player_choice":"Paid Fearfully","damage_taken":0,"max_hp_gain":0,"max_hp_loss":0,"event_name":"Masked Bandits","floor":24,"gold_loss":13},{"damage_healed":0,"gold_gain":0,"player_choice":"Simplicity","damage_taken":0,"max_hp_gain":0,"max_hp_loss":0,"event_name":"Back to Basics","floor":30,"gold_loss":0,"cards_upgraded":["Defend_G","Defend_G","Defend_G","Defend_G","Strike_G","Strike_G","Strike_G","Strike_G"]},{"damage_healed":0,"gold_gain":0,"player_choice":"Memory 1","damage_taken":0,"max_hp_gain":0,"max_hp_loss":0,"event_name":"SensoryStone","floor":38,"gold_loss":0}],"is_beta":false,"boss_relics":[{"not_picked":["Velvet Choker","Lizard Tail"],"picked":"HoveringKite"},{"not_picked":["Empty Cage","Calling Bell"],"picked":"Fusion Hammer"}],"items_purged_floors":[],"is_endless":false,"potions_floor_spawned":[1,5,12,16,27,29,31,33,37],"killed_by":"Giant Head","ascension_level":10}