{"gold_per_floor":[18,34,34,10,10,10,10,10,84,139,139,152,152,56,56,159,159,178,189,65,65,76,76,91,91,91,91,102,102,2,12,12,12],"floor_reached":33,"playtime":1995,"items_purged":["Strike_R","Shame"],"score":291,"play_id":"285f7b84-eee1-49ea-bf04-416a6db446ac","local_time":"20181027095129","is_ascension_mode":true,"campfire_choices":[{"data":"Seeing Red","floor":6,"key":"SMITH"},{"data":"Shrug It Off","floor":8,"key":"SMITH"},{"data":"Bash","floor":11,"key":"SMITH"},{"data":"Flame Barrier","floor":13,"key":"SMITH"},{"data":"Forethought","floor":15,"key":"SMITH"},{"data":"True Grit","floor":23,"key":"SMITH"},{"data":"Body Slam","floor":25,"key":"SMITH"},{"floor":32,"key":"REST"}],"neow_cost":"NO_GOLD","seed_source_timestamp":217848266961100,"circlet_count":0,"master_deck":["Strike_R","Strike_R+1","Strike_R","Strike_R+1","Defend_R","Defend_R","Defend_R","Defend_R","Bash+1","Master of Strategy","Madness","Body Slam+1","Seeing Red+1","Shrug It Off+1","Flame Barrier+1","Forethought+1","Double Tap","Pommel Strike","Metallicize","True Grit+1","Uppercut+1","Body Slam+1","Shrug It Off","Writhe"],"relics":["Burning Blood","Incense Burner","Self Forming Clay","Tiny Chest","Runic Pyramid","PreservedInsect","Whetstone","CultistMask","Bronze Scales"],"potions_floor_usage":[16,28,28,33,33],"damage_taken":[{"damage":6,"enemies":"Cultist","floor":1,"turns":4},{"damage":9,"enemies":"Jaw Worm","floor":2,"turns":5},{"damage":1,"enemies":"Small Slimes","floor":12,"turns":3},{"damage":30,"enemies":"Slime Boss","floor":16,"turns":12},{"damage":3,"enemies":"3 Byrds","floor":18,"turns":6},{"damage":0,"enemies":"Shell Parasite","floor":19,"turns":5},{"damage":35,"enemies":"Sentry and Sphere","floor":22,"turns":9},{"damage":1,"enemies":"Snecko","floor":24,"turns":5},{"damage":35,"enemies":"3 Cultists","floor":28,"turns":7},{"damage":14,"enemies":"Centurion and Healer","floor":31,"turns":5},{"damage":101,"enemies":"Automaton","floor":33,"turns":12}],"seed_played":"-3306251016956554728","potions_obtained":[{"floor":1,"key":"SkillPotion"},{"floor":12,"key":"BloodPotion"},{"floor":22,"key":"SpeedPotion"},{"floor":24,"key":"FearPotion"},{"floor":31,"key":"FearPotion"}],"is_trial":false,"path_per_floor":["M","M","T","$","?","R","?","R","T","T","R","M","R","$","R","B",null,"M","M","$","?","M","R","M","R","T","?","M","?","$","M","R"],"character_chosen":"IRONCLAD","items_purchased":["Shrug It Off","Forethought","True Grit"],"campfire_rested":1,"item_purchase_floors":[4,14,20],"current_hp_per_floor":[80,77,77,77,77,77,77,77,77,77,77,80,80,80,80,56,74,77,80,80,80,51,51,56,56,56,56,27,27,27,19,43,0],"gold":12,"neow_bonus":"RANDOM_COLORLESS_2","is_prod":false,"is_daily":false,"chose_seed":false,"campfire_upgraded":7,"win_rate":0,"timestamp":1540626689,"path_taken":["M","?","?","$","?","R","?","R","T","?","R","M","R","?","R","BOSS","M","M","$","?","M","R","?","R","T","?","M","?","$","M","R","BOSS"],"build_version":"2018-10-18","purchased_purges":2,"victory":false,"max_hp_per_floor":[80,80,80,80,80,80,80,80,80,80,80,80,80,80,80,80,80,80,80,80,80,80,80,80,80,80,80,80,80,80,80,80,80],"card_choices":[{"not_picked":["Fire Breathing","Sword Boomerang"],"picked":"Body Slam","floor":1},{"not_picked":["Metallicize","Clash"],"picked":"Seeing Red","floor":2},{"not_picked":["Flex","Thunderclap"],"picked":"Flame Barrier","floor":12},{"not_picked":["Demon Form","Offering"],"picked":"Double Tap","floor":16},{"not_picked":["Twin Strike","Iron Wave+1"],"picked":"Pommel Strike","floor":18},{"not_picked":["Armaments","Twin Strike+1"],"picked":"Metallicize","floor":19},{"not_picked":["Headbutt","Anger"],"picked":"Uppercut+1","floor":22},{"not_picked":["Anger","Thunderclap+1"],"picked":"Body Slam","floor":24},{"not_picked":["Bloodletting+1","Clash"],"picked":"Shrug It Off","floor":28},{"not_picked":["Dark Embrace","Sword Boomerang","Carnage"],"picked":"SKIP","floor":31}],"player_experience":772264,"relics_obtained":[{"floor":3,"key":"Incense Burner"},{"floor":9,"key":"Self Forming Clay"},{"floor":10,"key":"Tiny Chest"},{"floor":26,"key":"Whetstone"}],"event_choices":[{"damage_healed":0,"gold_gain":0,"player_choice":"Grow","damage_taken":0,"max_hp_gain":0,"max_hp_loss":0,"event_name":"Living Wall","floor":5,"gold_loss":0,"cards_upgraded":["Body Slam"]},{"damage_healed":0,"gold_gain":0,"player_choice":"Searched \u00270\u0027 times","damage_taken":0,"max_hp_gain":0,"max_hp_loss":0,"event_name":"Dead Adventurer","floor":7,"gold_loss":0},{"damage_healed":0,"gold_gain":0,"player_choice":"Stole Relic","damage_taken":0,"relics_obtained":["PreservedInsect"],"max_hp_gain":0,"max_hp_loss":0,"event_name":"Addict","floor":21,"gold_loss":0,"cards_obtained":["Shame"]},{"damage_healed":0,"gold_gain":0,"player_choice":"Trade","damage_taken":0,"relics_obtained":["CultistMask"],"max_hp_gain":0,"max_hp_loss":0,"event_name":"FaceTrader","floor":27,"gold_loss":0},{"damage_healed":0,"gold_gain":0,"player_choice":"Opened","damage_taken":0,"relics_obtained":["Bronze Scales"],"max_hp_gain":0,"max_hp_loss":0,"event_name":"The Mausoleum","floor":29,"gold_loss":0,"cards_obtained":["Writhe"]}],"is_beta":false,"boss_relics":[{"not_picked":["Coffee Dripper","Fusion Hammer"],"picked":"Runic Pyramid"}],"items_purged_floors":[20,30],"is_endless":false,"potions_floor_spawned":[1,12,22,24,31],"killed_by":"Automaton","ascension_level":5}