{"gold_per_floor":[99,76,76,76,76,76,76,76,76,76,76,76,76,76,76,76,76,76,76,31,31,31,31,31,31,31,31,31,31,31,31,31,31,31,31,0,0,0,0,0,0,0,0,0,0,0,0,0,0,0],"floor_reached":51,"playtime":4113,"items_purged":[],"score":754,"play_id":"5c07cc8b-a11e-468a-bf11-1c0b72406492","local_time":"20181123014150","is_ascension_mode":false,"campfire_choices":[{"floor":10,"key":"REST"},{"data":"Perfected Strike","floor":15,"key":"SMITH"},{"floor":23,"key":"REST"},{"data":"RitualDagger","floor":27,"key":"SMITH"},{"floor":32,"key":"REST"},{"floor":41,"key":"REST"},{"floor":49,"key":"REST"}],"neow_cost":"NONE","seed_source_timestamp":340887290322,"circlet_count":0,"master_deck":["Strike_R+1","Strike_R+1","Strike_R+1","Strike_R+1","Strike_R+1","Defend_R+1","Defend_R+1","Defend_R+1","Defend_R+1","Bash","Cleave","True Grit+1","Perfected Strike+1","Thunderclap","Flex","Warcry","Uppercut","Perfected Strike+1","Blood for Blood","Twin Strike","Bludgeon","Shrug It Off","Armaments","Metallicize","Armaments+1","Blood for Blood","Pommel Strike+1","Rage","Twin Strike","Rage+1","RitualDagger+1","Necronomicurse","Clothesline","Pommel Strike","Barricade","Flex+1","Thunderclap+1","Shrug It Off+1","Pommel Strike+1","Parasite","Shockwave+1","Bloodletting+1"],"relics":["Ectoplasm","Mercury Hourglass","Boot","Regal Pillow","Centennial Puzzle","Orrery","Juzu Bracelet","Kunai","Necronomicon","Lizard Tail","Red Mask","War Paint","Happy Flower","Unceasing Top"],"potions_floor_usage":[13,13,16,16,33,33,33,33,33,35],"damage_taken":[{"damage":3,"enemies":"Jaw Worm","floor":1,"turns":3},{"damage":0,"enemies":"Cultist","floor":3,"turns":2},{"damage":1,"enemies":"2 Louse","floor":4,"turns":2},{"damage":23,"enemies":"Lagavulin","floor":6,"turns":6},{"damage":0,"enemies":"Blue Slaver","floor":7,"turns":1},{"damage":1,"enemies":"Exordium Wildlife","floor":8,"turns":2},{"damage":0,"enemies":"Gremlin Nob","floor":11,"turns":2},{"damage":6,"enemies":"Lagavulin","floor":13,"turns":3},{"damage":0,"enemies":"Looter","floor":14,"turns":1},{"damage":26,"enemies":"Hexaghost","floor":16,"turns":8},{"damage":5,"enemies":"Spheric Guardian","floor":18,"turns":3},{"damage":6,"enemies":"2 Thieves","floor":20,"turns":3},{"damage":10,"enemies":"Chosen and Byrds","floor":21,"turns":3},{"damage":10,"enemies":"Snake Plant","floor":22,"turns":2},{"damage":0,"enemies":"Snecko","floor":29,"turns":2},{"damage":0,"enemies":"Cultist and Chosen","floor":30,"turns":2},{"damage":0,"enemies":"Centurion and Healer","floor":31,"turns":2},{"damage":25,"enemies":"Automaton","floor":33,"turns":6},{"damage":28,"enemies":"3 Shapes","floor":35,"turns":2},{"damage":16,"enemies":"3 Darklings","floor":37,"turns":6},{"damage":30,"enemies":"Giant Head","floor":40,"turns":7},{"damage":0,"enemies":"Reptomancer","floor":44,"turns":3},{"damage":0,"enemies":"Writhing Mass","floor":46,"turns":3},{"damage":23,"enemies":"Maw","floor":48,"turns":6},{"damage":47,"enemies":"Awakened One","floor":50,"turns":12}],"seed_played":"6133772575152974047","potions_obtained":[{"floor":6,"key":"Block Potion"},{"floor":8,"key":"SpeedPotion"},{"floor":11,"key":"PowerPotion"},{"floor":13,"key":"PowerPotion"},{"floor":18,"key":"FearPotion"},{"floor":21,"key":"Strength Potion"},{"floor":22,"key":"SteroidPotion"},{"floor":29,"key":"EntropicBrew"},{"floor":48,"key":"FearPotion"}],"is_trial":false,"path_per_floor":["M","$","M","M","?","E","M","M","T","R","E","?","E","M","R","B",null,"M","?","M","M","M","R","?","T","T","R","?","M","M","M","R","B",null,"M","?","M","?","?","E","R","$","T","E","$","M","?","M","R","B",null],"character_chosen":"IRONCLAD","items_purchased":["True Grit"],"campfire_rested":5,"item_purchase_floors":[2],"current_hp_per_floor":[77,77,77,76,76,53,53,52,52,76,76,76,70,70,70,44,80,75,75,69,59,49,80,74,74,74,74,58,58,58,58,80,55,80,52,52,36,36,36,6,45,45,45,45,45,45,45,22,61,14],"gold":0,"neow_bonus":"BOSS_RELIC","is_prod":false,"is_daily":false,"chose_seed":false,"campfire_upgraded":2,"win_rate":0.0,"timestamp":1542904910,"path_taken":["M","$","M","M","?","E","?","M","T","R","E","?","E","M","R","BOSS","M","?","M","M","M","R","?","?","T","R","?","M","M","M","R","BOSS","M","?","M","?","?","E","R","$","T","E","?","M","?","M","R","BOSS"],"build_version":"2018-11-15","purchased_purges":0,"victory":true,"max_hp_per_floor":[80,80,80,80,80,80,80,80,80,80,80,80,80,80,80,80,80,80,80,80,80,80,80,80,80,80,80,80,80,80,80,80,80,80,80,80,80,80,80,80,80,80,80,80,80,80,80,80,80,80],"card_choices":[{"not_picked":["Shrug It Off","Power Through"],"picked":"Cleave","floor":1},{"not_picked":["Thunderclap","Body Slam"],"picked":"Perfected Strike","floor":3},{"not_picked":["Warcry","Pommel Strike"],"picked":"Thunderclap","floor":4},{"not_picked":["Reckless Charge","True Grit"],"picked":"Flex","floor":6},{"not_picked":["Intimidate","Corruption"],"picked":"Warcry","floor":7},{"not_picked":["Anger","Ghostly Armor"],"picked":"Uppercut","floor":8},{"not_picked":["Reaper","Flex"],"picked":"Perfected Strike","floor":11},{"not_picked":["Feel No Pain","Cleave"],"picked":"Blood for Blood","floor":13},{"not_picked":["Pommel Strike","Warcry"],"picked":"Twin Strike","floor":14},{"not_picked":["Demon Form","Impervious"],"picked":"Bludgeon","floor":16},{"not_picked":["Second Wind","Warcry"],"picked":"Shrug It Off","floor":17},{"not_picked":["True Grit","Pommel Strike"],"picked":"Armaments","floor":17},{"not_picked":["Shrug It Off","Flex"],"picked":"Metallicize","floor":17},{"not_picked":["Hemokinesis","Fire Breathing"],"picked":"Armaments","floor":17},{"not_picked":["True Grit","Cleave"],"picked":"Blood for Blood","floor":17},{"not_picked":["Rampage","Armaments"],"picked":"Pommel Strike+1","floor":18},{"not_picked":["Entrench","Fiend Fire"],"picked":"Rage","floor":20},{"not_picked":["True Grit+1","Shrug It Off"],"picked":"Twin Strike","floor":21},{"not_picked":["Cleave","True Grit"],"picked":"Rage+1","floor":22},{"not_picked":["Headbutt","Thunderclap"],"picked":"Flex","floor":29},{"not_picked":["Shrug It Off","Berserk"],"picked":"Clothesline","floor":30},{"not_picked":["Rupture+1","True Grit"],"picked":"Pommel Strike","floor":31},{"not_picked":["Bludgeon","Dark Embrace"],"picked":"Barricade","floor":33},{"not_picked":["Pommel Strike+1","Sword Boomerang+1"],"picked":"Flex+1","floor":35},{"not_picked":["Reckless Charge","Cleave"],"picked":"Thunderclap+1","floor":37},{"not_picked":["Whirlwind+1","Flame Barrier"],"picked":"Shrug It Off+1","floor":40},{"not_picked":["Thunderclap","Corruption+1"],"picked":"Pommel Strike+1","floor":44},{"not_picked":["Uppercut","Twin Strike+1"],"picked":"Shockwave+1","floor":46},{"not_picked":["Searing Blow+1","Juggernaut"],"picked":"Bloodletting+1","floor":48}],"player_experience":4720,"relics_obtained":[{"floor":6,"key":"Mercury Hourglass"},{"floor":9,"key":"Boot"},{"floor":11,"key":"Regal Pillow"},{"floor":13,"key":"Centennial Puzzle"},{"floor":25,"key":"Juzu Bracelet"},{"floor":26,"key":"Kunai"},{"floor":28,"key":"Necronomicon"},{"floor":40,"key":"War Paint"},{"floor":43,"key":"Happy Flower"},{"floor":44,"key":"Unceasing Top"}],"event_choices":[{"damage_healed":0,"gold_gain":0,"player_choice":"Upgraded","damage_taken":0,"max_hp_gain":0,"max_hp_loss":0,"event_name":"Upgrade Shrine","floor":5,"gold_loss":0,"cards_upgraded":["Perfected Strike"]},{"damage_healed":0,"gold_gain":0,"player_choice":"Leave","damage_taken":0,"max_hp_gain":0,"max_hp_loss":0,"event_name":"The Cleric","floor":12,"gold_loss":0},{"damage_healed":0,"gold_gain":0,"player_choice":"Simplicity","damage_taken":0,"max_hp_gain":0,"max_hp_loss":0,"event_name":"Back to Basics","floor":19,"gold_loss":0,"cards_upgraded":["Strike_R","Strike_R","Strike_R","Strike_R","Strike_R","Defend_R","Defend_R","Defend_R","Defend_R"]},{"damage_healed":0,"gold_gain":0,"player_choice":"Joined the Cult","damage_taken":6,"max_hp_gain":0,"max_hp_loss":0,"event_name":"Nest","floor":24,"gold_loss":0,"cards_obtained":["RitualDagger"]},{"damage_healed":0,"gold_gain":0,"player_choice":"Obtained Book","damage_taken":16,"max_hp_gain":0,"max_hp_loss":0,"event_name":"Cursed Tome","floor":28,"gold_loss":0},{"damage_healed":0,"gold_gain":0,"player_choice":"Paid","damage_taken":0,"relics_obtained":["Red Mask"],"max_hp_gain":0,"max_hp_loss":0,"event_name":"Tomb of Lord Red Mask","floor":36,"gold_loss":31},{"damage_healed":0,"gold_gain":0,"player_choice":"Ignored","damage_taken":0,"max_hp_gain":0,"max_hp_loss":0,"event_name":"SecretPortal","floor":38,"gold_loss":0},{"damage_healed":0,"gold_gain":100,"player_choice":"Pray","damage_taken":0,"max_hp_gain":0,"max_hp_loss":0,"event_name":"Golden Shrine","floor":39,"gold_loss":0},{"cards_removed":["Flex"],"damage_healed":0,"gold_gain":0,"player_choice":"Removed Skill","damage_taken":0,"max_hp_gain":0,"max_hp_loss":0,"event_name":"Falling","floor":47,"gold_loss":0}],"is_beta":false,"boss_relics":[{"not_picked":["Velvet Choker","Runic Pyramid"],"picked":"Orrery"},{"not_picked":["Sozu","Empty Cage"],"picked":"Lizard Tail"}],"items_purged_floors":[],"is_endless":false,"potions_floor_spawned":[6,8,11,13,18,21,22,29,31,48],"ascension_level":0}