{"gold_per_floor":[366,380,380,380,380,380,26,0,0,35,35,46,46,59,59,160,160,176,176,204,216,233,233,243,243,243,518,534,534,534,550,550,645,645,665,679,352,363,376,376,376,407,407,436,436,436,447,462,462,462],"floor_reached":51,"playtime":3016,"items_purged":["Regret"],"score":863,"play_id":"97206c23-ba20-485b-8699-a7231a7f7469","local_time":"20181014174347","is_ascension_mode":true,"campfire_choices":[{"floor":6,"key":"REST"},{"floor":15,"key":"REST"},{"floor":23,"key":"REST"},{"floor":25,"key":"REST"},{"floor":29,"key":"REST"},{"floor":32,"key":"REST"},{"floor":40,"key":"REST"},{"floor":46,"key":"REST"},{"data":"Rainbow","floor":49,"key":"SMITH"}],"neow_cost":"PERCENT_DAMAGE","seed_source_timestamp":224062155617500,"circlet_count":0,"master_deck":["Zap","Dualcast","Sweeping Beam+1","Redo+1","Apotheosis","Genetic Algorithm","Double Energy","Steam","Echo Form","Conserve Battery+1","Chill","Lockon+1","Conserve Battery","Capacitor","White Noise","Defragment","Multi-Cast","Steam","Rebound","Doom and Gloom","Consume","Cold Snap","Steam","Storm","Conserve Battery+1","Mayhem","Capacitor","Chill+1","BootSequence+1","Double Energy+1","Chaos","Madness","Storm+1","Rainbow+1"],"relics":["Cracked Core","Dodecahedron","Bronze Scales","Letter Opener","Mummified Hand","Lizard Tail","Red Mask","Mercury Hourglass","Nunchaku","Pandora\u0027s Box","Dream Catcher","Pantograph","Lantern","Bag of Preparation"],"potions_floor_usage":[10,20,28,33,33,44,50],"damage_taken":[{"damage":0,"enemies":"Cultist","floor":1,"turns":3},{"damage":0,"enemies":"2 Louse","floor":2,"turns":2},{"damage":15,"enemies":"3 Sentries","floor":10,"turns":5},{"damage":2,"enemies":"Jaw Worm","floor":12,"turns":3},{"damage":3,"enemies":"Exordium Wildlife","floor":14,"turns":2},{"damage":19,"enemies":"Hexaghost","floor":16,"turns":9},{"damage":26,"enemies":"Chosen","floor":18,"turns":5},{"damage":46,"enemies":"Masked Bandits","floor":20,"turns":4},{"damage":20,"enemies":"Spheric Guardian","floor":21,"turns":4},{"damage":6,"enemies":"Snake Plant","floor":22,"turns":3},{"damage":9,"enemies":"Centurion and Healer","floor":24,"turns":7},{"damage":17,"enemies":"Cultist and Chosen","floor":28,"turns":6},{"damage":18,"enemies":"Snecko","floor":31,"turns":5},{"damage":28,"enemies":"Collector","floor":33,"turns":12},{"damage":7,"enemies":"Orb Walker","floor":35,"turns":3},{"damage":5,"enemies":"3 Shapes","floor":36,"turns":7},{"damage":27,"enemies":"Transient","floor":38,"turns":5},{"damage":19,"enemies":"Spire Growth","floor":39,"turns":7},{"damage":22,"enemies":"2 Orb Walkers","floor":42,"turns":4},{"damage":45,"enemies":"Nemesis","floor":44,"turns":7},{"damage":1,"enemies":"Sphere and 2 Shapes","floor":47,"turns":4},{"damage":0,"enemies":"Reptomancer","floor":48,"turns":4},{"damage":39,"enemies":"Donu and Deca","floor":50,"turns":9}],"seed_played":"8157675004192731974","potions_obtained":[{"floor":2,"key":"SneckoOil"},{"floor":16,"key":"FearPotion"},{"floor":24,"key":"AttackPotion"},{"floor":28,"key":"Fire Potion"},{"floor":31,"key":"Fire Potion"},{"floor":38,"key":"Energy Potion"},{"floor":39,"key":"GamblersBrew"},{"floor":42,"key":"Poison Potion"},{"floor":48,"key":"Fire Potion"}],"is_trial":false,"path_per_floor":["M","M","?","T","?","R","$","?","T","E","$","M","?","M","R","B",null,"M","?","?","M","M","R","M","R","T","?","M","R","T","M","R","B",null,"M","M","$","M","M","R","T","E","T","E","?","R","M","M","R","B"],"character_chosen":"DEFECT","items_purchased":["Apotheosis","Bronze Scales","Mayhem","Capacitor"],"campfire_rested":8,"item_purchase_floors":[7,7,37,37],"current_hp_per_floor":[54,54,54,54,39,61,61,61,61,46,46,44,37,34,56,37,75,49,74,28,8,2,24,15,37,37,37,20,42,42,24,46,18,75,68,63,63,36,17,39,39,17,17,37,37,59,58,58,58,36],"gold":462,"neow_bonus":"TWO_FIFTY_GOLD","is_prod":false,"is_daily":false,"chose_seed":false,"campfire_upgraded":1,"win_rate":0,"timestamp":1539531827,"path_taken":["M","?","?","?","?","R","$","?","T","E","$","?","?","M","R","BOSS","M","?","?","M","M","R","M","R","T","?","?","R","?","M","R","BOSS","M","M","$","M","?","R","?","E","T","E","?","R","M","M","R","BOSS"],"build_version":"2018-10-11","purchased_purges":1,"victory":true,"max_hp_per_floor":[75,75,75,75,75,75,75,75,75,75,75,75,75,75,75,75,75,75,75,75,75,75,75,75,75,75,75,75,75,75,75,75,75,75,75,75,75,75,75,75,75,75,75,75,75,75,75,75,75,75],"card_choices":[{"not_picked":["Leap","Beam Cell"],"picked":"Sweeping Beam","floor":1},{"not_picked":["Blizzard","Skim"],"picked":"Redo","floor":2},{"not_picked":["Scrape","Cold Snap"],"picked":"Genetic Algorithm","floor":10},{"not_picked":["Skim","Stack"],"picked":"Double Energy","floor":12},{"not_picked":["Rebound","Redo"],"picked":"Steam","floor":14},{"not_picked":["Rainbow","Multi-Cast"],"picked":"Echo Form","floor":16},{"not_picked":["Hologram+1","Glacier"],"picked":"Conserve Battery+1","floor":18},{"not_picked":["Lockon","Sweeping Beam"],"picked":"Chill","floor":20},{"not_picked":["Compile Driver+1","Streamline+1"],"picked":"Lockon+1","floor":21},{"not_picked":["Gash","Hologram"],"picked":"Conserve Battery","floor":22},{"not_picked":["Turbo","Leap"],"picked":"Capacitor","floor":24},{"not_picked":["Storm","Hologram+1"],"picked":"White Noise","floor":28},{"not_picked":["Leap","Cold Snap"],"picked":"Defragment","floor":31},{"not_picked":["Buffer","Amplify"],"picked":"Multi-Cast","floor":33},{"not_picked":["Barrage","Chaos"],"picked":"Storm","floor":35},{"not_picked":["Barrage","Steam Power"],"picked":"Conserve Battery+1","floor":36},{"not_picked":["Sweeping Beam+1","Cold Snap"],"picked":"Chill+1","floor":38},{"not_picked":["Barrage","Coolheaded+1"],"picked":"BootSequence+1","floor":39},{"not_picked":["Chill+1","Turbo"],"picked":"Double Energy+1","floor":42},{"not_picked":["Skim","Beam Cell"],"picked":"Chaos","floor":44},{"not_picked":["Enlightenment","Discovery"],"picked":"Madness","floor":45},{"not_picked":["Barrage+1","Rebound+1"],"picked":"Storm+1","floor":46},{"not_picked":["Redo","Consume"],"picked":"Rainbow","floor":47},{"not_picked":["Rebound+1","Glacier","Auto Shields+1"],"picked":"SKIP","floor":48}],"player_experience":712032,"relics_obtained":[{"floor":4,"key":"Dodecahedron"},{"floor":9,"key":"Letter Opener"},{"floor":10,"key":"Mummified Hand"},{"floor":20,"key":"Red Mask"},{"floor":26,"key":"Mercury Hourglass"},{"floor":30,"key":"Nunchaku"},{"floor":41,"key":"Dream Catcher"},{"floor":42,"key":"Pantograph"},{"floor":43,"key":"Lantern"},{"floor":44,"key":"Bag of Preparation"}],"event_choices":[{"event_name":"Purifier","player_choice":"One Purge","floor":3,"damage_taken":0},{"event_name":"Shining Light","player_choice":"Entered Light","floor":5,"damage_taken":0},{"event_name":"World of Goop","player_choice":"Left","floor":8,"damage_taken":0},{"event_name":"Golden Wing","player_choice":"Card Removal","floor":13,"damage_taken":0},{"event_name":"The Library","player_choice":"Heal","floor":19,"damage_taken":0},{"event_name":"Masked Bandits","player_choice":"Fought Bandits","floor":20,"damage_taken":0},{"event_name":"Golden Shrine","player_choice":"Desecrate","floor":27,"damage_taken":0},{"event_name":"SensoryStone","player_choice":"Memory 1","floor":45,"damage_taken":0}],"is_beta":false,"boss_relics":[{"not_picked":["Empty Cage","Snecko Eye"],"picked":"Lizard Tail"},{"not_picked":["Busted Crown","Philosopher\u0027s Stone"],"picked":"Pandora\u0027s Box"}],"items_purged_floors":[37],"is_endless":false,"potions_floor_spawned":[2,16,24,28,31,38,39,42,48],"ascension_level":4}