{"gold_per_floor":[19,39,39,55,70,70,100,100,100,100,175,204,204,230,230,329,329,346,356,281,55,55,55,55,0,0,0,0,25,25,60,72,187,199,229,241,253,315,171,171,182,182,182,217,217,217,0,11,11,11],"floor_reached":50,"playtime":2410,"items_purged":["Aggregate"],"score":725,"play_id":"50564353-f393-4a52-9b84-48171860e711","local_time":"20190121145759","is_ascension_mode":true,"campfire_choices":[{"floor":6,"key":"REST"},{"floor":8,"key":"REST"},{"floor":10,"key":"REST"},{"floor":15,"key":"REST"},{"data":"Loop","floor":23,"key":"SMITH"},{"data":"Amplify","floor":28,"key":"SMITH"},{"floor":30,"key":"REST"},{"data":"Rainbow","floor":32,"key":"SMITH"},{"floor":40,"key":"REST"},{"floor":42,"key":"RECALL"},{"floor":45,"key":"REST"},{"floor":49,"key":"REST"}],"neow_cost":"NO_GOLD","seed_source_timestamp":992978979305700,"circlet_count":0,"master_deck":["Zap","Dualcast","Amplify+1","Sunder","Doom and Gloom","Hologram","Hello World","Rebound","Biased Cognition","Core Surge","White Noise","Capacitor","Defragment","Rainbow+1","Melter","Loop+1","Barrage+1","Creative AI","Self Repair+1","Electrodynamics+1","Writhe","Turbo"],"relics":["Cracked Core","Orichalcum","Strawberry","Matryoshka","Lantern","Pandora\u0027s Box","Strange Spoon","Bag of Marbles","MutagenicStrength","Ancient Tea Set","Bottled Flame","Happy Flower","MawBank","Fusion Hammer","Frozen Egg 2","Boot","Symbiotic Virus","Red Mask"],"potions_floor_usage":[12,16,33,33,44,44,44,48,50],"damage_taken":[{"damage":6,"enemies":"Cultist","floor":1,"turns":3},{"damage":10,"enemies":"Small Slimes","floor":2,"turns":3},{"damage":0,"enemies":"2 Louse","floor":4,"turns":2},{"damage":7,"enemies":"Looter","floor":5,"turns":3},{"damage":48,"enemies":"Gremlin Nob","floor":7,"turns":5},{"damage":6,"enemies":"3 Sentries","floor":12,"turns":4},{"damage":20,"enemies":"Gremlin Nob","floor":14,"turns":5},{"damage":16,"enemies":"Slime Boss","floor":16,"turns":14},{"damage":1,"enemies":"Chosen","floor":18,"turns":6},{"damage":0,"enemies":"Spheric Guardian","floor":19,"turns":2},{"damage":26,"enemies":"Book of Stabbing","floor":29,"turns":3},{"damage":6,"enemies":"Slavers","floor":31,"turns":6},{"damage":31,"enemies":"Champ","floor":33,"turns":8},{"damage":0,"enemies":"Orb Walker","floor":35,"turns":3},{"damage":15,"enemies":"3 Darklings","floor":41,"turns":5},{"damage":64,"enemies":"Nemesis","floor":44,"turns":5},{"damage":29,"enemies":"Spire Growth","floor":48,"turns":3},{"damage":75,"enemies":"Donu and Deca","floor":50,"turns":4}],"seed_played":"7124803175479768716","potions_obtained":[{"floor":4,"key":"LiquidBronze"},{"floor":7,"key":"Explosive Potion"},{"floor":12,"key":"Energy Potion"},{"floor":16,"key":"Strength Potion"},{"floor":19,"key":"Ancient Potion"},{"floor":33,"key":"Fire Potion"},{"floor":41,"key":"Poison Potion"},{"floor":44,"key":"Poison Potion"},{"floor":48,"key":"GamblersBrew"}],"is_trial":false,"path_per_floor":["M","M","$","M","M","R","E","R","T","R","?","E","?","E","R","B",null,"M","M","?","$","?","R","?","?","T","$","R","E","R","E","R","B",null,"M","?","?","T","$","R","M","R","T","E","R","?","?","M","R","B"],"character_chosen":"DEFECT","items_purchased":["Strange Spoon","Loop","Self Repair+1"],"campfire_rested":8,"item_purchase_floors":[21,21,39],"current_hp_per_floor":[62,52,52,52,45,67,19,41,48,72,61,55,55,35,59,43,72,71,71,71,71,71,71,71,71,71,71,71,45,69,63,63,32,70,70,70,70,70,70,82,77,77,77,23,47,68,68,39,63,0],"gold":11,"neow_bonus":"THREE_RARE_CARDS","is_prod":false,"is_daily":false,"chose_seed":false,"campfire_upgraded":3,"win_rate":0,"timestamp":1548079079,"path_taken":["M","M","$","?","M","R","E","R","T","R","?","E","?","E","R","BOSS","M","M","?","$","?","R","?","?","T","?","R","E","R","E","R","BOSS","M","?","?","?","$","R","M","R","T","E","R","?","?","?","R","BOSS"],"build_version":"2019-01-17v2","purchased_purges":1,"victory":false,"max_hp_per_floor":[75,75,75,75,75,75,75,75,82,82,82,82,82,82,82,82,82,82,82,82,82,82,82,82,82,82,82,82,82,82,82,82,82,82,82,82,82,82,82,82,82,82,82,82,82,82,82,82,82,82],"card_choices":[{"not_picked":["All For One","Hyperbeam"],"picked":"Amplify","floor":0},{"not_picked":["Stack","Auto Shields","Beam Cell"],"picked":"SKIP","floor":1},{"not_picked":["Conserve Battery","Barrage"],"picked":"Sunder","floor":2},{"not_picked":["Coolheaded","Rip and Tear"],"picked":"Doom and Gloom","floor":4},{"not_picked":["Beam Cell","Consume"],"picked":"Glacier","floor":5},{"not_picked":["Auto Shields","Rebound"],"picked":"Hologram","floor":7},{"not_picked":["Seek","Aggregate"],"picked":"Hello World","floor":12},{"not_picked":["Hyperbeam","Cold Snap"],"picked":"Rebound","floor":14},{"not_picked":["Multi-Cast","Fission"],"picked":"Biased Cognition","floor":16},{"not_picked":["Cold Snap+1","Gash"],"picked":"Melter","floor":18},{"not_picked":["Reprogram+1","Steam","Hologram"],"picked":"SKIP","floor":19},{"not_picked":["Steam","Reboot"],"picked":"Barrage+1","floor":29},{"not_picked":["Stack+1","Thunder Strike","Barrage"],"picked":"SKIP","floor":31},{"not_picked":["Meteor Strike","Machine Learning"],"picked":"Creative AI","floor":33},{"not_picked":["Go for the Eyes","Ball Lightning+1","Sweeping Beam"],"picked":"SKIP","floor":35},{"not_picked":["Conserve Battery+1","Hologram+1","Sweeping Beam"],"picked":"SKIP","floor":41},{"not_picked":["Cold Snap+1","Sweeping Beam"],"picked":"Electrodynamics+1","floor":44},{"not_picked":["Ball Lightning+1","Sweeping Beam+1"],"picked":"Turbo","floor":48}],"player_experience":1222802,"relics_obtained":[{"floor":7,"key":"Orichalcum"},{"floor":9,"key":"Strawberry"},{"floor":12,"key":"Matryoshka"},{"floor":14,"key":"Lantern"},{"floor":26,"key":"Ancient Tea Set"},{"floor":26,"key":"Bottled Flame"},{"floor":29,"key":"Happy Flower"},{"floor":31,"key":"MawBank"},{"floor":38,"key":"Frozen Egg 2"},{"floor":38,"key":"Boot"},{"floor":44,"key":"Symbiotic Virus"}],"event_choices":[{"damage_healed":0,"gold_gain":75,"player_choice":"Gather Gold","damage_taken":11,"max_hp_gain":0,"max_hp_loss":0,"event_name":"World of Goop","floor":11,"gold_loss":0},{"cards_removed":["Strike_B"],"damage_healed":0,"gold_gain":0,"player_choice":"Forget","damage_taken":0,"max_hp_gain":0,"max_hp_loss":0,"event_name":"Living Wall","floor":13,"gold_loss":0},{"cards_removed":["Skim"],"damage_healed":0,"gold_gain":0,"player_choice":"Gave Gold","damage_taken":0,"max_hp_gain":0,"max_hp_loss":0,"event_name":"Beggar","floor":20,"gold_loss":75},{"damage_healed":0,"gold_gain":0,"player_choice":"Opened","damage_taken":0,"relics_obtained":["Bag of Marbles"],"max_hp_gain":0,"max_hp_loss":0,"event_name":"The Mausoleum","floor":22,"gold_loss":0},{"damage_healed":0,"gold_gain":0,"player_choice":"Inject Mutagens","damage_taken":0,"relics_obtained":["MutagenicStrength"],"max_hp_gain":0,"max_hp_loss":0,"event_name":"Drug Dealer","floor":24,"gold_loss":0},{"damage_healed":0,"gold_gain":0,"player_choice":"Paid Fearfully","damage_taken":0,"max_hp_gain":0,"max_hp_loss":0,"event_name":"Masked Bandits","floor":25,"gold_loss":55},{"cards_removed":["Glacier"],"damage_healed":0,"gold_gain":0,"player_choice":"Removed Skill","damage_taken":0,"max_hp_gain":0,"max_hp_loss":0,"event_name":"Falling","floor":36,"gold_loss":0},{"damage_healed":0,"gold_gain":0,"player_choice":"Ignored","damage_taken":0,"max_hp_gain":0,"max_hp_loss":0,"event_name":"Mysterious Sphere","floor":37,"gold_loss":0},{"damage_healed":21,"gold_gain":0,"player_choice":"Writhe","damage_taken":0,"max_hp_gain":0,"max_hp_loss":0,"event_name":"Winding Halls","floor":46,"gold_loss":0,"cards_obtained":["Writhe"]},{"damage_healed":0,"gold_gain":0,"player_choice":"Paid","damage_taken":0,"relics_obtained":["Red Mask"],"max_hp_gain":0,"max_hp_loss":0,"event_name":"Tomb of Lord Red Mask","floor":47,"gold_loss":217}],"is_beta":false,"boss_relics":[{"not_picked":["Snecko Eye","Coffee Dripper"],"picked":"Pandora\u0027s Box"},{"not_picked":["Velvet Choker","Black Star"],"picked":"Fusion Hammer"}],"items_purged_floors":[39],"is_endless":false,"potions_floor_spawned":[4,7,12,16,19,33,41,44,48],"killed_by":"Donu and Deca","ascension_level":8}