{"gold_per_floor":[111,111,111,126,140,140,154,181,181,195,195,195,169,199,199,273,273,283,112,112,98,98,98,98,113,113,113,128,128,140,140],"floor_reached":31,"playtime":840,"items_purged":[],"score":388,"play_id":"493efe0f-f2ca-40f6-a036-374d670ef292","local_time":"20190407162939","is_ascension_mode":true,"campfire_choices":[{"data":"Perfected Strike","floor":6,"key":"SMITH"},{"floor":11,"key":"REST"},{"floor":15,"key":"REST"},{"floor":23,"key":"REST"},{"floor":27,"key":"REST"},{"floor":29,"key":"REST"}],"neow_cost":"NONE","seed_source_timestamp":0,"circlet_count":0,"master_deck":["AscendersBane","Strike_R","Strike_R","Strike_R","Strike_R","Defend_R+1","Defend_R","Defend_R+1","Bash","Perfected Strike+1","Demon Form","Wild Strike","Wild Strike","Whirlwind","Wild Strike","Twin Strike","Limit Break","Metamorphosis","Pain","Heavy Blade"],"special_seed":0,"relics":["Burning Blood","Happy Flower","Art of War","War Paint","Paper Frog","Black Star","Nloth\u0027s Gift","Singing Bowl"],"potions_floor_usage":[7,16,18,28,30],"damage_taken":[{"damage":3,"enemies":"2 Louse","floor":1,"turns":3},{"damage":19,"enemies":"Jaw Worm","floor":4,"turns":5},{"damage":1,"enemies":"Cultist","floor":5,"turns":3},{"damage":14,"enemies":"Large Slime","floor":7,"turns":4},{"damage":30,"enemies":"Lagavulin","floor":8,"turns":6},{"damage":11,"enemies":"Looter","floor":10,"turns":2},{"damage":41,"enemies":"The Guardian","floor":16,"turns":9},{"damage":16,"enemies":"Shell Parasite","floor":18,"turns":3},{"damage":13,"enemies":"2 Thieves","floor":21,"turns":4},{"damage":59,"enemies":"Centurion and Healer","floor":25,"turns":6},{"damage":20,"enemies":"Snecko","floor":28,"turns":4},{"damage":25,"enemies":"Snake Plant","floor":30,"turns":3},{"damage":42,"enemies":"Shelled Parasite and Fungi","floor":31,"turns":2}],"seed_played":"-3218165009968664449","potions_obtained":[{"floor":4,"key":"Dexterity Potion"},{"floor":5,"key":"SteroidPotion"},{"floor":10,"key":"Ancient Potion"},{"floor":16,"key":"FearPotion"},{"floor":21,"key":"LiquidBronze"}],"is_trial":false,"path_per_floor":["M","?","?","M","M","R","M","E","T","M","R","?","$","?","R","B",null,"M","$","?","M","?","R","?","M","T","R","M","R","M","M"],"character_chosen":"IRONCLAD","items_purchased":["Twin Strike","Metamorphosis"],"campfire_rested":5,"item_purchase_floors":[13,19],"current_hp_per_floor":[75,68,68,55,60,60,52,28,28,23,47,35,35,35,59,24,66,56,56,56,49,49,73,73,20,20,44,30,54,37,0],"gold":140,"neow_bonus":"RANDOM_COMMON_RELIC","is_prod":false,"is_daily":false,"chose_seed":false,"campfire_upgraded":1,"win_rate":0,"timestamp":1554647379,"path_taken":["M","?","?","?","M","R","M","E","T","M","R","?","$","?","R","BOSS","M","$","?","?","?","R","?","?","T","R","M","R","M","M"],"build_version":"2019-01-23","purchased_purges":0,"victory":false,"max_hp_per_floor":[80,80,80,80,80,80,80,80,80,80,80,80,80,80,80,80,80,80,80,80,80,80,80,80,80,80,80,80,80,82,82],"card_choices":[{"not_picked":["Wild Strike","Searing Blow"],"picked":"Perfected Strike","floor":1},{"not_picked":["Hemokinesis","Shrug It Off"],"picked":"Wild Strike","floor":4},{"not_picked":["Armaments","Clothesline"],"picked":"Wild Strike","floor":5},{"not_picked":["Iron Wave","Fire Breathing"],"picked":"Whirlwind","floor":7},{"not_picked":["Shrug It Off","Dark Embrace"],"picked":"Wild Strike","floor":8},{"not_picked":["Cleave","Clothesline","Whirlwind"],"picked":"SKIP","floor":10},{"not_picked":["Demon Form","Feed"],"picked":"Limit Break","floor":16},{"not_picked":["Power Through","Havoc","Feel No Pain"],"picked":"SKIP","floor":18},{"not_picked":["Clothesline","Flex","Warcry"],"picked":"SKIP","floor":21},{"not_picked":["Cleave","Shockwave","Twin Strike"],"picked":"SKIP","floor":25},{"not_picked":["Entrench","Searing Blow"],"picked":"Heavy Blade","floor":28},{"not_picked":["Armaments","Warcry+1","Sword Boomerang"],"picked":"Singing Bowl","floor":30}],"player_experience":1615787,"relics_obtained":[{"floor":8,"key":"Art of War"},{"floor":9,"key":"War Paint"},{"floor":26,"key":"Singing Bowl"}],"event_choices":[{"cards_removed":["Strike_R"],"damage_healed":0,"gold_gain":0,"player_choice":"Card Removal","damage_taken":7,"max_hp_gain":0,"max_hp_loss":0,"event_name":"Golden Wing","floor":2,"gold_loss":0},{"damage_healed":0,"gold_gain":0,"cards_transformed":["Defend_R"],"player_choice":"Transformed","damage_taken":0,"max_hp_gain":0,"max_hp_loss":0,"event_name":"Transmorgrifier","floor":3,"gold_loss":0,"cards_obtained":["Demon Form"]},{"damage_healed":0,"gold_gain":0,"player_choice":"Success","damage_taken":12,"relics_obtained":["Paper Frog"],"max_hp_gain":0,"max_hp_loss":0,"event_name":"Scrap Ooze","floor":12,"gold_loss":0},{"damage_healed":0,"gold_gain":30,"player_choice":"Searched \u00272\u0027 times","damage_taken":0,"max_hp_gain":0,"max_hp_loss":0,"event_name":"Dead Adventurer","floor":14,"gold_loss":0},{"damage_healed":0,"gold_gain":0,"player_choice":"Rummage","damage_taken":0,"relics_obtained":["WarpedTongs"],"max_hp_gain":0,"max_hp_loss":0,"event_name":"Accursed Blacksmith","floor":20,"gold_loss":0,"cards_obtained":["Pain"]},{"damage_healed":0,"gold_gain":0,"player_choice":"Ignored","damage_taken":0,"max_hp_gain":0,"max_hp_loss":0,"event_name":"Ghosts","floor":22,"gold_loss":0},{"damage_healed":0,"gold_gain":0,"player_choice":"Traded Relic","damage_taken":0,"relics_obtained":["Nloth\u0027s Gift"],"max_hp_gain":0,"max_hp_loss":0,"event_name":"N\u0027loth","floor":24,"relics_lost":["WarpedTongs"],"gold_loss":0}],"is_beta":false,"boss_relics":[{"not_picked":["Runic Pyramid","Snecko Eye"],"picked":"Black Star"}],"items_purged_floors":[],"is_endless":false,"potions_floor_spawned":[4,5,10,16,21],"killed_by":"Shelled Parasite and Fungi","ascension_level":13}