{"gold_per_floor":[110,110,80,100,114,114,114,130,208,208,31,31,88,120,120,220,220,231,246,246,161,180,180,180],"floor_reached":24,"playtime":1212,"items_purged":[],"score":301,"play_id":"6f5cc862-b6ab-4672-8e63-71ab6719bcb2","local_time":"20190510161242","is_ascension_mode":true,"campfire_choices":[{"floor":7,"key":"REST"},{"data":"Blade Dance","floor":10,"key":"SMITH"},{"data":"Panache","floor":12,"key":"SMITH"},{"data":"Cloak And Dagger","floor":15,"key":"SMITH"},{"floor":23,"key":"REST"}],"neow_cost":"PERCENT_DAMAGE","seed_source_timestamp":248785839476200,"circlet_count":0,"master_deck":["AscendersBane","Defend_G","Defend_G","Defend_G","Defend_G","Defend_G","Strike_G","Strike_G","Survivor","Neutralize","After Image","Outmaneuver","Blade Dance","Blade Dance+1","Venomology","Tactician","Panache+1","Cloak And Dagger+1","A Thousand Cuts","Blade Dance","Caltrops","Skewer"],"relics":["Ring of the Snake","Blue Candle","Juzu Bracelet","Incense Burner","Orrery","Nilry\u0027s Codex","Orichalcum"],"potions_floor_usage":[8,13,14,16,16,16,18,19,24,24,24],"damage_taken":[{"damage":0,"enemies":"Jaw Worm","floor":1,"turns":6},{"damage":4,"enemies":"Cultist","floor":4,"turns":6},{"damage":5,"enemies":"Small Slimes","floor":5,"turns":4},{"damage":0,"enemies":"Blue Slaver","floor":8,"turns":4},{"damage":3,"enemies":"Gremlin Nob","floor":13,"turns":3},{"damage":9,"enemies":"3 Sentries","floor":14,"turns":7},{"damage":17,"enemies":"Hexaghost","floor":16,"turns":13},{"damage":10,"enemies":"Chosen","floor":18,"turns":6},{"damage":13,"enemies":"Shell Parasite","floor":19,"turns":5},{"damage":8,"enemies":"Shelled Parasite and Fungi","floor":22,"turns":5},{"damage":47,"enemies":"3 Cultists","floor":24,"turns":5}],"seed_played":"1565638012031415604","potions_obtained":[{"floor":3,"key":"Poison Potion"},{"floor":3,"key":"Block Potion"},{"floor":5,"key":"AttackPotion"},{"floor":22,"key":"EssenceOfSteel"}],"is_trial":false,"path_per_floor":["M","$","?","M","M","?","R","M","T","R","$","R","?","E","R","B",null,"M","M","?","?","M","R","M"],"character_chosen":"THE_SILENT","items_purchased":["Panache"],"campfire_rested":2,"item_purchase_floors":[11],"current_hp_per_floor":[45,45,45,41,36,36,57,57,57,57,57,57,54,60,60,43,63,53,40,24,24,16,37,0],"gold":180,"neow_bonus":"TRANSFORM_TWO_CARDS","is_prod":false,"is_daily":false,"chose_seed":false,"campfire_upgraded":3,"win_rate":0,"timestamp":1557497562,"path_taken":["M","$","?","M","?","?","R","M","T","R","$","R","?","E","R","BOSS","M","M","?","?","M","R","M"],"build_version":"2019-01-23","purchased_purges":0,"victory":false,"max_hp_per_floor":[70,70,70,70,70,70,70,70,70,70,70,70,70,70,70,70,70,70,70,70,70,70,70,70],"card_choices":[{"not_picked":["Deadly Poison","Accuracy"],"picked":"Blade Dance","floor":1},{"not_picked":["Quick Slash","Flying Knee"],"picked":"Blade Dance","floor":4},{"not_picked":["Slice","Dagger Spray"],"picked":"Venomology","floor":5},{"not_picked":["Acrobatics","PiercingWail","Expertise"],"picked":"SKIP","floor":8},{"not_picked":["Setup","Dodge and Roll"],"picked":"Cloak And Dagger","floor":13},{"not_picked":["Poisoned Stab","Escape Plan","Predator"],"picked":"SKIP","floor":14},{"not_picked":["Die Die Die","Grand Finale"],"picked":"A Thousand Cuts","floor":16},{"not_picked":["Predator","Deflect"],"picked":"Blade Dance","floor":17},{"not_picked":["Poisoned Stab","Concentrate"],"picked":"Caltrops","floor":17},{"not_picked":["Backstab","Poisoned Stab","Bane"],"picked":"SKIP","floor":18},{"not_picked":["Sucker Punch","Footwork"],"picked":"Skewer","floor":19},{"not_picked":["Predator","Slice","Backflip"],"picked":"SKIP","floor":22}],"player_experience":1831776,"relics_obtained":[{"floor":9,"key":"Blue Candle"},{"floor":13,"key":"Juzu Bracelet"},{"floor":14,"key":"Incense Burner"},{"floor":20,"key":"Nilry\u0027s Codex"}],"event_choices":[{"damage_healed":0,"gold_gain":0,"player_choice":"Bought 2 Potions","damage_taken":0,"max_hp_gain":0,"max_hp_loss":0,"event_name":"The Woman in Blue","floor":3,"gold_loss":0},{"damage_healed":0,"gold_gain":0,"cards_transformed":["Strike_G"],"player_choice":"Change","damage_taken":0,"max_hp_gain":0,"max_hp_loss":0,"event_name":"Living Wall","floor":6,"gold_loss":0,"cards_obtained":["Tactician"]},{"damage_healed":0,"gold_gain":0,"player_choice":"Searched \u00271\u0027 times","damage_taken":0,"max_hp_gain":0,"max_hp_loss":0,"event_name":"Dead Adventurer","floor":13,"gold_loss":0},{"damage_healed":0,"gold_gain":0,"player_choice":"Obtained Book","damage_taken":16,"max_hp_gain":0,"max_hp_loss":0,"event_name":"Cursed Tome","floor":20,"gold_loss":0},{"damage_healed":0,"gold_gain":0,"player_choice":"Obtained Relic","damage_taken":0,"relics_obtained":["Orichalcum"],"max_hp_gain":0,"max_hp_loss":0,"event_name":"Addict","floor":21,"gold_loss":85}],"is_beta":false,"boss_relics":[{"not_picked":["Busted Crown","Ectoplasm"],"picked":"Orrery"}],"items_purged_floors":[],"is_endless":false,"potions_floor_spawned":[5,14,22],"killed_by":"3 Cultists","ascension_level":11}