{"gold_per_floor":[112,112,112,125,52,65,65,109,134,134,13,107,107,107,107,238,238,251,251,269,17,17,56,56,56,56,80,94,94,113,113,113,113],"floor_reached":33,"playtime":2151,"items_purged":["Strike_G","Strike_G"],"score":313,"play_id":"ba3b73cb-f322-4bbc-a62a-83c03b3a4890","local_time":"20190418103402","is_ascension_mode":true,"campfire_choices":[{"data":"Dash","floor":10,"key":"SMITH"},{"floor":13,"key":"REST"},{"floor":15,"key":"REST"},{"floor":24,"key":"REST"},{"floor":29,"key":"REST"},{"data":"Noxious Fumes","floor":32,"key":"SMITH"}],"neow_cost":"NONE","seed_source_timestamp":610204118428800,"circlet_count":0,"master_deck":["Defend_G","Defend_G","Defend_G","Defend_G","Strike_G+1","Strike_G","Survivor","Neutralize","Finisher","Dash+1","Well Laid Plans+1","Backflip","Noxious Fumes+1","Dagger Spray","Blade Dance","Corpse Explosion","Noxious Fumes","Cloak And Dagger+1","Infinite Blades","Blur","Cloak And Dagger","Shame","Dodge and Roll+1","Caltrops","Dash+1","J.A.X."],"relics":["Ring of the Serpent","Oddly Smooth Stone","Golden Idol","Happy Flower","Pen Nib","Tiny Chest","Ancient Tea Set","Bird Faced Urn","Smiling Mask","Molten Egg 2"],"potions_floor_usage":[28],"damage_taken":[{"damage":0,"enemies":"Jaw Worm","floor":1,"turns":6},{"damage":4,"enemies":"Cultist","floor":4,"turns":5},{"damage":0,"enemies":"Small Slimes","floor":6,"turns":4},{"damage":16,"enemies":"Gremlin Nob","floor":8,"turns":5},{"damage":15,"enemies":"3 Sentries","floor":12,"turns":6},{"damage":24,"enemies":"The Guardian","floor":16,"turns":11},{"damage":12,"enemies":"Spheric Guardian","floor":18,"turns":5},{"damage":4,"enemies":"3 Byrds","floor":20,"turns":3},{"damage":38,"enemies":"Slavers","floor":23,"turns":5},{"damage":12,"enemies":"Snecko","floor":27,"turns":6},{"damage":20,"enemies":"Snake Plant","floor":28,"turns":6},{"damage":4,"enemies":"Shelled Parasite and Fungi","floor":30,"turns":7},{"damage":67,"enemies":"Automaton","floor":33,"turns":8}],"seed_played":"8658543960253051720","potions_obtained":[{"floor":6,"key":"FearPotion"},{"floor":8,"key":"Energy Potion"},{"floor":12,"key":"LiquidBronze"},{"floor":28,"key":"LiquidBronze"}],"is_trial":false,"path_per_floor":["M","?","?","M","$","M","?","E","T","R","$","?","R","?","R","B",null,"M","?","M","$","?","E","R","?","T","M","M","R","M","?","R","B"],"character_chosen":"THE_SILENT","items_purchased":["Well Laid Plans","Dagger Spray","Infinite Blades","Blur"],"campfire_rested":4,"item_purchase_floors":[5,11,21,21],"current_hp_per_floor":[70,63,63,59,59,59,42,26,26,26,26,11,32,18,39,15,70,58,58,54,54,54,16,37,37,37,33,19,40,46,46,46,0],"gold":113,"neow_bonus":"RANDOM_COMMON_RELIC","is_prod":false,"is_daily":false,"chose_seed":false,"campfire_upgraded":2,"win_rate":0,"timestamp":1555608842,"path_taken":["M","?","?","?","$","M","?","E","T","R","$","?","R","?","R","BOSS","M","?","M","$","?","E","R","?","T","M","M","R","M","?","R","BOSS"],"build_version":"2019-01-23","purchased_purges":2,"victory":false,"max_hp_per_floor":[70,70,70,70,70,70,70,70,70,70,70,70,70,70,70,70,70,70,70,70,70,70,70,70,70,70,70,70,70,70,70,70,70],"card_choices":[{"not_picked":["Blade Dance","Dagger Throw"],"picked":"Finisher","floor":1},{"not_picked":["Deflect","Terror"],"picked":"Dash","floor":4},{"not_picked":["Blade Dance","Eviscerate"],"picked":"Backflip","floor":6},{"not_picked":["Setup","Terror"],"picked":"Noxious Fumes","floor":8},{"not_picked":["Deflect","PiercingWail"],"picked":"Blade Dance","floor":12},{"not_picked":["Unload","Glass Knife"],"picked":"Corpse Explosion","floor":16},{"not_picked":["Escape Plan","Dagger Throw"],"picked":"Noxious Fumes","floor":18},{"not_picked":["Dodge and Roll+1","Underhanded Strike"],"picked":"Cloak And Dagger+1","floor":20},{"not_picked":["Deadly Poison","Deflect+1"],"picked":"Cloak And Dagger","floor":23},{"not_picked":["Heel Hook+1","Blade Dance"],"picked":"Dodge and Roll+1","floor":27},{"not_picked":["PiercingWail","Underhanded Strike+1"],"picked":"Caltrops","floor":28},{"not_picked":["Finisher+1","Reflex+1"],"picked":"Dash+1","floor":30}],"player_experience":322149,"relics_obtained":[{"floor":8,"key":"Happy Flower"},{"floor":9,"key":"Pen Nib"},{"floor":12,"key":"Tiny Chest"},{"floor":23,"key":"Bird Faced Urn"},{"floor":26,"key":"Molten Egg 2"}],"event_choices":[{"cards_removed":["Strike_G"],"damage_healed":0,"gold_gain":0,"player_choice":"Card Removal","damage_taken":7,"max_hp_gain":0,"max_hp_loss":0,"event_name":"Golden Wing","floor":2,"gold_loss":0},{"cards_removed":["Defend_G"],"damage_healed":0,"gold_gain":0,"player_choice":"Offered Basic","damage_taken":0,"max_hp_gain":0,"max_hp_loss":0,"event_name":"Bonfire Elementals","floor":3,"gold_loss":0},{"damage_healed":0,"gold_gain":0,"player_choice":"Take Damage","damage_taken":17,"relics_obtained":["Golden Idol"],"max_hp_gain":0,"max_hp_loss":0,"event_name":"Golden Idol","floor":7,"gold_loss":0},{"damage_healed":0,"gold_gain":30,"player_choice":"Searched \u00272\u0027 times","damage_taken":0,"max_hp_gain":0,"max_hp_loss":0,"event_name":"Dead Adventurer","floor":12,"gold_loss":0},{"damage_healed":0,"gold_gain":0,"player_choice":"Entered Light","damage_taken":14,"max_hp_gain":0,"max_hp_loss":0,"event_name":"Shining Light","floor":14,"gold_loss":0,"cards_upgraded":["Strike_G","Well Laid Plans"]},{"damage_healed":0,"gold_gain":0,"player_choice":"Ignored","damage_taken":0,"max_hp_gain":0,"max_hp_loss":0,"event_name":"Ghosts","floor":19,"gold_loss":0},{"damage_healed":0,"gold_gain":0,"player_choice":"Opened","damage_taken":0,"relics_obtained":["Ancient Tea Set"],"max_hp_gain":0,"max_hp_loss":0,"event_name":"The Mausoleum","floor":22,"gold_loss":0},{"damage_healed":0,"gold_gain":0,"player_choice":"Stole Relic","damage_taken":0,"relics_obtained":["Smiling Mask"],"max_hp_gain":0,"max_hp_loss":0,"event_name":"Addict","floor":25,"gold_loss":0,"cards_obtained":["Shame"]},{"damage_healed":0,"gold_gain":0,"player_choice":"Obtain J.A.X.","damage_taken":0,"max_hp_gain":0,"max_hp_loss":0,"event_name":"Drug Dealer","floor":31,"gold_loss":0,"cards_obtained":["J.A.X."]}],"is_beta":false,"boss_relics":[{"not_picked":["Pandora\u0027s Box","Runic Dome"],"picked":"Ring of the Serpent"}],"items_purged_floors":[11,21],"is_endless":false,"potions_floor_spawned":[6,8,12,16,20,28],"killed_by":"Automaton","ascension_level":4}