{"path_per_floor":["M","?","M","M","?","R","M","R","T","R","?","M","M","M","R","B",null,"M","?","M","?","M","E","R","?","T","?","R","$","M","?","R"],"character_chosen":"DEFECT","items_purchased":["Bird Faced Urn","Bronze Scales"],"gold_per_floor":[109,409,423,438,438,438,451,451,451,451,451,461,474,489,489,584,584,601,601,618,618,629,657,657,657,657,572,572,115,125,125,125,125],"floor_reached":33,"campfire_rested":4,"playtime":5128,"item_purchase_floors":[29,29],"current_hp_per_floor":[69,62,62,62,55,55,47,47,47,69,69,55,49,46,75,15,75,48,48,36,36,26,18,48,48,48,62,62,62,53,37,66,0],"items_purged":[],"gold":125,"score":295,"play_id":"41508a3b-78a9-484d-801d-962d5849da0c","local_time":"20180608204158","is_prod":false,"is_daily":false,"chose_seed":false,"is_ascension_mode":true,"campfire_upgraded":3,"win_rate":0.0,"timestamp":1528515718,"campfire_choices":[{"data":"Loop","floor":6.0,"key":"SMITH"},{"data":"Capacitor","floor":8.0,"key":"SMITH"},{"floor":10.0,"key":"REST"},{"floor":15.0,"key":"REST"},{"floor":24,"key":"REST"},{"data":"Creative AI","floor":28,"key":"SMITH"},{"floor":32,"key":"REST"}],"path_taken":["M","?","?","M","?","R","?","R","T","R","?","?","M","M","R","BOSS","M","?","M","?","M","E","R","?","T","?","R","?","?","?","R","BOSS"],"build_version":"2018-06-07v3","seed_source_timestamp":0,"purchased_purges":0,"victory":false,"master_deck":["Defend_B+1","Defend_B+1","Defend_B+1","Defend_B+1","Zap+1","Dualcast","Heatsinks","Beam Cell","Loop+1","Capacitor+1","Cold Snap","Auto Shields","Capacitor","Creative AI+1","Gash","Bite","Bite","Bite","Bite","Bite","Undo+1","Static Discharge+1","Melter","Go for the Eyes","Necronomicurse"],"max_hp_per_floor":[75,75,75,75,75,75,75,75,75,75,75,75,75,75,75,75,75,75,52,52,52,52,52,52,52,52,66,66,66,66,66,66,66],"relics":["Cracked Core","Old Coin","Bottled Tornado","Regal Pillow","Velvet Choker","Sundial","Meat on the Bone","Mango","Bird Faced Urn","Bronze Scales","Necronomicon"],"card_choices":[{"not_picked":["Ball Lightning","Undo"],"picked":"Heatsinks","floor":1.0},{"not_picked":["Barrage","Rebound"],"picked":"Beam Cell","floor":3.0},{"not_picked":["Redo","Rebound"],"picked":"Loop","floor":4.0},{"not_picked":["Compile Driver","Reboot"],"picked":"Capacitor","floor":7.0},{"not_picked":["Force Field","Gash"],"picked":"Cold Snap","floor":12.0},{"not_picked":["Lockon","Beam Cell"],"picked":"Auto Shields","floor":13.0},{"not_picked":["Rip and Tear","Glacier"],"picked":"Capacitor","floor":14.0},{"not_picked":["Electrodynamics","Multi-Cast"],"picked":"Creative AI","floor":16},{"not_picked":["Skim","Streamline"],"picked":"Gash","floor":18},{"not_picked":["Chill+1","Stack+1"],"picked":"Undo+1","floor":20},{"not_picked":["Hologram","Aggregate"],"picked":"Static Discharge+1","floor":22},{"not_picked":["Creative AI","Darkness"],"picked":"Melter","floor":23},{"not_picked":["Barrage","Coolheaded"],"picked":"Go for the Eyes","floor":30}],"player_experience":222343,"potions_floor_usage":[23,23,33],"damage_taken":[{"damage":6.0,"enemies":"Jaw Worm","floor":1.0,"turns":4.0},{"damage":0.0,"enemies":"Small Slimes","floor":3.0,"turns":4.0},{"damage":0.0,"enemies":"Cultist","floor":4.0,"turns":3.0},{"damage":8.0,"enemies":"Red Slaver","floor":7.0,"turns":3.0},{"damage":14.0,"enemies":"Large Slime","floor":12.0,"turns":5.0},{"damage":6.0,"enemies":"Looter","floor":13.0,"turns":3.0},{"damage":3.0,"enemies":"3 Louse","floor":14.0,"turns":3.0},{"damage":60,"enemies":"The Guardian","floor":16,"turns":15},{"damage":27,"enemies":"3 Byrds","floor":18,"turns":5},{"damage":26,"enemies":"Shell Parasite","floor":20,"turns":7},{"damage":24,"enemies":"Chosen and Byrds","floor":22,"turns":8},{"damage":20,"enemies":"Book of Stabbing","floor":23,"turns":6},{"damage":31,"enemies":"Slaver and Parasite","floor":30,"turns":6},{"damage":93,"enemies":"Collector","floor":33,"turns":5}],"relics_obtained":[{"floor":9.0,"key":"Bottled Tornado"},{"floor":23,"key":"Sundial"},{"floor":26,"key":"Meat on the Bone"},{"floor":31,"key":"Necronomicon"}],"event_choices":[{"event_name":"Scrap Ooze","player_choice":"success","floor":2.0,"damage_taken":7.0},{"event_name":"Golden Wing","player_choice":"Card Removal","floor":5.0,"damage_taken":0.0},{"event_name":"Dead Adventurer","player_choice":"Searched \u00271\u0027 times","floor":11.0,"damage_taken":0.0},{"event_name":"Vampires","player_choice":"Became a vampire","floor":19,"damage_taken":0},{"event_name":"Back to Basics","player_choice":"Simplicity","floor":21,"damage_taken":0},{"event_name":"Ghosts","player_choice":"Ignored","floor":25,"damage_taken":0},{"event_name":"Addict","player_choice":"Obtained Relic","floor":27,"damage_taken":0},{"event_name":"Cursed Tome","player_choice":"Obtained Book","floor":31,"damage_taken":0}],"boss_relics":[{"not_picked":["Runic Dome","Astrolabe"],"picked":"Velvet Choker"}],"items_purged_floors":[],"potions_floor_spawned":[3,4,14,16,22,30],"seed_played":"-2357309722373435759","killed_by":"Collector","ascension_level":1,"potions_obtained":[{"floor":3.0,"key":"Explosive Potion"},{"floor":4.0,"key":"GamblersBrew"},{"floor":14.0,"key":"Weak Potion"},{"floor":16,"key":"PowerPotion"},{"floor":30,"key":"Ancient Potion"}],"is_trial":false}