{"gold_per_floor":[113,38,38,53,53,53,84,96,96,123,135,164,226,268,280,363,375,398,423,452,379,114,114,131,160,160,210,245,245,261,278,278,278],"floor_reached":33,"playtime":1224,"items_purged":["Strike_B"],"score":710,"play_id":"fd10aad5-b33e-4722-b9d8-5b7fae79ed79","local_time":"20190514012316","is_ascension_mode":true,"campfire_choices":[{"data":"Hologram","floor":6,"key":"SMITH"},{"data":"Force Field","floor":11,"key":"SMITH"},{"data":"Meteor Strike","floor":15,"key":"SMITH"},{"data":"Capacitor","floor":23,"key":"SMITH"},{"floor":29,"key":"REST"},{"floor":32,"key":"REST"}],"neow_cost":"NONE","seed_source_timestamp":295004230490703,"circlet_count":0,"master_deck":["AscendersBane","Strike_B","Defend_B","Defend_B","Defend_B","Defend_B","Zap","Dualcast","Conserve Battery","Force Field+1","Hologram+1","Core Surge","Ball Lightning","Cold Snap","Meteor Strike+1","Echo Form","Undo+1","Capacitor+1","White Noise","Pain","Creative AI+1","Blizzard"],"special_seed":0,"relics":["Snecko Eye","The Courier","Happy Flower","MawBank","Turnip","Cursed Key","Ancient Tea Set","Kunai","StoneCalendar","Thread and Needle","Frozen Egg 2"],"potions_floor_usage":[7,10,14,25,33,33],"damage_taken":[{"damage":8.0,"enemies":"2 Louse","floor":1.0,"turns":4.0},{"damage":10,"enemies":"Cultist","floor":4,"turns":6},{"damage":5,"enemies":"Lagavulin","floor":7,"turns":8},{"damage":0,"enemies":"Small Slimes","floor":8,"turns":5},{"damage":28,"enemies":"Gremlin Nob","floor":10,"turns":4},{"damage":4,"enemies":"Gremlin Gang","floor":12,"turns":5},{"damage":8,"enemies":"Lagavulin","floor":14,"turns":7},{"damage":0,"enemies":"The Guardian","floor":16,"turns":7},{"damage":0,"enemies":"2 Thieves","floor":18,"turns":3},{"damage":0,"enemies":"Shell Parasite","floor":19,"turns":4},{"damage":10,"enemies":"Centurion and Healer","floor":20,"turns":4},{"damage":0,"enemies":"Cultist and Chosen","floor":24,"turns":5},{"damage":7,"enemies":"Gremlin Leader","floor":25,"turns":7},{"damage":34,"enemies":"Book of Stabbing","floor":28,"turns":6},{"damage":18,"enemies":"Chosen and Byrds","floor":30,"turns":5},{"damage":7,"enemies":"Snecko","floor":31,"turns":4},{"damage":23,"enemies":"Automaton","floor":33,"turns":6}],"seed_played":"-3280764645939859037","potions_obtained":[{"floor":4,"key":"Regen Potion"},{"floor":8,"key":"Ancient Potion"},{"floor":12,"key":"SneckoOil"},{"floor":16,"key":"SkillPotion"},{"floor":18,"key":"AttackPotion"},{"floor":28,"key":"FocusPotion"}],"is_trial":false,"path_per_floor":["M","?","?","M","$","R","E","M","T","E","R","M","?","E","R","B",null,"M","M","M","?","$","R","M","E","T","?","E","R","M","M","R","B"],"character_chosen":"DEFECT","items_purchased":["Kunai"],"campfire_rested":2,"item_purchase_floors":[22],"current_hp_per_floor":[56,56,56,46,46,46,56,56,56,28,28,24,24,16,16,16,57,57,57,47,47,47,47,47,40,40,40,6,27,9,2,23,0],"gold":278,"neow_bonus":"BOSS_RELIC","is_prod":false,"is_daily":false,"chose_seed":false,"campfire_upgraded":4,"win_rate":0,"timestamp":1557768196,"path_taken":["M","?","?","M","$","R","E","M","T","E","R","?","?","E","R","BOSS","M","?","M","?","$","R","M","E","T","?","E","R","M","?","R","BOSS"],"build_version":"2019-01-23","purchased_purges":1,"victory":false,"max_hp_per_floor":[71,71,71,71,71,71,71,71,71,71,71,71,71,71,71,71,71,71,71,71,71,71,71,71,71,71,71,71,71,71,71,71,71],"card_choices":[{"not_picked":["Steam","Redo"],"picked":"Conserve Battery","floor":1.0},{"not_picked":["Compile Driver","Sweeping Beam"],"picked":"Hologram","floor":4},{"not_picked":["Stack","Streamline"],"picked":"Core Surge","floor":7},{"not_picked":["Auto Shields","Streamline"],"picked":"Ball Lightning","floor":8},{"not_picked":["Turbo","Steam Power"],"picked":"Cold Snap","floor":10},{"not_picked":["Auto Shields","Go for the Eyes","Conserve Battery"],"picked":"SKIP","floor":12},{"not_picked":["Consume","Ball Lightning"],"picked":"Meteor Strike","floor":14},{"not_picked":["Meteor Strike","Core Surge"],"picked":"Echo Form","floor":16},{"not_picked":["BootSequence","Loop"],"picked":"Undo+1","floor":18},{"not_picked":["Streamline","Lockon+1","Turbo+1"],"picked":"SKIP","floor":19},{"not_picked":["Compile Driver","Auto Shields"],"picked":"Capacitor","floor":20},{"not_picked":["Streamline","Melter"],"picked":"White Noise","floor":24},{"not_picked":["Steam","Doom and Gloom","Conserve Battery+1"],"picked":"SKIP","floor":25},{"not_picked":["Beam Cell+1","Force Field"],"picked":"Creative AI","floor":28},{"not_picked":["Cold Snap","Stack","Ball Lightning"],"picked":"SKIP","floor":30},{"not_picked":["Gash","Turbo"],"picked":"Blizzard","floor":31}],"player_experience":1663840,"relics_obtained":[{"floor":7,"key":"The Courier"},{"floor":9,"key":"Happy Flower"},{"floor":10,"key":"MawBank"},{"floor":14,"key":"Turnip"},{"floor":25,"key":"StoneCalendar"},{"floor":26,"key":"Thread and Needle"},{"floor":28,"key":"Frozen Egg 2"}],"event_choices":[{"cards_removed":["Strike_B"],"damage_healed":0.0,"max_hp_gain":0.0,"max_hp_loss":0.0,"gold_gain":0.0,"event_name":"The Cleric","player_choice":"Card Removal","floor":2.0,"gold_loss":75.0,"damage_taken":0.0},{"damage_healed":0,"gold_gain":0,"cards_transformed":["Strike_B"],"player_choice":"Transformed","damage_taken":0,"max_hp_gain":0,"max_hp_loss":0,"event_name":"Transmorgrifier","floor":3,"gold_loss":0,"cards_obtained":["Force Field"]},{"damage_healed":0,"gold_gain":50,"player_choice":"Pray","damage_taken":0,"max_hp_gain":0,"max_hp_loss":0,"event_name":"Golden Shrine","floor":13,"gold_loss":0},{"damage_healed":0,"gold_gain":0,"player_choice":"Obtained Relic","damage_taken":0,"relics_obtained":["Ancient Tea Set"],"max_hp_gain":0,"max_hp_loss":0,"event_name":"Addict","floor":21,"gold_loss":85},{"damage_healed":0,"gold_gain":50,"player_choice":"Pray","damage_taken":0,"max_hp_gain":0,"max_hp_loss":0,"event_name":"Golden Shrine","floor":27,"gold_loss":0}],"is_beta":false,"boss_relics":[{"not_picked":["Tiny House","Fusion Hammer"],"picked":"Cursed Key"}],"items_purged_floors":[22],"is_endless":false,"potions_floor_spawned":[4,8,12,16,18,24,28,30],"killed_by":"Automaton","ascension_level":20}