{"gold_per_floor":[110,25,41,56,56,56,95,95,122,146,71,96,127,10,10,109,109,132,57,80,104,19,19,63,79,104,104,122,138,179,194,194,287,287,311,324,449,449,183,183,207,33,33,52,90,104,104,127,127,127,127,127,127,2,36,36],"floor_reached":57,"playtime":5519,"items_purged":["Strike_R","Strike_R+1","Strike_R+1"],"score":2797,"play_id":"f15f682a-d0f2-42de-bfde-e249591f45b2","local_time":"20190501154019","is_ascension_mode":true,"campfire_choices":[{"data":"Clothesline","floor":6,"key":"SMITH"},{"data":"Bash","floor":8,"key":"SMITH"},{"data":"Spot Weakness","floor":15,"key":"SMITH"},{"data":"Armaments","floor":23,"key":"SMITH"},{"data":"True Grit","floor":27,"key":"SMITH"},{"data":"Battle Trance","floor":32,"key":"SMITH"},{"data":"Pommel Strike","floor":40,"key":"SMITH"},{"floor":47,"key":"RECALL"},{"data":"Barricade","floor":49,"key":"SMITH"},{"data":"Corruption","floor":53,"key":"SMITH"}],"neow_cost":"NONE","seed_source_timestamp":376463880712555,"circlet_count":0,"master_deck":["AscendersBane","Defend_R","Defend_R","Defend_R","Defend_R","Bash+1","Clothesline+1","Shrug It Off","True Grit+1","Shrug It Off","Spot Weakness+1","Whirlwind","Shrug It Off","Inflame","Reaper","Corruption+1","Pummel","Armaments+1","Impervious","Flame Barrier+1","Battle Trance+1","Pommel Strike+1","Dark Embrace","True Grit+1","Reaper","Shrug It Off","Barricade+1","Rage","Warcry+1","Exhume"],"relics":["Black Blood","Golden Idol","Art of War","Whetstone","Dead Branch","PreservedInsect","Ancient Tea Set","Blood Vial","Pocketwatch","Runic Cube","Bird Faced Urn","Anchor","Dodecahedron"],"potions_floor_usage":[7,13,16,16,24,50],"damage_taken":[{"damage":4,"enemies":"Jaw Worm","floor":1,"turns":4},{"damage":1,"enemies":"2 Louse","floor":3,"turns":3},{"damage":4,"enemies":"Small Slimes","floor":4,"turns":4},{"damage":0,"enemies":"Lagavulin","floor":7,"turns":7},{"damage":0,"enemies":"2 Fungi Beasts","floor":10,"turns":4},{"damage":9,"enemies":"3 Louse","floor":12,"turns":4},{"damage":21,"enemies":"3 Sentries","floor":13,"turns":8},{"damage":18,"enemies":"Hexaghost","floor":16,"turns":8},{"damage":51,"enemies":"Spheric Guardian","floor":18,"turns":9},{"damage":0,"enemies":"Chosen","floor":20,"turns":3},{"damage":22,"enemies":"Snecko","floor":21,"turns":8},{"damage":0,"enemies":"Book of Stabbing","floor":24,"turns":3},{"damage":28,"enemies":"Centurion and Healer","floor":25,"turns":6},{"damage":26,"enemies":"Shelled Parasite and Fungi","floor":28,"turns":9},{"damage":9,"enemies":"Snake Plant","floor":29,"turns":3},{"damage":10,"enemies":"Gremlin Leader","floor":30,"turns":7},{"damage":3,"enemies":"Centurion and Healer","floor":31,"turns":3},{"damage":90,"enemies":"Champ","floor":33,"turns":8},{"damage":14,"enemies":"3 Darklings","floor":35,"turns":4},{"damage":42,"enemies":"3 Shapes","floor":36,"turns":11},{"damage":26,"enemies":"Mind Bloom Boss Battle","floor":37,"turns":11},{"damage":9,"enemies":"Jaw Worm Horde","floor":41,"turns":2},{"damage":19,"enemies":"Sphere and 2 Shapes","floor":44,"turns":7},{"damage":18,"enemies":"Giant Head","floor":45,"turns":8},{"damage":6,"enemies":"Spire Growth","floor":46,"turns":5},{"damage":35,"enemies":"4 Shapes","floor":48,"turns":7},{"damage":70,"enemies":"Awakened One","floor":50,"turns":6},{"damage":45,"enemies":"Time Eater","floor":51,"turns":7},{"damage":29,"enemies":"Shield and Spear","floor":55,"turns":8},{"damage":31,"enemies":"The Heart","floor":56,"turns":7}],"seed_played":"6911386194249891384","potions_obtained":[{"floor":1,"key":"PowerPotion"},{"floor":10,"key":"PowerPotion"},{"floor":12,"key":"SkillPotion"},{"floor":13,"key":"LiquidBronze"},{"floor":16,"key":"Regen Potion"},{"floor":20,"key":"SteroidPotion"},{"floor":25,"key":"AttackPotion"},{"floor":33,"key":"AttackPotion"},{"floor":44,"key":"SkillPotion"},{"floor":55,"key":"SteroidPotion"}],"is_trial":false,"path_per_floor":["M","$","M","M","?","R","E","R","T","M","?","M","E","$","R","B",null,"M","?","M","M","?","R","E","M","T","R","M","M","E","M","R","B",null,"M","M","?","?","$","R","M","$","T","M","E","M","R","M","R","B","B",null,"R","$","E","B",null],"character_chosen":"IRONCLAD","items_purchased":["Shrug It Off","True Grit","Inflame","Reaper","Barricade"],"campfire_rested":0,"item_purchase_floors":[2,2,14,39,42],"current_hp_per_floor":[70,70,75,75,49,49,55,55,55,61,61,58,43,43,43,31,64,33,33,43,38,38,38,65,69,69,69,72,75,75,75,75,14,60,75,57,43,43,43,43,75,75,75,75,75,75,75,75,75,75,48,68,68,68,75,65],"gold":36,"neow_bonus":"THREE_CARDS","is_prod":false,"is_daily":false,"chose_seed":false,"campfire_upgraded":9,"win_rate":0,"timestamp":1556739619,"path_taken":["M","$","M","M","?","R","E","R","T","M","?","M","E","?","R","BOSS","M","?","M","M","?","R","E","M","T","R","M","M","E","M","R","BOSS","M","M","?","?","?","R","M","$","T","M","E","M","R","?","R","BOSS","BOSS","R","$","E","BOSS"],"build_version":"2019-01-23","purchased_purges":3,"victory":true,"max_hp_per_floor":[75,75,75,75,75,75,75,75,75,75,75,75,75,75,75,75,75,75,75,75,75,75,75,75,75,75,75,75,75,75,75,75,75,75,75,75,75,75,75,75,75,75,75,75,75,75,75,75,75,75,75,75,75,75,75,75],"card_choices":[{"not_picked":["True Grit","Clash"],"picked":"Clothesline","floor":0},{"not_picked":["Burning Pact","Twin Strike","Rage"],"picked":"SKIP","floor":1},{"not_picked":["Flex","Warcry","Havoc"],"picked":"SKIP","floor":3},{"not_picked":["Iron Wave","Thunderclap"],"picked":"Shrug It Off","floor":4},{"not_picked":["Inflame","Clothesline"],"picked":"Spot Weakness","floor":7},{"not_picked":["Clash","Havoc","Exhume"],"picked":"SKIP","floor":10},{"not_picked":["Perfected Strike","Thunderclap"],"picked":"Whirlwind","floor":12},{"not_picked":["Anger","Searing Blow"],"picked":"Shrug It Off","floor":13},{"not_picked":["Bludgeon","Brutality"],"picked":"Reaper","floor":16},{"not_picked":["Havoc","Rupture"],"picked":"Corruption","floor":18},{"not_picked":["Metallicize","Iron Wave"],"picked":"Pummel","floor":20},{"not_picked":["Flex","Blood for Blood"],"picked":"Armaments","floor":21},{"not_picked":["Infernal Blade","Heavy Blade"],"picked":"Impervious","floor":24},{"not_picked":["Hemokinesis","Burning Pact"],"picked":"Flame Barrier+1","floor":25},{"not_picked":["Searing Blow","Hemokinesis"],"picked":"Battle Trance","floor":28},{"not_picked":["Perfected Strike","Havoc"],"picked":"Pommel Strike","floor":29},{"not_picked":["Armaments","Infernal Blade","Blood for Blood+1"],"picked":"SKIP","floor":30},{"not_picked":["Havoc","Dropkick"],"picked":"Body Slam","floor":31},{"not_picked":["Double Tap","Immolate"],"picked":"Dark Embrace","floor":33},{"not_picked":["Whirlwind","Armaments"],"picked":"True Grit+1","floor":35},{"not_picked":["True Grit","Immolate","Havoc"],"picked":"SKIP","floor":36},{"not_picked":["Uppercut","Havoc"],"picked":"Shrug It Off","floor":41},{"not_picked":["Wild Strike","Anger","Twin Strike"],"picked":"SKIP","floor":44},{"not_picked":["Carnage","Pommel Strike"],"picked":"Rage","floor":45},{"not_picked":["Body Slam","Cleave"],"picked":"Warcry+1","floor":46},{"not_picked":["Inflame","Thunderclap"],"picked":"Exhume","floor":48},{"not_picked":["Uppercut","Flex+1","Rage"],"picked":"SKIP","floor":55}],"player_experience":797502,"relics_obtained":[{"floor":7,"key":"Art of War"},{"floor":9,"key":"Whetstone"},{"floor":13,"key":"Dead Branch"},{"floor":24,"key":"Ancient Tea Set"},{"floor":26,"key":"Blood Vial"},{"floor":30,"key":"Pocketwatch"},{"floor":37,"key":"Bird Faced Urn"},{"floor":45,"key":"Anchor"},{"floor":55,"key":"Dodecahedron"}],"event_choices":[{"damage_healed":0,"gold_gain":0,"player_choice":"Take Damage","damage_taken":26,"relics_obtained":["Golden Idol"],"max_hp_gain":0,"max_hp_loss":0,"event_name":"Golden Idol","floor":5,"gold_loss":0},{"cards_removed":["Strike_R"],"damage_healed":0,"gold_gain":0,"player_choice":"Card Removal","damage_taken":0,"max_hp_gain":0,"max_hp_loss":0,"event_name":"The Cleric","floor":11,"gold_loss":75},{"cards_removed":["Strike_R"],"damage_healed":0,"gold_gain":0,"player_choice":"Gave Gold","damage_taken":0,"max_hp_gain":0,"max_hp_loss":0,"event_name":"Beggar","floor":19,"gold_loss":75},{"damage_healed":0,"gold_gain":0,"player_choice":"Obtained Relic","damage_taken":0,"relics_obtained":["PreservedInsect"],"max_hp_gain":0,"max_hp_loss":0,"event_name":"Addict","floor":22,"gold_loss":85},{"damage_healed":0,"gold_gain":0,"player_choice":"Fight","damage_taken":0,"max_hp_gain":0,"max_hp_loss":0,"event_name":"MindBloom","floor":37,"gold_loss":0},{"cards_removed":["Body Slam"],"damage_healed":0,"gold_gain":0,"player_choice":"Removed Attack","damage_taken":0,"max_hp_gain":0,"max_hp_loss":0,"event_name":"Falling","floor":38,"gold_loss":0}],"is_beta":false,"boss_relics":[{"not_picked":["White Beast Statue","Mark of Pain"],"picked":"Black Blood"},{"not_picked":["Calling Bell","Sozu"],"picked":"Runic Cube"}],"items_purged_floors":[14,39,54],"is_endless":false,"potions_floor_spawned":[1,10,12,13,16,20,25,28,31,33,37,41,44,46,55],"ascension_level":20}