{"gold_per_floor":[111,23,23,33,33,67,67,67,67,91,126,126],"floor_reached":12,"playtime":308,"items_purged":[],"score":211,"play_id":"900271bd-977b-4685-af50-b6eabf2c5b2b","local_time":"20190510132506","is_ascension_mode":true,"campfire_choices":[{"data":"Prepared","floor":7,"key":"SMITH"}],"neow_cost":"NONE","seed_source_timestamp":29416250069191,"circlet_count":0,"master_deck":["AscendersBane","Defend_G","Defend_G","Defend_G","Defend_G","Defend_G","Strike_G","Strike_G","Strike_G","Strike_G","Strike_G","Survivor","Neutralize","PiercingWail","Dagger Spray","Deadly Poison","Prepared+1","Slice+1","Underhanded Strike+1","Dodge and Roll"],"relics":["Ring of the Snake","NeowsBlessing","Molten Egg 2","Golden Idol","Tough Bandages","Pantograph","Pocketwatch","Oddly Smooth Stone"],"potions_floor_usage":[11,11],"damage_taken":[{"damage":0,"enemies":"Small Slimes","floor":1,"turns":1},{"damage":0,"enemies":"2 Louse","floor":4,"turns":1},{"damage":0,"enemies":"Lagavulin","floor":6,"turns":1},{"damage":0,"enemies":"Cultist","floor":10,"turns":3},{"damage":10,"enemies":"3 Sentries","floor":11,"turns":6},{"damage":18,"enemies":"Large Slime","floor":12,"turns":2}],"seed_played":"-4572890158146908641","potions_obtained":[{"floor":4,"key":"FearPotion"},{"floor":6,"key":"AttackPotion"}],"is_trial":false,"path_per_floor":["M","$","?","M","?","E","R","?","T","M","E","M"],"character_chosen":"THE_SILENT","items_purchased":["Dagger Spray","Deadly Poison"],"campfire_rested":0,"item_purchase_floors":[2,2],"current_hp_per_floor":[59,59,48,48,25,25,25,25,25,25,15,0],"gold":126,"neow_bonus":"THREE_ENEMY_KILL","is_prod":false,"is_daily":false,"chose_seed":false,"campfire_upgraded":1,"win_rate":0,"timestamp":1557519906,"path_taken":["M","$","?","M","?","E","R","?","T","M","E","M"],"build_version":"2019-01-23","purchased_purges":0,"victory":false,"max_hp_per_floor":[66,66,66,66,66,66,66,66,66,66,66,66],"card_choices":[{"not_picked":["Catalyst","Flying Knee"],"picked":"PiercingWail","floor":1},{"not_picked":["Reflex","Blur"],"picked":"Prepared","floor":4},{"not_picked":["Malaise","Deflect"],"picked":"Slice+1","floor":6},{"not_picked":["Setup","Deflect"],"picked":"Underhanded Strike+1","floor":10},{"not_picked":["Accuracy","Deadly Poison"],"picked":"Dodge and Roll","floor":11}],"player_experience":1679588,"relics_obtained":[{"floor":6,"key":"Tough Bandages"},{"floor":9,"key":"Pocketwatch"},{"floor":11,"key":"Oddly Smooth Stone"}],"event_choices":[{"damage_healed":0,"gold_gain":0,"player_choice":"Success","damage_taken":11,"relics_obtained":["Molten Egg 2"],"max_hp_gain":0,"max_hp_loss":0,"event_name":"Scrap Ooze","floor":3,"gold_loss":0},{"damage_healed":0,"gold_gain":0,"player_choice":"Take Damage","damage_taken":23,"relics_obtained":["Golden Idol"],"max_hp_gain":0,"max_hp_loss":0,"event_name":"Golden Idol","floor":5,"gold_loss":0},{"damage_healed":0,"gold_gain":0,"player_choice":"Searched \u00271\u0027 times","damage_taken":0,"relics_obtained":["Pantograph"],"max_hp_gain":0,"max_hp_loss":0,"event_name":"Dead Adventurer","floor":8,"gold_loss":0}],"is_beta":false,"boss_relics":[],"items_purged_floors":[],"is_endless":false,"potions_floor_spawned":[4,6],"killed_by":"Large Slime","ascension_level":18}