{"gold_per_floor":[11,23,41,41,41,76,76,107,157,332,358,129,129,147,147,245,245,265,294,168,184,184,209,309,341,341,352,352,364,364,378,378,479,479,490,712,727,103,122,149,149,182,230,255,255,255,255,12,12,12,12,12,12,47,47],"floor_reached":56,"playtime":5397,"items_purged":["Doubt","Strike_B","Strike_B"],"score":1412,"play_id":"3ffb6c99-32ae-42d6-97ea-45633eee3440","local_time":"20190513201824","is_ascension_mode":true,"campfire_choices":[{"data":"Sweeping Beam","floor":7,"key":"SMITH"},{"data":"Defragment","floor":13,"key":"SMITH"},{"floor":15,"key":"REST"},{"data":"Echo Form","floor":28,"key":"SMITH"},{"data":"Rainbow","floor":30,"key":"SMITH"},{"floor":32,"key":"REST"},{"data":"Coolheaded","floor":41,"key":"SMITH"},{"floor":45,"key":"RECALL"},{"data":"Go for the Eyes","floor":47,"key":"SMITH"},{"data":"Doom and Gloom","floor":49,"key":"SMITH"},{"data":"Glacier","floor":52,"key":"SMITH"}],"neow_cost":"NO_GOLD","seed_source_timestamp":2160816967368671,"circlet_count":0,"master_deck":["Defend_B","Defend_B","Defend_B","Zap","Dualcast","Ball Lightning","Glacier+1","Sweeping Beam+1","Rainbow+1","Rebound+1","Defragment+1","Echo Form+1","Conserve Battery","Streamline+1","Biased Cognition","Doom and Gloom+1","Coolheaded+1","Go for the Eyes+1","Seek","Coolheaded+1","Undo+1","Undo+1","Streamline+1","Beam Cell+1"],"relics":["Cracked Core","Nunchaku","NlothsMask","Cables","Strawberry","Shuriken","Vajra","Busted Crown","Red Mask","Emotion Chip","Pocketwatch","Mummified Hand","Ancient Tea Set","Orichalcum","Nuclear Battery","Pen Nib","HandDrill","Omamori","WingedGreaves","Juzu Bracelet","Whetstone","Kunai","Calipers"],"potions_floor_usage":[19,19,24,33,37,54,55,55],"damage_taken":[{"damage":3,"enemies":"2 Louse","floor":1,"turns":2},{"damage":1,"enemies":"Cultist","floor":2,"turns":3},{"damage":0,"enemies":"Small Slimes","floor":3,"turns":2},{"damage":15,"enemies":"3 Sentries","floor":6,"turns":7},{"damage":12,"enemies":"Lagavulin","floor":8,"turns":6},{"damage":12,"enemies":"3 Sentries","floor":11,"turns":6},{"damage":4,"enemies":"Blue Slaver","floor":14,"turns":3},{"damage":21,"enemies":"Hexaghost","floor":16,"turns":9},{"damage":15,"enemies":"Shell Parasite","floor":18,"turns":4},{"damage":12,"enemies":"Masked Bandits","floor":19,"turns":3},{"damage":0,"enemies":"Spheric Guardian","floor":21,"turns":3},{"damage":14,"enemies":"Gremlin Leader","floor":23,"turns":5},{"damage":3,"enemies":"Colosseum Slavers","floor":24,"turns":3},{"damage":8,"enemies":"Colosseum Nobs","floor":24,"turns":4},{"damage":6,"enemies":"Book of Stabbing","floor":25,"turns":5},{"damage":6,"enemies":"Snake Plant","floor":27,"turns":4},{"damage":0,"enemies":"Snecko","floor":29,"turns":4},{"damage":0,"enemies":"Shelled Parasite and Fungi","floor":31,"turns":6},{"damage":25,"enemies":"Champ","floor":33,"turns":10},{"damage":0,"enemies":"Orb Walker","floor":35,"turns":3},{"damage":10,"enemies":"3 Darklings","floor":37,"turns":5},{"damage":2,"enemies":"Writhing Mass","floor":39,"turns":6},{"damage":11,"enemies":"Reptomancer","floor":40,"turns":4},{"damage":0,"enemies":"Nemesis","floor":42,"turns":9},{"damage":1,"enemies":"Reptomancer","floor":44,"turns":7},{"damage":14,"enemies":"Awakened One","floor":50,"turns":10},{"damage":17,"enemies":"Shield and Spear","floor":54,"turns":6},{"damage":52,"enemies":"The Heart","floor":55,"turns":12}],"seed_played":"-7198048276658073056","potions_obtained":[{"floor":2,"key":"Strength Potion"},{"floor":14,"key":"Weak Potion"},{"floor":16,"key":"Swift Potion"},{"floor":18,"key":"Explosive Potion"},{"floor":23,"key":"Weak Potion"},{"floor":25,"key":"SteroidPotion"},{"floor":33,"key":"Swift Potion"},{"floor":40,"key":"Regen Potion"},{"floor":42,"key":"LiquidBronze"}],"is_trial":false,"path_per_floor":["M","M","M","?","$","E","R","E","T","?","E","$","R","M","R","B",null,"M","?","$","M","?","E","?","E","T","M","R","M","R","M","R","B",null,"M","?","M","$","M","E","R","E","T","E","R","?","R","$","R","B",null,"R","$","E","B",null],"character_chosen":"DEFECT","items_purchased":["Vajra","Streamline","Pen Nib","HandDrill","Omamori","Kunai"],"campfire_rested":2,"item_purchase_floors":[12,20,38,38,38,48],"current_hp_per_floor":[72,71,71,71,71,56,56,51,51,51,39,39,39,35,59,38,82,67,55,55,55,55,41,30,24,24,18,18,18,18,18,42,17,82,82,82,72,72,70,59,59,59,59,58,58,58,58,58,58,44,82,82,82,74,22],"gold":47,"neow_bonus":"ONE_RARE_RELIC","is_prod":false,"is_daily":false,"chose_seed":false,"campfire_upgraded":8,"win_rate":0,"timestamp":1557796704,"path_taken":["M","M","M","?","?","E","R","E","T","?","E","$","R","M","R","BOSS","M","?","$","M","?","E","?","E","T","M","R","M","R","M","R","BOSS","M","?","M","$","M","E","R","E","T","E","R","?","R","?","R","BOSS","R","$","E","BOSS"],"build_version":"2019-01-23","purchased_purges":3,"victory":true,"max_hp_per_floor":[75,75,75,75,75,75,75,82,82,82,82,82,82,82,82,82,82,82,82,82,82,82,82,82,82,82,82,82,82,82,82,82,82,82,82,82,82,82,82,82,82,82,82,82,82,82,82,82,82,82,82,82,82,82,82],"card_choices":[{"not_picked":["Rebound","Beam Cell"],"picked":"Ball Lightning","floor":1},{"not_picked":["Gash","Compile Driver"],"picked":"Glacier","floor":2},{"not_picked":["Beam Cell","Stack"],"picked":"Sweeping Beam","floor":3},{"not_picked":["Compile Driver","Melter"],"picked":"Rainbow","floor":6},{"not_picked":["Heatsinks","Compile Driver"],"picked":"Rebound","floor":8},{"not_picked":["Barrage","Rip and Tear"],"picked":"Defragment","floor":11},{"not_picked":["Redo","Turbo","Compile Driver"],"picked":"SKIP","floor":14},{"not_picked":["Buffer","Meteor Strike"],"picked":"Echo Form","floor":16},{"not_picked":[],"picked":"Conserve Battery","floor":18},{"not_picked":["Static Discharge"],"picked":"SKIP","floor":21},{"not_picked":["Ball Lightning"],"picked":"SKIP","floor":23},{"not_picked":[],"picked":"Coolheaded","floor":24},{"not_picked":["Barrage"],"picked":"SKIP","floor":25},{"not_picked":[],"picked":"Go for the Eyes","floor":27},{"not_picked":["Barrage"],"picked":"SKIP","floor":29},{"not_picked":["Darkness"],"picked":"SKIP","floor":31},{"not_picked":[],"picked":"Seek","floor":33},{"not_picked":["Gash"],"picked":"SKIP","floor":35},{"not_picked":[],"picked":"Coolheaded+1","floor":37},{"not_picked":[],"picked":"Undo+1","floor":39},{"not_picked":[],"picked":"Undo+1","floor":40},{"not_picked":[],"picked":"Streamline+1","floor":42},{"not_picked":["Sweeping Beam"],"picked":"SKIP","floor":44},{"not_picked":[],"picked":"Beam Cell+1","floor":54}],"player_experience":312568,"relics_obtained":[{"floor":6,"key":"Cables"},{"floor":8,"key":"Strawberry"},{"floor":11,"key":"Shuriken"},{"floor":19,"key":"Red Mask"},{"floor":23,"key":"Emotion Chip"},{"floor":24,"key":"Pocketwatch"},{"floor":24,"key":"Mummified Hand"},{"floor":25,"key":"Ancient Tea Set"},{"floor":26,"key":"Orichalcum"},{"floor":40,"key":"WingedGreaves"},{"floor":42,"key":"Juzu Bracelet"},{"floor":44,"key":"Whetstone"},{"floor":54,"key":"Calipers"}],"event_choices":[{"damage_healed":0,"gold_gain":0,"player_choice":"Trade","damage_taken":0,"relics_obtained":["NlothsMask"],"max_hp_gain":0,"max_hp_loss":0,"event_name":"FaceTrader","floor":4,"gold_loss":0},{"damage_healed":0,"gold_gain":175,"player_choice":"AGREE","damage_taken":0,"max_hp_gain":0,"max_hp_loss":0,"event_name":"Liars Game","floor":10,"gold_loss":0,"cards_obtained":["Doubt"]},{"damage_healed":0,"gold_gain":0,"player_choice":"Fought Bandits","damage_taken":0,"max_hp_gain":0,"max_hp_loss":0,"event_name":"Masked Bandits","floor":19,"gold_loss":0},{"damage_healed":0,"gold_gain":0,"cards_transformed":["Strike_B","Strike_B"],"player_choice":"Became Test Subject","damage_taken":0,"max_hp_gain":0,"max_hp_loss":0,"event_name":"Drug Dealer","floor":22,"gold_loss":0,"cards_obtained":["Biased Cognition","Doom and Gloom"]},{"damage_healed":0,"gold_gain":0,"player_choice":"Fight","damage_taken":0,"max_hp_gain":0,"max_hp_loss":0,"event_name":"Colosseum","floor":24,"gold_loss":0},{"damage_healed":0,"gold_gain":0,"player_choice":"Fought Nobs","damage_taken":0,"max_hp_gain":0,"max_hp_loss":0,"event_name":"Colosseum","floor":24,"gold_loss":0},{"damage_healed":0,"gold_gain":222,"player_choice":"Wore Mask","damage_taken":0,"max_hp_gain":0,"max_hp_loss":0,"event_name":"Tomb of Lord Red Mask","floor":36,"gold_loss":0},{"cards_removed":["Defend_B"],"damage_healed":0,"gold_gain":0,"player_choice":"Removed Skill","damage_taken":0,"max_hp_gain":0,"max_hp_loss":0,"event_name":"Falling","floor":46,"gold_loss":0}],"is_beta":false,"boss_relics":[{"not_picked":["Inserter","Calling Bell"],"picked":"Busted Crown"},{"not_picked":["Empty Cage","Pandora\u0027s Box"],"picked":"Nuclear Battery"}],"items_purged_floors":[12,20,38],"is_endless":false,"potions_floor_spawned":[2,14,16,18,23,24,25,33,40,42],"ascension_level":3}