{"gold_per_floor":[116,116,116,135,56,87,87,362,362,78,78,78,89,117,117,219,219,230,39,39,59,73,73,91,91,91,110,35,35,48,48,48,48],"floor_reached":33,"playtime":1371,"items_purged":["Regret"],"score":392,"play_id":"64129586-6715-4f4f-9937-9e12fe926b0f","local_time":"20190408213547","is_ascension_mode":true,"campfire_choices":[{"floor":7,"key":"REST"},{"data":"Apotheosis","floor":12,"key":"SMITH"},{"floor":15,"key":"REST"},{"floor":23,"key":"REST"},{"floor":25,"key":"REST"},{"floor":32,"key":"REST"}],"neow_cost":"NONE","seed_source_timestamp":192760068641100,"circlet_count":0,"master_deck":["AscendersBane","Defend_G","Defend_G+1","Defend_G","Defend_G","Defend_G","Strike_G+1","Strike_G","Strike_G","Survivor","Neutralize","Deep Breath+1","Terror","Bane","All Out Attack","Masterful Stab","Apotheosis+1","Dash","Skewer","Glass Knife","Glass Knife","Acrobatics+1","Distraction+1","Corpse Explosion+1","Outmaneuver+1"],"relics":["Ring of the Snake","Ginger","Pear","Toxic Egg 2","Dodecahedron","Lizard Tail","HandDrill","Pantograph"],"potions_floor_usage":[6,6,22,22,27],"damage_taken":[{"damage":9,"enemies":"Cultist","floor":1,"turns":5},{"damage":0,"enemies":"Small Slimes","floor":4,"turns":4},{"damage":12,"enemies":"Gremlin Nob","floor":6,"turns":3},{"damage":0,"enemies":"2 Louse","floor":13,"turns":3},{"damage":14,"enemies":"3 Sentries","floor":14,"turns":7},{"damage":23,"enemies":"Hexaghost","floor":16,"turns":9},{"damage":8,"enemies":"Shell Parasite","floor":18,"turns":4},{"damage":0,"enemies":"Spheric Guardian","floor":21,"turns":2},{"damage":16,"enemies":"Shelled Parasite and Fungi","floor":22,"turns":5},{"damage":19,"enemies":"Centurion and Healer","floor":24,"turns":6},{"damage":49,"enemies":"Sentry and Sphere","floor":27,"turns":6},{"damage":4,"enemies":"Snecko","floor":30,"turns":4},{"damage":173,"enemies":"Automaton","floor":33,"turns":12}],"seed_played":"-3278527292191850631","potions_obtained":[{"floor":1,"key":"PowerPotion"},{"floor":4,"key":"EssenceOfSteel"},{"floor":16,"key":"Block Potion"},{"floor":18,"key":"Block Potion"},{"floor":24,"key":"SteroidPotion"}],"is_trial":false,"path_per_floor":["M","?","?","M","$","E","R","?","T","$","?","R","M","E","R","B",null,"M","$","?","M","M","R","M","R","T","M","?","$","M","?","R","B"],"character_chosen":"THE_SILENT","items_purchased":["All Out Attack","Apotheosis","Dash","HandDrill"],"campfire_rested":5,"item_purchase_floors":[5,10,10,19],"current_hp_per_floor":[54,40,40,40,40,28,49,49,59,59,59,59,59,45,69,46,72,64,64,64,64,48,72,53,77,77,28,28,28,24,24,48,0],"gold":48,"neow_bonus":"RANDOM_COLORLESS","is_prod":false,"is_daily":false,"chose_seed":false,"campfire_upgraded":1,"win_rate":0,"timestamp":1554752147,"path_taken":["M","?","?","?","$","E","R","?","T","?","?","R","M","E","R","BOSS","M","$","?","M","M","R","M","R","T","?","?","$","M","?","R","BOSS"],"build_version":"2019-01-23","purchased_purges":1,"victory":false,"max_hp_per_floor":[70,70,70,70,70,70,70,70,80,80,80,80,80,80,80,80,80,80,80,80,80,80,80,80,80,80,80,80,80,80,80,80,80],"card_choices":[{"not_picked":["Backflip","Cloak And Dagger"],"picked":"Terror","floor":1},{"not_picked":["Crippling Poison","Slice"],"picked":"Bane","floor":4},{"not_picked":["Prepared","Concentrate"],"picked":"Masterful Stab","floor":6},{"not_picked":["Bane","Dagger Spray","Quick Slash"],"picked":"SKIP","floor":13},{"not_picked":["Wraith Form v2","Setup+1"],"picked":"Skewer","floor":14},{"not_picked":["Unload","Bullet Time+1"],"picked":"Glass Knife","floor":16},{"not_picked":["Crippling Poison+1","Underhanded Strike+1","Backflip+1"],"picked":"SKIP","floor":18},{"not_picked":["Flechettes+1","Predator+1"],"picked":"Acrobatics+1","floor":21},{"not_picked":["Acrobatics+1","Tactician+1"],"picked":"Distraction+1","floor":22},{"not_picked":["Dagger Throw","Slice+1","Blade Dance+1"],"picked":"SKIP","floor":24},{"not_picked":["Underhanded Strike","Blade Dance+1","Riddle With Holes"],"picked":"SKIP","floor":27},{"not_picked":["Choke","Cloak And Dagger+1"],"picked":"Corpse Explosion+1","floor":30}],"player_experience":1625460,"relics_obtained":[{"floor":6,"key":"Ginger"},{"floor":9,"key":"Pear"},{"floor":14,"key":"Dodecahedron"},{"floor":26,"key":"Pantograph"}],"event_choices":[{"damage_healed":0,"gold_gain":0,"player_choice":"Entered Light","damage_taken":14,"max_hp_gain":0,"max_hp_loss":0,"event_name":"Shining Light","floor":2,"gold_loss":0,"cards_upgraded":["Defend_G","Strike_G"]},{"damage_healed":0,"gold_gain":0,"player_choice":"Upgraded","damage_taken":0,"max_hp_gain":0,"max_hp_loss":0,"event_name":"Upgrade Shrine","floor":3,"gold_loss":0,"cards_upgraded":["Deep Breath"]},{"damage_healed":0,"gold_gain":275,"player_choice":"Desecrate","damage_taken":0,"max_hp_gain":0,"max_hp_loss":0,"event_name":"Golden Shrine","floor":8,"gold_loss":0,"cards_obtained":["Regret"]},{"damage_healed":0,"gold_gain":0,"player_choice":"Searched \u00271\u0027 times","damage_taken":0,"relics_obtained":["Toxic Egg 2"],"max_hp_gain":0,"max_hp_loss":0,"event_name":"Dead Adventurer","floor":11,"gold_loss":0},{"damage_healed":0,"gold_gain":0,"player_choice":"Copied","damage_taken":0,"max_hp_gain":0,"max_hp_loss":0,"event_name":"Duplicator","floor":20,"gold_loss":0,"cards_obtained":["Glass Knife"]},{"cards_removed":["Strike_G"],"damage_healed":0,"gold_gain":0,"player_choice":"Gave Gold","damage_taken":0,"max_hp_gain":0,"max_hp_loss":0,"event_name":"Beggar","floor":28,"gold_loss":75},{"damage_healed":0,"gold_gain":0,"cards_transformed":["Strike_G"],"player_choice":"Transformed","damage_taken":0,"max_hp_gain":0,"max_hp_loss":0,"event_name":"Transmorgrifier","floor":31,"gold_loss":0,"cards_obtained":["Outmaneuver"]}],"is_beta":false,"boss_relics":[{"not_picked":["Empty Cage","Orrery"],"picked":"Lizard Tail"}],"items_purged_floors":[10],"is_endless":false,"potions_floor_spawned":[1,4,16,18,24],"killed_by":"Automaton","ascension_level":11}