{"gold_per_floor":[360,371,340,0,0,35,35,56,56,56,69,87,13,37,37,162,162,175,194,21,44,58,58,72,72,72,105,33,47,47],"floor_reached":30,"playtime":1866,"items_purged":["Injury"],"score":435,"play_id":"fff2d283-e778-4bf0-976a-1d37e25c66cd","local_time":"20190514122217","is_ascension_mode":true,"campfire_choices":[{"floor":10,"key":"REST"},{"floor":15,"key":"REST"},{"floor":25,"key":"REST"}],"neow_cost":"PERCENT_DAMAGE","seed_source_timestamp":64456637291900,"circlet_count":0,"master_deck":["AscendersBane","Defend_G","Defend_G","Defend_G","Defend_G","Defend_G","Strike_G+1","Strike_G","Survivor","Neutralize","Bouncing Flask","Terror","Skewer","Noxious Fumes","Heel Hook+1","Terror","Venomology","Distraction+1","Terror+1","Reflex+1","Endless Agony","Outmaneuver+1","Finisher","Venomology","Deadly Poison"],"relics":["Ring of the Snake","Membership Card","Tiny Chest","Orichalcum","Golden Idol","Thread and Needle","Paper Crane","Whetstone","Astrolabe","Lee\u0027s Waffle","Dream Catcher","Blood Vial","Gremlin Horn","Snake Skull"],"potions_floor_usage":[16,18,18,19,22,23,23,24,27,27,27,29,29,30,30],"damage_taken":[{"damage":4,"enemies":"Small Slimes","floor":1,"turns":4},{"damage":0,"enemies":"Jaw Worm","floor":2,"turns":5},{"damage":28,"enemies":"3 Sentries","floor":6,"turns":11},{"damage":0,"enemies":"Cultist","floor":8,"turns":3},{"damage":0,"enemies":"Gremlin Gang","floor":11,"turns":5},{"damage":1,"enemies":"Looter","floor":12,"turns":3},{"damage":13,"enemies":"Lots of Slimes","floor":14,"turns":4},{"damage":9,"enemies":"Hexaghost","floor":16,"turns":8},{"damage":11,"enemies":"Shell Parasite","floor":18,"turns":7},{"damage":16,"enemies":"Spheric Guardian","floor":19,"turns":6},{"damage":3,"enemies":"Snecko","floor":22,"turns":4},{"damage":0,"enemies":"Book of Stabbing","floor":23,"turns":2},{"damage":30,"enemies":"Snake Plant","floor":24,"turns":4},{"damage":23,"enemies":"Gremlin Leader","floor":27,"turns":6},{"damage":31,"enemies":"Chosen and Byrds","floor":29,"turns":7},{"damage":19,"enemies":"Snecko","floor":30,"turns":5}],"seed_played":"3548643128718036114","potions_obtained":[{"floor":6,"key":"Dexterity Potion"},{"floor":8,"key":"GhostInAJar"},{"floor":16,"key":"GamblersBrew"},{"floor":19,"key":"GamblersBrew"},{"floor":22,"key":"EssenceOfSteel"},{"floor":24,"key":"Strength Potion"}],"is_trial":false,"path_per_floor":["M","M","?","$","?","E","$","M","T","R","M","M","$","M","R","B",null,"M","M","$","T","M","E","M","R","T","E","$","M","M"],"character_chosen":"THE_SILENT","items_purchased":["Membership Card","Tiny Chest","Orichalcum","Skewer","Whetstone","Lee\u0027s Waffle","Finisher","Snake Skull"],"campfire_rested":3,"item_purchase_floors":[4,4,4,4,13,20,20,28],"current_hp_per_floor":[41,41,41,41,41,13,13,13,13,34,34,33,33,20,41,32,61,50,34,77,77,74,74,44,67,67,46,46,17,0],"gold":47,"neow_bonus":"TWO_FIFTY_GOLD","is_prod":false,"is_daily":false,"chose_seed":false,"campfire_upgraded":0,"win_rate":0,"timestamp":1557829337,"path_taken":["M","M","?","$","?","E","?","?","T","R","M","M","$","M","R","BOSS","M","M","$","?","M","E","M","R","T","E","$","M","?"],"build_version":"2019-01-23","purchased_purges":1,"victory":false,"max_hp_per_floor":[70,70,70,70,70,70,70,70,70,70,70,70,70,70,70,70,70,70,70,77,77,77,77,77,77,77,77,77,77,77],"card_choices":[{"not_picked":["Sucker Punch","Noxious Fumes"],"picked":"Bouncing Flask","floor":1},{"not_picked":["Reflex","Backflip"],"picked":"Terror","floor":2},{"not_picked":["Dagger Spray","Deadly Poison"],"picked":"Noxious Fumes","floor":6},{"not_picked":["Flying Knee","Slice","Blade Dance"],"picked":"SKIP","floor":8},{"not_picked":["Flying Knee","Slice","Blade Dance"],"picked":"SKIP","floor":8},{"not_picked":["Acrobatics","Sucker Punch"],"picked":"Heel Hook","floor":11},{"not_picked":["Expertise","Poisoned Stab"],"picked":"Terror","floor":12},{"not_picked":["Acrobatics","Dagger Throw","Outmaneuver"],"picked":"SKIP","floor":14},{"not_picked":["After Image","Die Die Die"],"picked":"Venomology","floor":16},{"not_picked":["Sucker Punch","Dagger Throw"],"picked":"Endless Agony","floor":18},{"not_picked":["Quick Slash+1","Dodge and Roll"],"picked":"Outmaneuver+1","floor":19},{"not_picked":["Outmaneuver","Prepared","Bane"],"picked":"SKIP","floor":22},{"not_picked":["Flechettes","PiercingWail","Terror"],"picked":"SKIP","floor":24},{"not_picked":["Caltrops","Blade Dance"],"picked":"Venomology","floor":27},{"not_picked":["Accuracy","Riddle With Holes"],"picked":"Deadly Poison","floor":29}],"player_experience":1858654,"relics_obtained":[{"floor":6,"key":"Thread and Needle"},{"floor":9,"key":"Paper Crane"},{"floor":21,"key":"Dream Catcher"},{"floor":26,"key":"Blood Vial"},{"floor":27,"key":"Gremlin Horn"}],"event_choices":[{"damage_healed":0,"gold_gain":0,"player_choice":"Left Gold","damage_taken":0,"max_hp_gain":0,"max_hp_loss":0,"event_name":"World of Goop","floor":3,"gold_loss":31},{"damage_healed":0,"gold_gain":0,"player_choice":"Take Wound","damage_taken":0,"relics_obtained":["Golden Idol"],"max_hp_gain":0,"max_hp_loss":0,"event_name":"Golden Idol","floor":5,"gold_loss":0,"cards_obtained":["Injury"]}],"is_beta":false,"boss_relics":[{"not_picked":["Velvet Choker","Lizard Tail"],"picked":"Astrolabe"}],"items_purged_floors":[20],"is_endless":false,"potions_floor_spawned":[6,8,16,19,22,24],"killed_by":"Snecko","ascension_level":12}