{"gold_per_floor":[118,168,187,187,187,216,235,267,267,281,301,301,451,519,519,519],"floor_reached":16,"playtime":6409,"items_purged":[],"score":236,"play_id":"41d8aab6-cb89-48f2-bd13-757d46a28e65","local_time":"20190503100723","is_ascension_mode":true,"campfire_choices":[{"floor":15,"key":"REST"}],"neow_cost":"NONE","seed_source_timestamp":5537104715572,"circlet_count":0,"master_deck":["AscendersBane","Defend_G","Defend_G","Defend_G","Defend_G","Defend_G","Strike_G","Strike_G","Strike_G","Strike_G","Survivor","Neutralize","Deadly Poison","PiercingWail","Night Terror","After Image","Bouncing Flask","Prepared","Backstab","Escape Plan","Doubt"],"relics":["Ring of the Snake","NeowsBlessing","Centennial Puzzle","Torii","Letter Opener","Strawberry"],"potions_floor_usage":[16],"damage_taken":[{"damage":0,"enemies":"Small Slimes","floor":1,"turns":1},{"damage":0,"enemies":"Cultist","floor":3,"turns":1},{"damage":0,"enemies":"3 Sentries","floor":6,"turns":1},{"damage":0,"enemies":"Jaw Worm","floor":7,"turns":5},{"damage":39,"enemies":"Lagavulin","floor":8,"turns":7},{"damage":7,"enemies":"Exordium Wildlife","floor":10,"turns":5},{"damage":1,"enemies":"2 Fungi Beasts","floor":11,"turns":4},{"damage":35,"enemies":"Slime Boss","floor":16,"turns":8}],"seed_played":"-1402376553609256465","potions_obtained":[{"floor":3,"key":"SpeedPotion"},{"floor":11,"key":"Ancient Potion"}],"is_trial":false,"path_per_floor":["M","?","M","$","?","E","M","E","T","M","M","T","?","?","R","B"],"character_chosen":"THE_SILENT","items_purchased":[],"campfire_rested":1,"item_purchase_floors":[],"current_hp_per_floor":[59,53,53,53,53,53,53,14,14,7,6,13,13,13,34,0],"gold":519,"neow_bonus":"THREE_ENEMY_KILL","is_prod":false,"is_daily":false,"chose_seed":false,"campfire_upgraded":0,"win_rate":0,"timestamp":1556903243,"path_taken":["M","?","?","$","?","E","M","E","T","M","M","?","?","?","R","BOSS"],"build_version":"2019-01-23","purchased_purges":0,"victory":false,"max_hp_per_floor":[66,66,66,66,66,66,66,66,66,66,66,73,73,73,73,73],"card_choices":[{"not_picked":["Blade Dance","Sucker Punch"],"picked":"Deadly Poison","floor":1},{"not_picked":["Concentrate","Slice"],"picked":"PiercingWail","floor":3},{"not_picked":["Infinite Blades","Underhanded Strike"],"picked":"After Image","floor":6},{"not_picked":["Blade Dance","Endless Agony"],"picked":"Bouncing Flask","floor":7},{"not_picked":["Endless Agony","Flying Knee"],"picked":"Prepared","floor":8},{"not_picked":["Dagger Throw","Deflect"],"picked":"Backstab","floor":10},{"not_picked":["Terror","Storm of Steel"],"picked":"Escape Plan","floor":11}],"player_experience":1575736,"relics_obtained":[{"floor":6,"key":"Centennial Puzzle"},{"floor":8,"key":"Torii"},{"floor":9,"key":"Letter Opener"},{"floor":12,"key":"Strawberry"}],"event_choices":[{"damage_healed":0,"gold_gain":50,"player_choice":"Touch","damage_taken":6,"max_hp_gain":0,"max_hp_loss":0,"event_name":"FaceTrader","floor":2,"gold_loss":0},{"damage_healed":0,"gold_gain":0,"cards_transformed":["Strike_G"],"player_choice":"Change","damage_taken":0,"max_hp_gain":0,"max_hp_loss":0,"event_name":"Living Wall","floor":5,"gold_loss":0,"cards_obtained":["Night Terror"]},{"damage_healed":0,"gold_gain":150,"player_choice":"AGREE","damage_taken":0,"max_hp_gain":0,"max_hp_loss":0,"event_name":"Liars Game","floor":13,"gold_loss":0,"cards_obtained":["Doubt"]},{"damage_healed":0,"gold_gain":68,"player_choice":"Gained Gold","damage_taken":0,"max_hp_gain":0,"max_hp_loss":0,"event_name":"Golden Wing","floor":14,"gold_loss":0}],"is_beta":false,"boss_relics":[],"items_purged_floors":[],"is_endless":false,"potions_floor_spawned":[3,11],"killed_by":"Slime Boss","ascension_level":15}