{"gold_per_floor":[117,117,137,153,78,78,109,109,109,123,153,153,182,215,215,312,312,327,79,96,96,96,96,121,147,195,195,209,222,247,247,247,352,352,366,366,366,366,378,378,395,429,453,217,227,227,244,244,244,244],"floor_reached":51,"playtime":5075,"items_purged":["Defend_R","Defend_R"],"score":835,"play_id":"7cb9f287-d0f2-49c1-8209-b3169d8eb2cd","local_time":"20181124000416","is_ascension_mode":true,"campfire_choices":[{"data":"Perfected Strike","floor":6.0,"key":"SMITH"},{"floor":8,"key":"REST"},{"floor":12,"key":"REST"},{"data":"Perfected Strike","floor":15,"key":"SMITH"},{"data":"J.A.X.","floor":23,"key":"SMITH"},{"floor":32,"key":"REST"},{"floor":40,"key":"REST"},{"floor":46,"key":"REST"},{"data":"Demon Form","floor":49,"key":"SMITH"}],"neow_cost":"TEN_PERCENT_HP_LOSS","seed_source_timestamp":79918527464864,"circlet_count":0,"master_deck":["Strike_R","Strike_R","Strike_R","Strike_R","Strike_R","Defend_R","Bash","Evolve+1","Iron Wave","Perfected Strike+1","Seeing Red","Ghostly Armor","Offering","Perfected Strike+1","Impervious","Inflame+1","Clothesline+1","J.A.X.+1","Flex+1","Ghostly Armor+1","Twin Strike+1","Heavy Blade","Demon Form+1","Pummel","Madness","Madness","True Grit+1","Disarm+1","Shrug It Off+1","Rage+1","Spot Weakness","Inflame+1","Heavy Blade"],"special_seed":0,"relics":["Burning Blood","WingedGreaves","Bronze Scales","Orichalcum","Matryoshka","Ancient Tea Set","Velvet Choker","Juzu Bracelet","Potion Belt","Blood Vial","Mummified Hand","Dream Catcher","Bottled Flame","Centennial Puzzle","Gremlin Horn","Lizard Tail","FaceOfCleric","Pear","Vajra","DollysMirror"],"potions_floor_usage":[11,11,21,24,25,25,30,33,33,50,50,50],"damage_taken":[{"damage":1.0,"enemies":"2 Louse","floor":1.0,"turns":2.0},{"damage":1.0,"enemies":"Cultist","floor":3.0,"turns":4.0},{"damage":13.0,"enemies":"Jaw Worm","floor":4.0,"turns":4.0},{"damage":31.0,"enemies":"Lagavulin","floor":7.0,"turns":7.0},{"damage":7,"enemies":"Exordium Wildlife","floor":10,"turns":3},{"damage":17,"enemies":"3 Sentries","floor":11,"turns":5},{"damage":26,"enemies":"Lagavulin","floor":13,"turns":6},{"damage":0,"enemies":"Gremlin Nob","floor":14,"turns":3},{"damage":23,"enemies":"Hexaghost","floor":16,"turns":7},{"damage":6,"enemies":"Spheric Guardian","floor":18,"turns":2},{"damage":0,"enemies":"Chosen","floor":20,"turns":3},{"damage":18,"enemies":"Book of Stabbing","floor":24,"turns":3},{"damage":26,"enemies":"Slavers","floor":25,"turns":5},{"damage":22,"enemies":"Sentry and Sphere","floor":28,"turns":3},{"damage":6,"enemies":"Centurion and Healer","floor":29,"turns":4},{"damage":23,"enemies":"Gremlin Leader","floor":30,"turns":5},{"damage":55,"enemies":"Champ","floor":33,"turns":9},{"damage":25,"enemies":"3 Darklings","floor":35,"turns":3},{"damage":17,"enemies":"3 Shapes","floor":39,"turns":3},{"damage":18,"enemies":"Maw","floor":41,"turns":7},{"damage":22,"enemies":"Giant Head","floor":42,"turns":6},{"damage":6,"enemies":"Sphere and 2 Shapes","floor":45,"turns":4},{"damage":29,"enemies":"Jaw Worm Horde","floor":47,"turns":2},{"damage":75,"enemies":"Time Eater","floor":50,"turns":7}],"seed_played":"4658941465644242981","potions_obtained":[{"floor":1.0,"key":"FairyPotion"},{"floor":7,"key":"Energy Potion"},{"floor":10,"key":"SkillPotion"},{"floor":16,"key":"Energy Potion"},{"floor":20,"key":"SkillPotion"},{"floor":21,"key":"Fruit Juice"},{"floor":21,"key":"Block Potion"},{"floor":24,"key":"Regen Potion"},{"floor":28,"key":"Dexterity Potion"},{"floor":29,"key":"Regen Potion"},{"floor":30,"key":"SkillPotion"},{"floor":39,"key":"SteroidPotion"},{"floor":41,"key":"Poison Potion"},{"floor":45,"key":"Ancient Potion"}],"is_trial":false,"path_per_floor":["M","?","M","M","$","R","E","E","R","T","M","E","R","E","E","R","B",null,"M","$","M","?","?","R","E","E","T","?","M","M","E","T","R","B",null,"M","?","?","?","M","R","M","E","T","$","M","R","M","?","R","B",null],"character_chosen":"IRONCLAD","items_purchased":["Juzu Bracelet","Spot Weakness","DollysMirror"],"campfire_rested":5,"item_purchase_floors":[19,44,44],"current_hp_per_floor":[72,72,72,65,65,65,40,61,61,60,49,70,50,56,56,39,72,72,72,72,77,77,77,65,59,59,45,31,33,32,32,56,9,82,63,53,53,53,45,69,60,57,57,57,60,88,68,68,68,16],"gold":244,"neow_bonus":"ONE_RARE_RELIC","is_prod":false,"is_daily":false,"chose_seed":false,"campfire_upgraded":4,"win_rate":0,"timestamp":1542985456,"path_taken":["M","?","?","M","$","R","E","R","T","M","E","R","E","E","R","BOSS","M","$","M","?","?","R","E","E","T","?","M","M","E","?","R","BOSS","M","?","?","?","M","R","M","E","T","?","M","R","M","?","R","BOSS"],"build_version":"2018-11-15","purchased_purges":2,"victory":true,"max_hp_per_floor":[72,72,72,72,72,72,72,72,72,72,72,72,72,72,72,72,72,72,72,72,77,77,77,77,77,77,82,82,82,82,82,82,82,82,82,82,82,82,83,83,84,95,95,95,96,96,97,97,97,98],"card_choices":[{"not_picked":["Intimidate","Infernal Blade"],"picked":"Evolve","floor":1.0},{"not_picked":["Carnage","True Grit"],"picked":"Iron Wave","floor":3.0},{"not_picked":["Clash","Heavy Blade"],"picked":"Perfected Strike","floor":4.0},{"not_picked":["Sever Soul","Wild Strike"],"picked":"Seeing Red","floor":7},{"not_picked":["Body Slam","Berserk","Evolve"],"picked":"SKIP","floor":10},{"not_picked":["Infernal Blade","Pummel"],"picked":"Ghostly Armor","floor":11},{"not_picked":["Searing Blow","Fire Breathing"],"picked":"Offering","floor":13},{"not_picked":["Intimidate","Wild Strike"],"picked":"Perfected Strike","floor":14},{"not_picked":["Dark Embrace","Limit Break"],"picked":"Impervious","floor":16},{"not_picked":["True Grit","Clash"],"picked":"Inflame+1","floor":18},{"not_picked":["Heavy Blade","Rampage"],"picked":"Clothesline+1","floor":20},{"not_picked":["Hemokinesis","Blood for Blood","Wild Strike"],"picked":"SKIP","floor":24},{"not_picked":["Feel No Pain","Rage"],"picked":"Flex+1","floor":25},{"not_picked":["Combust","Entrench"],"picked":"Ghostly Armor+1","floor":28},{"not_picked":["Clothesline","Wild Strike","Evolve"],"picked":"SKIP","floor":29},{"not_picked":["Anger","Clothesline"],"picked":"Twin Strike+1","floor":30},{"not_picked":["Twin Strike","Cleave"],"picked":"Heavy Blade","floor":32},{"not_picked":["Fiend Fire","Reaper"],"picked":"Demon Form","floor":33},{"not_picked":["Body Slam+1","Feel No Pain"],"picked":"Pummel","floor":35},{"not_picked":["Metallicize","Sword Boomerang+1"],"picked":"True Grit+1","floor":39},{"not_picked":["Body Slam+1","Hemokinesis"],"picked":"Disarm+1","floor":40},{"not_picked":["Power Through","Sword Boomerang+1"],"picked":"Shrug It Off+1","floor":41},{"not_picked":["Barricade","Clash+1"],"picked":"Rage+1","floor":42},{"not_picked":["Shrug It Off","Rampage+1","Reckless Charge"],"picked":"SKIP","floor":45},{"not_picked":["Pommel Strike+1","Iron Wave+1"],"picked":"Heavy Blade","floor":46},{"not_picked":["Intimidate+1","Sever Soul+1","Cleave"],"picked":"SKIP","floor":47}],"player_experience":35376,"relics_obtained":[{"floor":9,"key":"Bronze Scales"},{"floor":11,"key":"Orichalcum"},{"floor":13,"key":"Matryoshka"},{"floor":14,"key":"Ancient Tea Set"},{"floor":24,"key":"Potion Belt"},{"floor":25,"key":"Blood Vial"},{"floor":26,"key":"Mummified Hand"},{"floor":26,"key":"Dream Catcher"},{"floor":30,"key":"Bottled Flame"},{"floor":31,"key":"Centennial Puzzle"},{"floor":31,"key":"Gremlin Horn"},{"floor":42,"key":"Pear"},{"floor":43,"key":"Vajra"}],"event_choices":[{"damage_healed":0.0,"max_hp_gain":0.0,"max_hp_loss":0.0,"gold_gain":0.0,"event_name":"Upgrade Shrine","player_choice":"Upgraded","floor":2.0,"gold_loss":0.0,"damage_taken":0.0,"cards_upgraded":["Evolve"]},{"damage_healed":0,"gold_gain":0,"player_choice":"Got Potions","damage_taken":0,"max_hp_gain":0,"max_hp_loss":0,"event_name":"Lab","floor":21,"gold_loss":0},{"damage_healed":0,"gold_gain":0,"player_choice":"Obtain J.A.X.","damage_taken":0,"max_hp_gain":0,"max_hp_loss":0,"event_name":"Drug Dealer","floor":22,"gold_loss":0,"cards_obtained":["J.A.X."]},{"damage_healed":0,"gold_gain":0,"player_choice":"Shed Blood","damage_taken":19,"max_hp_gain":5,"max_hp_loss":0,"event_name":"Forgotten Altar","floor":27,"gold_loss":0},{"damage_healed":0,"gold_gain":0,"player_choice":"Embrace Madness","damage_taken":10,"max_hp_gain":0,"max_hp_loss":0,"event_name":"Winding Halls","floor":36,"gold_loss":0,"cards_obtained":["Madness","Madness"]},{"damage_healed":0,"gold_gain":0,"player_choice":"Trade","damage_taken":0,"relics_obtained":["FaceOfCleric"],"max_hp_gain":0,"max_hp_loss":0,"event_name":"FaceTrader","floor":37,"gold_loss":0},{"damage_healed":0,"gold_gain":0,"player_choice":"Ignored","damage_taken":0,"max_hp_gain":0,"max_hp_loss":0,"event_name":"Transmorgrifier","floor":38,"gold_loss":0},{"cards_removed":["Defend_R"],"damage_healed":0,"gold_gain":0,"player_choice":"Removed Skill","damage_taken":0,"max_hp_gain":0,"max_hp_loss":0,"event_name":"Falling","floor":48,"gold_loss":0}],"is_beta":false,"boss_relics":[{"not_picked":["Busted Crown","Coffee Dripper"],"picked":"Velvet Choker"},{"not_picked":["Orrery","Philosopher\u0027s Stone"],"picked":"Lizard Tail"}],"items_purged_floors":[5,19],"is_endless":false,"potions_floor_spawned":[1,7,10,16,20,24,28,29,30,39,41,45],"ascension_level":2}