{"gold_per_floor":[10,10,30,78,95,122,140,154,178,189,189,220,220,235,235,337,337,352,363,4,4,4,38,50,35,86,103,103,103,118,67,67,67],"floor_reached":33,"playtime":1754,"items_purged":[],"score":388,"play_id":"6b340f9d-6e51-4206-ac11-eea4d536b8c0","local_time":"20190110221723","is_ascension_mode":true,"campfire_choices":[{"floor":11,"key":"REST"},{"data":"Inflame","floor":13,"key":"SMITH"},{"data":"Armaments","floor":15,"key":"SMITH"},{"floor":24,"key":"REST"},{"floor":32,"key":"REST"}],"neow_cost":"NO_GOLD","seed_source_timestamp":69595273886500,"circlet_count":0,"master_deck":["Strike_R","Strike_R","Strike_R","Strike_R","Defend_R","Defend_R","Defend_R","Defend_R","Bash","Dark Shackles","Magnetism","Cleave","Infernal Blade","Rupture","Thunderclap","Armaments+1","Inflame+1","Evolve","Infernal Blade","Immolate","Body Slam+1","Disarm+1","Necronomicurse","Heavy Blade","Flex","Flame Barrier"],"relics":["Black Blood","Oddly Smooth Stone","Meat on the Bone","Ancient Tea Set","Happy Flower","HandDrill","Juzu Bracelet","Necronomicon","MawBank","PreservedInsect","Shuriken"],"potions_floor_usage":[7,12,18,19,23,33,33,33],"damage_taken":[{"damage":9,"enemies":"Jaw Worm","floor":1,"turns":4},{"damage":6,"enemies":"Cultist","floor":3,"turns":3},{"damage":8,"enemies":"Small Slimes","floor":5,"turns":3},{"damage":40,"enemies":"3 Sentries","floor":6,"turns":8},{"damage":12,"enemies":"Exordium Wildlife","floor":7,"turns":2},{"damage":7,"enemies":"Blue Slaver","floor":8,"turns":5},{"damage":26,"enemies":"Gremlin Gang","floor":10,"turns":5},{"damage":22,"enemies":"Lagavulin","floor":12,"turns":8},{"damage":8,"enemies":"Red Slaver","floor":14,"turns":4},{"damage":24,"enemies":"The Guardian","floor":16,"turns":7},{"damage":11,"enemies":"2 Thieves","floor":18,"turns":3},{"damage":12,"enemies":"3 Byrds","floor":19,"turns":5},{"damage":36,"enemies":"Book of Stabbing","floor":23,"turns":5},{"damage":29,"enemies":"Centurion and Healer","floor":27,"turns":6},{"damage":12,"enemies":"Snake Plant","floor":30,"turns":2},{"damage":93,"enemies":"Collector","floor":33,"turns":7}],"seed_played":"8198746543182666411","potions_obtained":[{"floor":6,"key":"SteroidPotion"},{"floor":8,"key":"FearPotion"},{"floor":12,"key":"FearPotion"},{"floor":14,"key":"Ancient Potion"},{"floor":18,"key":"SkillPotion"},{"floor":19,"key":"SkillPotion"},{"floor":30,"key":"SneckoOil"}],"is_trial":false,"path_per_floor":["M","?","M","T","M","E","M","M","T","M","R","E","R","M","R","B",null,"M","M","$","?","?","E","R","$","T","M","T","?","M","$","R","B"],"character_chosen":"IRONCLAD","items_purchased":["HandDrill","Juzu Bracelet","Flex","PowerPotion"],"campfire_rested":3,"item_purchase_floors":[20,20,25,31],"current_hp_per_floor":[69,62,62,62,60,26,32,43,43,35,59,55,55,53,53,47,72,71,69,69,53,53,39,63,63,63,56,56,48,58,58,80,0],"gold":67,"neow_bonus":"RANDOM_COLORLESS_2","is_prod":false,"is_daily":false,"chose_seed":false,"campfire_upgraded":2,"win_rate":0,"timestamp":1547155043,"path_taken":["M","?","M","?","M","E","M","M","T","?","R","E","R","M","R","BOSS","M","M","$","?","?","E","R","$","T","M","?","?","M","?","R","BOSS"],"build_version":"2019-01-03v4","purchased_purges":0,"victory":false,"max_hp_per_floor":[80,80,80,80,80,80,80,80,80,80,80,80,80,80,80,80,80,80,80,80,80,80,80,80,80,80,80,80,80,80,80,80,80],"card_choices":[{"not_picked":["Sword Boomerang","Seeing Red"],"picked":"Cleave","floor":1},{"not_picked":["Havoc","Uppercut"],"picked":"Infernal Blade","floor":3},{"not_picked":["Uppercut","Heavy Blade"],"picked":"Rupture","floor":5},{"not_picked":["Clothesline","Twin Strike"],"picked":"Thunderclap","floor":6},{"not_picked":["Havoc","Clothesline"],"picked":"Armaments","floor":7},{"not_picked":["Bloodletting","Flame Barrier"],"picked":"Inflame","floor":8},{"not_picked":["Havoc","Ghostly Armor"],"picked":"Evolve","floor":10},{"not_picked":["Thunderclap","Iron Wave","Twin Strike"],"picked":"SKIP","floor":12},{"not_picked":["Berserk","Havoc"],"picked":"Infernal Blade","floor":14},{"not_picked":["Berserk","Impervious"],"picked":"Immolate","floor":16},{"not_picked":["Sentinel","Reckless Charge+1"],"picked":"Body Slam+1","floor":18},{"not_picked":["Shrug It Off","Body Slam"],"picked":"Disarm+1","floor":19},{"not_picked":["Flex","Armaments"],"picked":"Heavy Blade","floor":23},{"not_picked":["Armaments","Twin Strike+1"],"picked":"Flame Barrier","floor":27},{"not_picked":["Shockwave","Perfected Strike+1","Feel No Pain"],"picked":"SKIP","floor":30}],"player_experience":1086431,"relics_obtained":[{"floor":4,"key":"Oddly Smooth Stone"},{"floor":6,"key":"Meat on the Bone"},{"floor":9,"key":"Ancient Tea Set"},{"floor":12,"key":"Happy Flower"},{"floor":21,"key":"Necronomicon"},{"floor":23,"key":"MawBank"},{"floor":26,"key":"PreservedInsect"},{"floor":28,"key":"Shuriken"}],"event_choices":[{"cards_removed":["Strike_R"],"damage_healed":0,"gold_gain":0,"player_choice":"Card Removal","damage_taken":7,"max_hp_gain":0,"max_hp_loss":0,"event_name":"Golden Wing","floor":2,"gold_loss":0},{"damage_healed":0,"gold_gain":0,"player_choice":"Obtained Book","damage_taken":16,"max_hp_gain":0,"max_hp_loss":0,"event_name":"Cursed Tome","floor":21,"gold_loss":0},{"damage_healed":0,"gold_gain":0,"player_choice":"Ignored","damage_taken":0,"max_hp_gain":0,"max_hp_loss":0,"event_name":"Ghosts","floor":22,"gold_loss":0},{"damage_healed":0,"gold_gain":0,"player_choice":"","damage_taken":8,"max_hp_gain":0,"max_hp_loss":0,"event_name":"Knowing Skull","floor":29,"potions_obtained":[],"gold_loss":0,"cards_obtained":[]}],"is_beta":false,"boss_relics":[{"not_picked":["Empty Cage","Black Star"],"picked":"Black Blood"}],"items_purged_floors":[],"is_endless":false,"potions_floor_spawned":[6,8,12,14,18,19,30],"killed_by":"Collector","ascension_level":8}