{"gold_per_floor":[111,61,61,35,35,35,35,58,85,132,17,31,51,28,28,158,158,181,27,27,0,13,13,13,34,59,59,59,84,84],"floor_reached":30,"playtime":899,"items_purged":[],"score":339,"play_id":"aaa8b145-587c-44dd-b47c-af7df119b333","local_time":"20181105225524","is_ascension_mode":true,"campfire_choices":[{"floor":6,"key":"REST"},{"data":"Defragment","floor":15,"key":"SMITH"},{"floor":23,"key":"REST"},{"floor":27,"key":"REST"}],"neow_cost":"NONE","seed_source_timestamp":610606427204100,"circlet_count":0,"master_deck":["Strike_B","Strike_B","Defend_B","Defend_B","Defend_B","Defend_B","Zap","Dualcast","Defragment+1","Injury","Turbo","Static Discharge","Sunder","Turbo","Static Discharge","Redo","Leap","Amplify","Coolheaded+1","Darkness+1","Undo"],"relics":["Cracked Core","NeowsBlessing","Potion Belt","Golden Idol","MawBank","Bronze Scales","Nuclear Battery","Strawberry","Happy Flower"],"potions_floor_usage":[25,25],"damage_taken":[{"damage":0,"enemies":"2 Louse","floor":1,"turns":1},{"damage":0,"enemies":"Jaw Worm","floor":8,"turns":1},{"damage":0,"enemies":"Gremlin Nob","floor":10,"turns":1},{"damage":6,"enemies":"Small Slimes","floor":12,"turns":2},{"damage":6,"enemies":"3 Louse","floor":13,"turns":2},{"damage":29,"enemies":"The Guardian","floor":16,"turns":8},{"damage":27,"enemies":"Spheric Guardian","floor":18,"turns":3},{"damage":5,"enemies":"3 Byrds","floor":22,"turns":3},{"damage":25,"enemies":"Cultist and Chosen","floor":25,"turns":6},{"damage":25,"enemies":"Colosseum Slavers","floor":28,"turns":4},{"damage":12,"enemies":"Snake Plant","floor":29,"turns":3},{"damage":27,"enemies":"Sentry and Sphere","floor":30,"turns":3}],"seed_played":"8833783209588376948","potions_obtained":[{"floor":10,"key":"FearPotion"},{"floor":22,"key":"Explosive Potion"},{"floor":29,"key":"Strength Potion"}],"is_trial":false,"path_per_floor":["M","?","?","?","?","R","?","M","T","E","$","M","M","$","R","B",null,"M","$","?","?","M","R","$","M","T","R","?","M","M"],"character_chosen":"DEFECT","items_purchased":["Sunder","Turbo","Leap","Strawberry"],"campfire_rested":3,"item_purchase_floors":[11,11,14,19],"current_hp_per_floor":[68,68,50,50,50,72,72,72,72,72,72,66,60,60,60,31,64,37,44,44,44,39,63,63,38,38,62,37,25,0],"gold":84,"neow_bonus":"THREE_ENEMY_KILL","is_prod":false,"is_daily":false,"chose_seed":false,"campfire_upgraded":1,"win_rate":0,"timestamp":1541454924,"path_taken":["M","?","?","?","?","R","?","M","T","E","?","M","?","$","R","BOSS","M","$","?","?","M","R","$","M","T","R","?","M","M"],"build_version":"2018-11-01","purchased_purges":0,"victory":false,"max_hp_per_floor":[75,75,75,75,75,75,75,75,75,75,75,75,75,75,75,75,75,75,82,82,82,82,82,82,82,82,82,82,82,82],"card_choices":[{"not_picked":["Stack","Compile Driver"],"picked":"Defragment","floor":1},{"not_picked":["Hologram","Fission"],"picked":"Turbo","floor":8},{"not_picked":["Scrape","Lockon"],"picked":"Static Discharge","floor":10},{"not_picked":["Gash","Compile Driver"],"picked":"Static Discharge","floor":12},{"not_picked":["Chill","Doom and Gloom"],"picked":"Redo","floor":13},{"not_picked":["Creative AI","Biased Cognition"],"picked":"Amplify","floor":16},{"not_picked":["Rebound","Reprogram"],"picked":"Coolheaded+1","floor":18},{"not_picked":["Go for the Eyes","Leap","Heatsinks"],"picked":"SKIP","floor":22},{"not_picked":["Hello World","Steam"],"picked":"Darkness+1","floor":25},{"not_picked":["Steam","Conserve Battery"],"picked":"Undo","floor":29}],"player_experience":855233,"relics_obtained":[{"floor":9,"key":"MawBank"},{"floor":10,"key":"Bronze Scales"},{"floor":26,"key":"Happy Flower"}],"event_choices":[{"cards_removed":["Strike_B"],"damage_healed":0,"gold_gain":0,"player_choice":"Card Removal","damage_taken":0,"max_hp_gain":0,"max_hp_loss":0,"event_name":"The Cleric","floor":2,"gold_loss":50},{"damage_healed":0,"gold_gain":0,"player_choice":"Success","damage_taken":18,"relics_obtained":["Potion Belt"],"max_hp_gain":0,"max_hp_loss":0,"event_name":"Scrap Ooze","floor":3,"gold_loss":0},{"damage_healed":0,"gold_gain":0,"player_choice":"Left Gold","damage_taken":0,"max_hp_gain":0,"max_hp_loss":0,"event_name":"World of Goop","floor":4,"gold_loss":26},{"cards_removed":["Strike_B"],"damage_healed":0,"gold_gain":0,"player_choice":"Forget","damage_taken":0,"max_hp_gain":0,"max_hp_loss":0,"event_name":"Living Wall","floor":5,"gold_loss":0},{"damage_healed":0,"gold_gain":0,"player_choice":"Take Wound","damage_taken":0,"relics_obtained":["Golden Idol"],"max_hp_gain":0,"max_hp_loss":0,"event_name":"Golden Idol","floor":7,"gold_loss":0,"cards_obtained":["Injury"]},{"damage_healed":0,"gold_gain":0,"player_choice":"Ignored","damage_taken":0,"max_hp_gain":0,"max_hp_loss":0,"event_name":"Beggar","floor":20,"gold_loss":0},{"damage_healed":0,"gold_gain":0,"player_choice":"Paid Fearfully","damage_taken":0,"max_hp_gain":0,"max_hp_loss":0,"event_name":"Masked Bandits","floor":21,"gold_loss":27},{"damage_healed":0,"gold_gain":0,"player_choice":"Fight","damage_taken":0,"max_hp_gain":0,"max_hp_loss":0,"event_name":"Colosseum","floor":28,"gold_loss":0},{"damage_healed":0,"gold_gain":0,"player_choice":"Fled From Nobs","damage_taken":0,"max_hp_gain":0,"max_hp_loss":0,"event_name":"Colosseum","floor":28,"gold_loss":0}],"is_beta":false,"boss_relics":[{"not_picked":["Ectoplasm","Inserter"],"picked":"Nuclear Battery"}],"items_purged_floors":[],"is_endless":false,"potions_floor_spawned":[10,22,29],"killed_by":"Sentry and Sphere","ascension_level":7}