{"gold_per_floor":[113,124,89,104,104,135,135,135,187,187,362,386,386,417,417,417],"floor_reached":16,"playtime":457,"items_purged":[],"score":184,"play_id":"a39cbb2f-cc23-4a91-b210-7d40dd479ed0","local_time":"20190510212739","is_ascension_mode":true,"campfire_choices":[{"floor":7,"key":"REST"},{"floor":13,"key":"REST"},{"data":"Flame Barrier","floor":15,"key":"SMITH"}],"neow_cost":"CURSE","seed_source_timestamp":268440687605500,"circlet_count":0,"master_deck":["AscendersBane","Strike_R","Strike_R","Strike_R","Strike_R","Strike_R","Defend_R","Defend_R","Defend_R","Defend_R","Bash","Pummel","Whirlwind","Havoc","Doubt","Flame Barrier+1"],"relics":["Burning Blood","Golden Idol","Pen Nib","Red Skull","Pantograph"],"potions_floor_usage":[6,14,16],"damage_taken":[{"damage":14,"enemies":"2 Louse","floor":1,"turns":4},{"damage":18,"enemies":"Small Slimes","floor":2,"turns":5},{"damage":7,"enemies":"Jaw Worm","floor":4,"turns":3},{"damage":51,"enemies":"Gremlin Nob","floor":6,"turns":6},{"damage":5,"enemies":"2 Fungi Beasts","floor":12,"turns":3},{"damage":55,"enemies":"3 Sentries","floor":14,"turns":6},{"damage":70,"enemies":"Hexaghost","floor":16,"turns":9}],"seed_played":"8859851753134952429","potions_obtained":[{"floor":4,"key":"Weak Potion"},{"floor":6,"key":"Regen Potion"},{"floor":14,"key":"Strength Potion"}],"is_trial":false,"path_per_floor":["M","M","?","M","?","E","R","?","T","?","?","M","R","E","R","B"],"character_chosen":"IRONCLAD","items_purchased":[],"campfire_rested":2,"item_purchase_floors":[],"current_hp_per_floor":[74,62,84,83,61,16,42,47,47,47,47,48,76,42,42,0],"gold":417,"neow_bonus":"TWENTY_PERCENT_HP_BONUS","is_prod":false,"is_daily":false,"chose_seed":false,"campfire_upgraded":1,"win_rate":0,"timestamp":1557516459,"path_taken":["M","M","?","M","?","E","R","?","T","?","?","M","R","E","R","BOSS"],"build_version":"2019-01-23","purchased_purges":0,"victory":false,"max_hp_per_floor":[89,89,89,89,89,89,89,94,94,94,94,94,94,94,94,94],"card_choices":[{"not_picked":["Havoc","Shrug It Off"],"picked":"Pummel","floor":1},{"not_picked":["Armaments","Sword Boomerang"],"picked":"Whirlwind","floor":2},{"not_picked":["Searing Blow","Wild Strike"],"picked":"Havoc","floor":4},{"not_picked":["Clash","Dropkick","Reckless Charge"],"picked":"SKIP","floor":6},{"not_picked":["Carnage","Twin Strike","Armaments"],"picked":"SKIP","floor":12},{"not_picked":["Flex","Heavy Blade"],"picked":"Flame Barrier","floor":14}],"player_experience":1835757,"relics_obtained":[{"floor":6,"key":"Pen Nib"},{"floor":9,"key":"Red Skull"},{"floor":14,"key":"Pantograph"}],"event_choices":[{"damage_healed":22,"gold_gain":0,"player_choice":"Healed","damage_taken":0,"max_hp_gain":0,"max_hp_loss":0,"event_name":"The Cleric","floor":3,"gold_loss":35},{"damage_healed":0,"gold_gain":0,"player_choice":"Take Damage","damage_taken":22,"relics_obtained":["Golden Idol"],"max_hp_gain":0,"max_hp_loss":0,"event_name":"Golden Idol","floor":5,"gold_loss":0},{"damage_healed":0,"gold_gain":0,"player_choice":"Donut","damage_taken":0,"max_hp_gain":5,"max_hp_loss":0,"event_name":"Big Fish","floor":8,"gold_loss":0},{"cards_removed":["Writhe"],"damage_healed":0,"gold_gain":0,"player_choice":"Forget","damage_taken":0,"max_hp_gain":0,"max_hp_loss":0,"event_name":"Living Wall","floor":10,"gold_loss":0},{"damage_healed":0,"gold_gain":175,"player_choice":"AGREE","damage_taken":0,"max_hp_gain":0,"max_hp_loss":0,"event_name":"Liars Game","floor":11,"gold_loss":0,"cards_obtained":["Doubt"]}],"is_beta":false,"boss_relics":[],"items_purged_floors":[],"is_endless":false,"potions_floor_spawned":[4,6,14],"killed_by":"Hexaghost","ascension_level":14}