{"gold_per_floor":[109,109,184,184,69,69,100,100,100,134,134,134,177,198,198,327,327,327,6,0,0,0,0,0],"floor_reached":24,"playtime":1105,"items_purged":["Injury"],"score":301,"play_id":"14076edf-866a-44e8-81fa-34e68e463f32","local_time":"20190502230050","is_ascension_mode":true,"campfire_choices":[{"floor":6,"key":"REST"},{"data":"Quick Slash","floor":8,"key":"SMITH"},{"floor":15,"key":"REST"},{"floor":23,"key":"REST"}],"neow_cost":"CURSE","seed_source_timestamp":1865705871839600,"circlet_count":0,"master_deck":["Defend_G","Defend_G","Defend_G","Defend_G","Defend_G","Strike_G","Strike_G","Strike_G","Strike_G","Strike_G","Survivor","Neutralize","Quick Slash+1","Well Laid Plans","Riddle With Holes","Cloak And Dagger+1","Parasite","Dash","Flying Knee","Night Terror","Dodge and Roll","Dodge and Roll","Endless Agony","Dagger Spray"],"relics":["Ring of the Snake","StoneCalendar","Calipers","Golden Idol","The Courier","Darkstone Periapt","Vajra","Pear","Ectoplasm","Frozen Egg 2","Snake Skull"],"potions_floor_usage":[24],"damage_taken":[{"damage":0,"enemies":"2 Louse","floor":1,"turns":4},{"damage":14,"enemies":"3 Sentries","floor":7,"turns":7},{"damage":24,"enemies":"Lagavulin","floor":10,"turns":7},{"damage":23,"enemies":"Gremlin Nob","floor":13,"turns":4},{"damage":4,"enemies":"Small Slimes","floor":14,"turns":3},{"damage":19,"enemies":"Slime Boss","floor":16,"turns":7},{"damage":2,"enemies":"Chosen","floor":18,"turns":4},{"damage":17,"enemies":"2 Thieves","floor":20,"turns":4},{"damage":10,"enemies":"Snecko","floor":21,"turns":6},{"damage":27,"enemies":"Centurion and Healer","floor":22,"turns":7},{"damage":13,"enemies":"Gremlin Leader","floor":24,"turns":6}],"seed_played":"-8100917764481403405","potions_obtained":[{"floor":7,"key":"GamblersBrew"},{"floor":10,"key":"Dexterity Potion"},{"floor":22,"key":"Ancient Potion"}],"is_trial":false,"path_per_floor":["M","?","?","?","$","R","E","R","T","E","?","?","E","M","R","B",null,"M","$","M","M","M","R","E"],"character_chosen":"THE_SILENT","items_purchased":["Well Laid Plans","Frozen Egg 2","Snake Skull"],"campfire_rested":3,"item_purchase_floors":[5,19,19],"current_hp_per_floor":[63,56,45,28,28,49,35,35,35,11,11,34,21,17,42,23,70,68,68,51,41,14,39,26],"gold":0,"neow_bonus":"ONE_RARE_RELIC","is_prod":false,"is_daily":false,"chose_seed":false,"campfire_upgraded":1,"win_rate":0,"timestamp":1556863250,"path_taken":["M","?","?","?","$","R","E","R","T","E","?","?","E","M","R","BOSS","M","$","M","M","M","R","E"],"build_version":"2019-01-23","purchased_purges":1,"victory":false,"max_hp_per_floor":[70,70,70,70,70,70,70,70,70,70,70,76,86,86,86,86,86,86,86,86,86,86,86,86],"card_choices":[{"not_picked":["Concentrate","Dodge and Roll"],"picked":"Quick Slash","floor":1},{"not_picked":["Bullet Time","Underhanded Strike"],"picked":"Riddle With Holes","floor":7},{"not_picked":["Acrobatics","Endless Agony"],"picked":"Cloak And Dagger","floor":10},{"not_picked":["All Out Attack","Dagger Spray"],"picked":"Dash","floor":13},{"not_picked":["Bane","Eviscerate"],"picked":"Flying Knee","floor":14},{"not_picked":["Grand Finale","Venomology"],"picked":"Night Terror","floor":16},{"not_picked":["Riddle With Holes","Catalyst+1"],"picked":"Dodge and Roll","floor":18},{"not_picked":["Dagger Throw+1","Slice"],"picked":"Dodge and Roll","floor":20},{"not_picked":["Bane","Sucker Punch"],"picked":"Endless Agony","floor":21},{"not_picked":["Outmaneuver","PiercingWail"],"picked":"Dagger Spray","floor":22}],"player_experience":422961,"relics_obtained":[{"floor":7,"key":"The Courier"},{"floor":9,"key":"Darkstone Periapt"},{"floor":10,"key":"Vajra"},{"floor":13,"key":"Pear"}],"event_choices":[{"damage_healed":0,"gold_gain":0,"player_choice":"Success","damage_taken":7,"relics_obtained":["Calipers"],"max_hp_gain":0,"max_hp_loss":0,"event_name":"Scrap Ooze","floor":2,"gold_loss":0},{"damage_healed":0,"gold_gain":75,"player_choice":"Gather Gold","damage_taken":11,"max_hp_gain":0,"max_hp_loss":0,"event_name":"World of Goop","floor":3,"gold_loss":0},{"damage_healed":0,"gold_gain":0,"player_choice":"Take Damage","damage_taken":17,"relics_obtained":["Golden Idol"],"max_hp_gain":0,"max_hp_loss":0,"event_name":"Golden Idol","floor":4,"gold_loss":0},{"damage_healed":0,"gold_gain":0,"player_choice":"Grow","damage_taken":0,"max_hp_gain":0,"max_hp_loss":0,"event_name":"Living Wall","floor":11,"gold_loss":0,"cards_upgraded":["Cloak And Dagger"]},{"damage_healed":17,"gold_gain":0,"player_choice":"Healed and dodged fight","damage_taken":0,"max_hp_gain":0,"max_hp_loss":0,"event_name":"Mushrooms","floor":12,"gold_loss":0,"cards_obtained":["Parasite"]}],"is_beta":false,"boss_relics":[{"not_picked":["Runic Pyramid","HoveringKite"],"picked":"Ectoplasm"}],"items_purged_floors":[5],"is_endless":false,"potions_floor_spawned":[7,10,22],"killed_by":"Gremlin Leader","ascension_level":6}