{"gold_per_floor":[111,286,30,30,40,40,40,70,93,93,111,138,98,118,118,118],"floor_reached":16,"playtime":422,"items_purged":[],"score":178,"play_id":"9e0ff30d-a552-4608-8f95-d544e9c85429","local_time":"20190409223400","is_ascension_mode":true,"campfire_choices":[{"floor":6,"key":"REST"},{"data":"Enlightenment","floor":10,"key":"SMITH"},{"floor":15,"key":"REST"}],"neow_cost":"CURSE","seed_source_timestamp":700348268200,"circlet_count":0,"master_deck":["AscendersBane","Strike_R","Strike_R","Strike_R","Strike_R","Strike_R+1","Defend_R","Defend_R","Defend_R+1","Defend_R","Bash","Shame","Demon Form","Perfected Strike","Enlightenment+1","Mayhem","Headbutt","Bludgeon","Perfected Strike","Headbutt"],"relics":["Burning Blood","Happy Flower","Strawberry","Bottled Tornado"],"potions_floor_usage":[8,14,16,16,16,16,16],"damage_taken":[{"damage":13,"enemies":"Jaw Worm","floor":1,"turns":5},{"damage":4,"enemies":"2 Louse","floor":5,"turns":3},{"damage":26,"enemies":"Gremlin Nob","floor":8,"turns":4},{"damage":0,"enemies":"Small Slimes","floor":11,"turns":2},{"damage":34,"enemies":"Lagavulin","floor":12,"turns":5},{"damage":0,"enemies":"Exordium Wildlife","floor":14,"turns":2},{"damage":74,"enemies":"The Guardian","floor":16,"turns":8}],"seed_played":"-7342139093341242555","potions_obtained":[{"floor":5,"key":"SteroidPotion"},{"floor":12,"key":"Dexterity Potion"},{"floor":13,"key":"EntropicBrew"},{"floor":13,"key":"Fire Potion"},{"floor":14,"key":"EntropicBrew"}],"is_trial":false,"path_per_floor":["M","?","$","?","M","R","?","E","T","R","M","E","?","M","R","B"],"character_chosen":"IRONCLAD","items_purchased":["Enlightenment","Mayhem"],"campfire_rested":2,"item_purchase_floors":[3,3],"current_hp_per_floor":[65,65,65,49,51,75,75,55,62,62,68,40,40,46,72,0],"gold":118,"neow_bonus":"THREE_RARE_CARDS","is_prod":false,"is_daily":false,"chose_seed":false,"campfire_upgraded":1,"win_rate":0,"timestamp":1554842040,"path_taken":["M","?","$","?","?","R","?","E","T","R","M","E","?","M","R","BOSS"],"build_version":"2019-01-23","purchased_purges":0,"victory":false,"max_hp_per_floor":[80,80,80,80,80,80,80,80,87,87,87,87,87,87,87,87],"card_choices":[{"not_picked":["Berserk","Limit Break"],"picked":"Demon Form","floor":0},{"not_picked":["Havoc","Uppercut"],"picked":"Perfected Strike","floor":1},{"not_picked":["Body Slam","Infernal Blade"],"picked":"Headbutt","floor":5},{"not_picked":["Sever Soul","Havoc"],"picked":"Bludgeon","floor":8},{"not_picked":["Cleave","Headbutt"],"picked":"Perfected Strike","floor":11},{"not_picked":["Cleave","Bloodletting","Clash"],"picked":"SKIP","floor":12},{"not_picked":["Anger","Inflame"],"picked":"Headbutt","floor":14}],"player_experience":1629051,"relics_obtained":[{"floor":8,"key":"Happy Flower"},{"floor":9,"key":"Strawberry"},{"floor":12,"key":"Bottled Tornado"}],"event_choices":[{"damage_healed":0,"gold_gain":175,"player_choice":"AGREE","damage_taken":0,"max_hp_gain":0,"max_hp_loss":0,"event_name":"Liars Game","floor":2,"gold_loss":0,"cards_obtained":["Doubt"]},{"damage_healed":0,"gold_gain":0,"player_choice":"Entered Light","damage_taken":16,"max_hp_gain":0,"max_hp_loss":0,"event_name":"Shining Light","floor":4,"gold_loss":0,"cards_upgraded":["Strike_R","Defend_R"]},{"cards_removed":["Doubt"],"damage_healed":0,"gold_gain":0,"player_choice":"Forget","damage_taken":0,"max_hp_gain":0,"max_hp_loss":0,"event_name":"Living Wall","floor":7,"gold_loss":0},{"damage_healed":0,"gold_gain":0,"player_choice":"Bought 3 Potions","damage_taken":0,"max_hp_gain":0,"max_hp_loss":0,"event_name":"The Woman in Blue","floor":13,"gold_loss":0}],"is_beta":false,"boss_relics":[],"items_purged_floors":[],"is_endless":false,"potions_floor_spawned":[5,12,14],"killed_by":"The Guardian","ascension_level":13}