{"gold_per_floor":[109,109,74,94,110,140,140,140,140,152,167,181,146,158,158,263,263,275,275],"floor_reached":19,"playtime":1150,"items_purged":[],"score":216,"play_id":"a0bc5d4a-a172-41f6-bfcc-e74295e66d19","local_time":"20181030164824","is_ascension_mode":true,"campfire_choices":[{"floor":7,"key":"REST"},{"floor":15,"key":"REST"}],"neow_cost":"NONE","seed_source_timestamp":69934838696800,"circlet_count":0,"master_deck":["Defend_G","Defend_G","Defend_G","Defend_G","Defend_G","Strike_G","Strike_G+1","Survivor","Neutralize+1","Accuracy","Backflip","Dagger Throw","Quick Slash","Burst","Flechettes+1","Wraith Form v2+1","Escape Plan+1"],"relics":["Busted Crown","StoneCalendar","Bird Faced Urn","Darkstone Periapt","Astrolabe"],"potions_floor_usage":[6,13,18],"damage_taken":[{"damage":0,"enemies":"Small Slimes","floor":1,"turns":3},{"damage":0,"enemies":"Jaw Worm","floor":4,"turns":4},{"damage":0,"enemies":"Cultist","floor":5,"turns":4},{"damage":37,"enemies":"3 Sentries","floor":6,"turns":13},{"damage":9,"enemies":"Exordium Wildlife","floor":10,"turns":7},{"damage":10,"enemies":"Large Slime","floor":11,"turns":7},{"damage":0,"enemies":"Looter","floor":12,"turns":4},{"damage":3,"enemies":"Exordium Thugs","floor":13,"turns":5},{"damage":0,"enemies":"Large Slime","floor":14,"turns":7},{"damage":34,"enemies":"Hexaghost","floor":16,"turns":14},{"damage":0,"enemies":"Spheric Guardian","floor":18,"turns":6},{"damage":64,"enemies":"Masked Bandits","floor":19,"turns":7}],"seed_played":"-4934139974104992755","potions_obtained":[{"floor":1,"key":"FearPotion"},{"floor":10,"key":"FearPotion"},{"floor":16,"key":"Energy Potion"}],"is_trial":false,"path_per_floor":["M","?","$","M","M","E","R","?","T","M","M","M","M","M","R","B",null,"M"],"character_chosen":"THE_SILENT","items_purchased":["Accuracy"],"campfire_rested":2,"item_purchase_floors":[3],"current_hp_per_floor":[70,56,56,56,56,19,40,28,28,21,13,13,12,14,35,3,53,57,0],"gold":275,"neow_bonus":"BOSS_RELIC","is_prod":false,"is_daily":false,"chose_seed":false,"campfire_upgraded":0,"win_rate":0,"timestamp":1540914504,"path_taken":["M","?","?","?","M","E","R","?","T","M","M","M","M","M","R","BOSS","M","?"],"build_version":"2018-10-25v2","purchased_purges":0,"victory":false,"max_hp_per_floor":[70,70,70,70,70,70,70,70,70,70,70,70,70,70,70,70,70,70,70],"card_choices":[{"not_picked":["Predator"],"picked":"SKIP","floor":1},{"not_picked":["Leg Sweep"],"picked":"SKIP","floor":4},{"not_picked":[],"picked":"Backflip","floor":5},{"not_picked":["Escape Plan"],"picked":"SKIP","floor":6},{"not_picked":["Deadly Poison"],"picked":"SKIP","floor":10},{"not_picked":["Poisoned Stab"],"picked":"SKIP","floor":11},{"not_picked":["Deflect"],"picked":"SKIP","floor":12},{"not_picked":[],"picked":"Dagger Throw","floor":13},{"not_picked":[],"picked":"Quick Slash","floor":14},{"not_picked":[],"picked":"Burst","floor":16},{"not_picked":["Dagger Throw"],"picked":"SKIP","floor":18}],"player_experience":814915,"relics_obtained":[{"floor":6,"key":"StoneCalendar"},{"floor":9,"key":"Darkstone Periapt"}],"event_choices":[{"damage_healed":0,"gold_gain":0,"player_choice":"Entered Light","damage_taken":14,"max_hp_gain":0,"max_hp_loss":0,"event_name":"Shining Light","floor":2,"gold_loss":0,"cards_upgraded":["Strike_G","Neutralize"]},{"damage_healed":0,"gold_gain":0,"player_choice":"Success","damage_taken":12,"relics_obtained":["Bird Faced Urn"],"max_hp_gain":0,"max_hp_loss":0,"event_name":"Scrap Ooze","floor":8,"gold_loss":0},{"damage_healed":0,"gold_gain":0,"player_choice":"Fought Bandits","damage_taken":0,"max_hp_gain":0,"max_hp_loss":0,"event_name":"Masked Bandits","floor":19,"gold_loss":0}],"is_beta":false,"boss_relics":[{"not_picked":["Empty Cage","Coffee Dripper"],"picked":"Astrolabe"}],"items_purged_floors":[],"is_endless":false,"potions_floor_spawned":[1,10,16],"killed_by":"Masked Bandits","ascension_level":5}