{"gold_per_floor":[114,130,143,143,159,194,194,214,214,214,241,241,255,274,274,379,379,391,411,411,17,30,30,30],"floor_reached":24,"playtime":1283,"items_purged":[],"score":210,"play_id":"8169b4b7-9f57-4b40-8aba-00c847cb05ed","local_time":"20190305223438","is_ascension_mode":false,"campfire_choices":[{"floor":7,"key":"REST"},{"floor":10,"key":"REST"},{"data":"1","floor":12,"key":"LIFT"},{"floor":15,"key":"REST"},{"data":"2","floor":23,"key":"LIFT"}],"neow_cost":"CURSE","seed_source_timestamp":2310750241640,"circlet_count":0,"master_deck":["Defend_G","Defend_G","Defend_G","Defend_G","Defend_G","Strike_G","Strike_G","Strike_G","Strike_G","Strike_G","Survivor","Neutralize","Riddle With Holes","PiercingWail","Quick Slash","Dodge and Roll","Bouncing Flask","Dash","Caltrops","Poisoned Stab","Glass Knife","Blade Dance","Acrobatics+1","Bandage Up","Dash","Dagger Throw"],"relics":["Ring of the Snake","Girya","Strawberry","Bottled Flame","Vajra","WristBlade","Ornamental Fan"],"potions_floor_usage":[6,8,11,11,16,22,22,24],"damage_taken":[{"damage":3,"enemies":"Cultist","floor":1,"turns":6},{"damage":5,"enemies":"Jaw Worm","floor":2,"turns":4},{"damage":2,"enemies":"Small Slimes","floor":3,"turns":4},{"damage":3,"enemies":"Red Slaver","floor":5,"turns":4},{"damage":60,"enemies":"Lagavulin","floor":6,"turns":10},{"damage":20,"enemies":"Exordium Wildlife","floor":8,"turns":9},{"damage":17,"enemies":"3 Sentries","floor":11,"turns":7},{"damage":0,"enemies":"Lots of Slimes","floor":13,"turns":4},{"damage":5,"enemies":"Exordium Thugs","floor":14,"turns":4},{"damage":16,"enemies":"Hexaghost","floor":16,"turns":10},{"damage":11,"enemies":"Shell Parasite","floor":18,"turns":8},{"damage":2,"enemies":"Chosen","floor":19,"turns":4},{"damage":22,"enemies":"Centurion and Healer","floor":22,"turns":9},{"damage":50,"enemies":"Gremlin Leader","floor":24,"turns":4}],"seed_played":"-6660199511704656715","potions_obtained":[{"floor":4,"key":"Dexterity Potion"},{"floor":4,"key":"Regen Potion"},{"floor":4,"key":"Energy Potion"},{"floor":5,"key":"Regen Potion"},{"floor":6,"key":"Fire Potion"},{"floor":8,"key":"LiquidBronze"},{"floor":11,"key":"Energy Potion"},{"floor":16,"key":"AttackPotion"},{"floor":22,"key":"Block Potion"}],"is_trial":false,"path_per_floor":["M","M","M","?","M","E","R","M","T","R","E","R","M","M","R","B",null,"M","M","?","$","M","R","E"],"character_chosen":"THE_SILENT","items_purchased":["Ornamental Fan","Bandage Up","Dash"],"campfire_rested":3,"item_purchase_floors":[21,21,21],"current_hp_per_floor":[67,62,60,60,57,19,42,37,37,60,43,43,43,38,61,45,77,66,64,64,64,46,46,0],"gold":30,"neow_bonus":"ONE_RARE_RELIC","is_prod":false,"is_daily":false,"chose_seed":false,"campfire_upgraded":0,"win_rate":0,"timestamp":1551854078,"path_taken":["M","?","M","?","M","E","R","M","T","R","E","R","?","?","R","BOSS","M","M","?","$","M","R","E"],"build_version":"2019-01-23","purchased_purges":0,"victory":false,"max_hp_per_floor":[70,70,70,70,70,77,77,77,77,77,77,77,77,77,77,77,77,77,77,77,77,77,77,77],"card_choices":[{"not_picked":["Outmaneuver","Infinite Blades"],"picked":"Riddle With Holes","floor":1},{"not_picked":["Deadly Poison","Setup"],"picked":"PiercingWail","floor":2},{"not_picked":["Sucker Punch","Choke","Flechettes"],"picked":"SKIP","floor":3},{"not_picked":["Distraction","Flechettes"],"picked":"Quick Slash","floor":5},{"not_picked":["Prepared","Heel Hook"],"picked":"Dodge and Roll","floor":6},{"not_picked":["Endless Agony","Skewer"],"picked":"Bouncing Flask","floor":8},{"not_picked":["Wraith Form v2","Dodge and Roll"],"picked":"Dash","floor":11},{"not_picked":["Dodge and Roll","Poisoned Stab"],"picked":"Caltrops","floor":13},{"not_picked":["Deadly Poison","Bane"],"picked":"Poisoned Stab","floor":14},{"not_picked":["Bullet Time","Malaise"],"picked":"Glass Knife","floor":16},{"not_picked":["Sucker Punch","Riddle With Holes"],"picked":"Blade Dance","floor":18},{"not_picked":["Caltrops+1","Deflect"],"picked":"Acrobatics+1","floor":19},{"not_picked":["Flying Knee","Prepared"],"picked":"Dagger Throw","floor":22}],"player_experience":274064,"relics_obtained":[{"floor":6,"key":"Strawberry"},{"floor":9,"key":"Bottled Flame"},{"floor":11,"key":"Vajra"}],"event_choices":[{"damage_healed":0,"gold_gain":0,"player_choice":"Got Potions","damage_taken":0,"max_hp_gain":0,"max_hp_loss":0,"event_name":"Lab","floor":4,"gold_loss":0},{"cards_removed":["Clumsy"],"damage_healed":0,"gold_gain":0,"player_choice":"Purged","damage_taken":0,"max_hp_gain":0,"max_hp_loss":0,"event_name":"Purifier","floor":20,"gold_loss":0}],"is_beta":false,"boss_relics":[{"not_picked":["Velvet Choker","Astrolabe"],"picked":"WristBlade"}],"items_purged_floors":[],"is_endless":false,"potions_floor_spawned":[5,6,8,11,16,22],"killed_by":"Gremlin Leader","ascension_level":0}