{"gold_per_floor":[118,118,118,43,118,118,151,151,151,181,12,42,14,14,14,90,90,110,10,23,223,6,6,23,33,33,0,0,0],"floor_reached":29,"playtime":3974,"items_purged":["Strike_G","Setup"],"score":513,"play_id":"f805e873-1921-4bcb-82dc-532804af41c8","local_time":"20190506122619","is_ascension_mode":true,"campfire_choices":[{"data":"Terror","floor":6,"key":"SMITH"},{"data":"Dagger Spray","floor":8,"key":"SMITH"},{"data":"Bouncing Flask","floor":15,"key":"SMITH"},{"data":"After Image","floor":23,"key":"SMITH"}],"neow_cost":"NONE","seed_source_timestamp":18878767063324,"circlet_count":0,"master_deck":["AscendersBane","Survivor","Neutralize","Terror+1","Tools of the Trade","Dagger Spray+1","Backflip","Bouncing Flask+1","Footwork","Catalyst","Acrobatics","After Image+1","Choke","Storm of Steel","All Out Attack","Tactician","Calculated Gamble","Tactician","Blur","Reflex","After Image","Blur","Dagger Spray","Dash","Decay"],"relics":["Ring of the Snake","NeowsBlessing","Snake Skull","Bottled Lightning","Bag of Marbles","Gambling Chip","Pandora\u0027s Box","Oddly Smooth Stone"],"potions_floor_usage":[16,20,20],"damage_taken":[{"damage":0,"enemies":"Jaw Worm","floor":1,"turns":1},{"damage":0,"enemies":"3 Sentries","floor":7,"turns":2},{"damage":0,"enemies":"Lagavulin","floor":10,"turns":1},{"damage":3,"enemies":"3 Sentries","floor":12,"turns":7},{"damage":8,"enemies":"Hexaghost","floor":16,"turns":5},{"damage":0,"enemies":"Chosen","floor":18,"turns":3},{"damage":0,"enemies":"Spheric Guardian","floor":20,"turns":1},{"damage":25,"enemies":"Snake Plant","floor":24,"turns":4},{"damage":25,"enemies":"Sentry and Sphere","floor":25,"turns":7},{"damage":3,"enemies":"Shelled Parasite and Fungi","floor":29,"turns":5}],"seed_played":"8829002385472121368","potions_obtained":[{"floor":1,"key":"FearPotion"},{"floor":12,"key":"LiquidBronze"},{"floor":16,"key":"Poison Potion"}],"is_trial":false,"path_per_floor":["M","?","?","$","?","R","E","R","T","E","$","E","$","?","R","B",null,"M","$","M","?","$","R","M","M","T","?","?","M"],"character_chosen":"THE_SILENT","items_purchased":["Bouncing Flask","Footwork","Acrobatics","After Image","Blur"],"campfire_rested":0,"item_purchase_floors":[11,11,13,22,22],"current_hp_per_floor":[59,59,39,39,28,28,28,28,28,28,28,25,25,25,25,17,54,54,54,54,54,54,54,29,4,4,4,4,1],"gold":0,"neow_bonus":"THREE_ENEMY_KILL","is_prod":false,"is_daily":false,"chose_seed":false,"campfire_upgraded":4,"win_rate":0,"timestamp":1557170779,"path_taken":["M","?","?","?","?","R","E","R","T","E","?","E","$","?","R","BOSS","M","$","M","?","$","R","M","?","T","?","?","?"],"build_version":"2019-01-23","purchased_purges":2,"victory":false,"max_hp_per_floor":[66,66,66,66,66,66,66,66,66,66,66,66,66,66,66,66,66,66,66,66,66,66,66,66,66,66,66,66,66],"card_choices":[{"not_picked":["Prepared","Calculated Gamble"],"picked":"Terror","floor":1},{"not_picked":["Caltrops","Sucker Punch"],"picked":"Dagger Spray","floor":7},{"not_picked":["Setup","Flying Knee"],"picked":"Backflip","floor":10},{"not_picked":["Underhanded Strike","Acrobatics"],"picked":"Catalyst","floor":12},{"not_picked":["Envenom","Die Die Die"],"picked":"After Image","floor":16},{"not_picked":["Blade Dance","Bane","Outmaneuver+1"],"picked":"SKIP","floor":18},{"not_picked":["Underhanded Strike","Setup"],"picked":"Reflex","floor":20},{"not_picked":["Quick Slash+1","Backstab"],"picked":"Dagger Spray","floor":24},{"not_picked":["Quick Slash","Slice+1"],"picked":"Dash","floor":25}],"player_experience":1612576,"relics_obtained":[{"floor":7,"key":"Snake Skull"},{"floor":9,"key":"Bottled Lightning"},{"floor":10,"key":"Bag of Marbles"},{"floor":12,"key":"Gambling Chip"},{"floor":26,"key":"Oddly Smooth Stone"}],"event_choices":[{"damage_healed":0,"gold_gain":0,"cards_transformed":["Strike_G"],"player_choice":"Change","damage_taken":0,"max_hp_gain":0,"max_hp_loss":0,"event_name":"Living Wall","floor":2,"gold_loss":0,"cards_obtained":["Tools of the Trade"]},{"damage_healed":0,"gold_gain":0,"player_choice":"Entered Light","damage_taken":20,"max_hp_gain":0,"max_hp_loss":0,"event_name":"Shining Light","floor":3,"gold_loss":0,"cards_upgraded":["Defend_G","Defend_G"]},{"damage_healed":0,"gold_gain":75,"player_choice":"Gather Gold","damage_taken":11,"max_hp_gain":0,"max_hp_loss":0,"event_name":"World of Goop","floor":5,"gold_loss":0},{"damage_healed":0,"gold_gain":0,"player_choice":"Fled","damage_taken":0,"max_hp_gain":0,"max_hp_loss":0,"event_name":"Scrap Ooze","floor":14,"gold_loss":0},{"damage_healed":0,"gold_gain":200,"player_choice":"Gold","damage_taken":0,"max_hp_gain":0,"max_hp_loss":0,"event_name":"Wheel of Change","floor":21,"gold_loss":0},{"damage_healed":0,"gold_gain":0,"player_choice":"Paid Fearfully","damage_taken":0,"max_hp_gain":0,"max_hp_loss":0,"event_name":"Masked Bandits","floor":27,"gold_loss":33},{"damage_healed":0,"gold_gain":0,"player_choice":"Smashed Altar","damage_taken":0,"max_hp_gain":0,"max_hp_loss":0,"event_name":"Forgotten Altar","floor":28,"gold_loss":0,"cards_obtained":["Decay"]}],"is_beta":false,"boss_relics":[{"not_picked":["Sozu","White Beast Statue"],"picked":"Pandora\u0027s Box"}],"items_purged_floors":[4,19],"is_endless":false,"potions_floor_spawned":[1,12,16],"killed_by":"Shelled Parasite and Fungi","ascension_level":16}