{"gold_per_floor":[111,111,111,26,51,51,51,14,14,14,27,67,19,33,33,154,154,173,83,8,26,39,39,39,39,39,39,39,39,52,71,71,71],"floor_reached":33,"playtime":1383,"items_purged":["Strike_R"],"score":465,"play_id":"aa05cc63-47a8-47a9-adfc-400a4d8d7514","local_time":"20190127144447","is_ascension_mode":true,"campfire_choices":[{"floor":6,"key":"REST"},{"floor":10,"key":"REST"},{"floor":15,"key":"REST"},{"floor":23,"key":"REST"},{"floor":32,"key":"REST"}],"neow_cost":"NONE","seed_source_timestamp":334127854767300,"circlet_count":0,"master_deck":["AscendersBane","Strike_R+1","Strike_R+1","Strike_R","Defend_R","Defend_R","Defend_R","Defend_R+1","Bash+1","Forethought","Headbutt","Discovery","Shockwave","Second Wind","Dropkick","Immolate","Disarm","Juggernaut+1","Thunderclap","Shrug It Off+1","Armaments","Shame","Inflame+1","Feel No Pain"],"relics":["Burning Blood","Golden Idol","Sundial","Gremlin Horn","Whetstone","Black Star","Pear","Enchiridion","Lantern"],"potions_floor_usage":[11,16,22,31,33,33,33],"damage_taken":[{"damage":1,"enemies":"Cultist","floor":1,"turns":3},{"damage":13,"enemies":"Small Slimes","floor":5,"turns":3},{"damage":12,"enemies":"Jaw Worm","floor":11,"turns":3},{"damage":28,"enemies":"Gremlin Nob","floor":12,"turns":5},{"damage":10,"enemies":"Exordium Wildlife","floor":14,"turns":4},{"damage":2,"enemies":"Slime Boss","floor":16,"turns":5},{"damage":18,"enemies":"Chosen","floor":18,"turns":5},{"damage":8,"enemies":"Shell Parasite","floor":21,"turns":5},{"damage":51,"enemies":"Snake Plant","floor":22,"turns":6},{"damage":1,"enemies":"Shelled Parasite and Fungi","floor":30,"turns":5},{"damage":12,"enemies":"Cultist and Chosen","floor":31,"turns":5},{"damage":98,"enemies":"Champ","floor":33,"turns":11}],"seed_played":"8978615271864353407","potions_obtained":[{"floor":5,"key":"Swift Potion"},{"floor":12,"key":"Regen Potion"},{"floor":16,"key":"BloodPotion"},{"floor":18,"key":"Fruit Juice"},{"floor":30,"key":"EssenceOfSteel"},{"floor":31,"key":"Block Potion"}],"is_trial":false,"path_per_floor":["M","?","?","$","M","R","?","$","T","R","M","E","$","M","R","B",null,"M","?","$","M","M","R","?","$","T","?","?","$","M","M","R","B"],"character_chosen":"IRONCLAD","items_purchased":["Discovery","Second Wind","AttackPotion"],"campfire_rested":5,"item_purchase_floors":[4,8,13],"current_hp_per_floor":[77,57,41,41,34,58,46,46,46,70,64,42,42,38,62,66,77,65,65,65,63,23,48,48,48,58,42,42,42,47,41,69,0],"gold":71,"neow_bonus":"RANDOM_COLORLESS","is_prod":false,"is_daily":false,"chose_seed":false,"campfire_upgraded":0,"win_rate":0,"timestamp":1548596687,"path_taken":["M","?","?","?","?","R","?","$","T","R","M","E","?","M","R","BOSS","M","?","$","M","?","R","?","$","T","?","?","$","M","M","R","BOSS"],"build_version":"2019-01-23","purchased_purges":1,"victory":false,"max_hp_per_floor":[80,80,80,80,80,80,80,80,80,80,80,80,80,80,80,80,80,80,80,80,80,85,85,85,85,95,95,95,95,95,95,95,95],"card_choices":[{"not_picked":["Wild Strike","Cleave"],"picked":"Headbutt","floor":1},{"not_picked":["Flex","Bloodletting"],"picked":"Shockwave","floor":5},{"not_picked":["Armaments","Clothesline"],"picked":"Dropkick","floor":11},{"not_picked":["Clothesline","Uppercut"],"picked":"Immolate","floor":12},{"not_picked":["Iron Wave","Shrug It Off"],"picked":"Disarm","floor":14},{"not_picked":["Impervious","Offering"],"picked":"Juggernaut","floor":16},{"not_picked":["Twin Strike","Fire Breathing"],"picked":"Thunderclap","floor":18},{"not_picked":["Second Wind+1","Armaments"],"picked":"Shrug It Off+1","floor":21},{"not_picked":["Dropkick","Flex"],"picked":"Armaments","floor":22},{"not_picked":["Fiend Fire","Armaments"],"picked":"Inflame+1","floor":30},{"not_picked":["True Grit","Disarm"],"picked":"Feel No Pain","floor":31}],"player_experience":1334464,"relics_obtained":[{"floor":9,"key":"Gremlin Horn"},{"floor":12,"key":"Whetstone"},{"floor":26,"key":"Pear"},{"floor":27,"key":"Enchiridion"}],"event_choices":[{"damage_healed":0,"gold_gain":0,"player_choice":"Take Damage","damage_taken":20,"relics_obtained":["Golden Idol"],"max_hp_gain":0,"max_hp_loss":0,"event_name":"Golden Idol","floor":2,"gold_loss":0},{"damage_healed":0,"gold_gain":0,"player_choice":"Entered Light","damage_taken":16,"max_hp_gain":0,"max_hp_loss":0,"event_name":"Shining Light","floor":3,"gold_loss":0,"cards_upgraded":["Strike_R","Defend_R"]},{"damage_healed":0,"gold_gain":0,"player_choice":"Success","damage_taken":12,"relics_obtained":["Sundial"],"max_hp_gain":0,"max_hp_loss":0,"event_name":"Scrap Ooze","floor":7,"gold_loss":0},{"cards_removed":["Strike_R"],"damage_healed":0,"gold_gain":0,"player_choice":"Upgrade and Remove","damage_taken":0,"max_hp_gain":0,"max_hp_loss":0,"event_name":"Designer","floor":19,"gold_loss":90,"cards_upgraded":["Juggernaut"]},{"damage_healed":0,"gold_gain":0,"player_choice":"Ignored","damage_taken":0,"max_hp_gain":0,"max_hp_loss":0,"event_name":"Vampires","floor":24,"gold_loss":0},{"damage_healed":0,"gold_gain":0,"player_choice":"Obtained Book","damage_taken":16,"max_hp_gain":0,"max_hp_loss":0,"event_name":"Cursed Tome","floor":27,"gold_loss":0},{"damage_healed":0,"gold_gain":0,"player_choice":"Stole Relic","damage_taken":0,"relics_obtained":["Lantern"],"max_hp_gain":0,"max_hp_loss":0,"event_name":"Addict","floor":28,"gold_loss":0,"cards_obtained":["Shame"]}],"is_beta":false,"boss_relics":[{"not_picked":["Coffee Dripper","Lizard Tail"],"picked":"Black Star"}],"items_purged_floors":[20],"is_endless":false,"potions_floor_spawned":[5,12,16,18,30,31],"killed_by":"Champ","ascension_level":10}