{"gold_per_floor":[111,41,60,71,71,71,98,115,190,190,210,210,235,90,90,187,187,200,218,39,49,49,81,81,181,181,181,200,200,27,47,47,47],"floor_reached":33,"playtime":2144,"items_purged":["Strike_B","Doubt"],"score":385,"play_id":"e9839816-95ab-4aab-88ea-fb446d1ccd35","local_time":"20190511102808","is_ascension_mode":true,"campfire_choices":[{"data":"Zap","floor":6,"key":"SMITH"},{"data":"Glacier","floor":12,"key":"SMITH"},{"floor":15,"key":"REST"},{"data":"Biased Cognition","floor":24,"key":"SMITH"},{"data":"Sunder","floor":27,"key":"SMITH"},{"data":"Coolheaded","floor":32,"key":"SMITH"}],"neow_cost":"CURSE","seed_source_timestamp":608507713037600,"circlet_count":0,"master_deck":["Strike_B","Strike_B","Strike_B","Defend_B","Defend_B","Defend_B","Defend_B","Zap+1","Dualcast","Cold Snap","Genetic Algorithm","FTL","Ball Lightning+1","Hologram","Coolheaded+1","Glacier+1","Sunder+1","Tempest","Biased Cognition+1","Turbo","Chaos+1","Glacier","Double Energy","Glacier","Rebound","Doubt","Go for the Eyes","Decay","Master of Strategy+1","Stack+1"],"relics":["Cracked Core","StoneCalendar","Bird Faced Urn","Ornamental Fan","Happy Flower","Cursed Key","PreservedInsect","Unceasing Top","Pear","Toxic Egg 2"],"potions_floor_usage":[13,23,23,33],"damage_taken":[{"damage":0,"enemies":"2 Louse","floor":1,"turns":2},{"damage":6,"enemies":"Jaw Worm","floor":3,"turns":4},{"damage":0,"enemies":"Cultist","floor":4,"turns":3},{"damage":26,"enemies":"3 Sentries","floor":7,"turns":7},{"damage":0,"enemies":"Large Slime","floor":8,"turns":4},{"damage":2,"enemies":"Looter","floor":11,"turns":3},{"damage":12,"enemies":"Gremlin Nob","floor":13,"turns":4},{"damage":26,"enemies":"Hexaghost","floor":16,"turns":10},{"damage":1,"enemies":"Spheric Guardian","floor":18,"turns":3},{"damage":6,"enemies":"Shell Parasite","floor":19,"turns":5},{"damage":2,"enemies":"Shelled Parasite and Fungi","floor":21,"turns":4},{"damage":34,"enemies":"Slavers","floor":23,"turns":6},{"damage":1,"enemies":"Colosseum Slavers","floor":25,"turns":6},{"damage":0,"enemies":"Colosseum Nobs","floor":25,"turns":4},{"damage":5,"enemies":"Centurion and Healer","floor":28,"turns":5},{"damage":0,"enemies":"Snake Plant","floor":31,"turns":5},{"damage":62,"enemies":"Champ","floor":33,"turns":15}],"seed_played":"-816840600854825959","potions_obtained":[{"floor":1,"key":"EssenceOfSteel"},{"floor":4,"key":"GamblersBrew"},{"floor":8,"key":"PowerPotion"},{"floor":21,"key":"LiquidBronze"},{"floor":23,"key":"FearPotion"},{"floor":28,"key":"SkillPotion"},{"floor":31,"key":"PowerPotion"}],"is_trial":false,"path_per_floor":["M","$","M","M","?","R","E","M","T","?","M","R","E","$","R","B",null,"M","M","$","M","?","E","R","?","T","R","M","?","$","M","R","B"],"character_chosen":"DEFECT","items_purchased":["Genetic Algorithm","Tempest","Glacier","Master of Strategy+1"],"campfire_rested":1,"item_purchase_floors":[2,14,20,30],"current_hp_per_floor":[68,68,62,62,62,62,36,36,36,36,34,34,22,22,44,18,61,62,58,58,58,58,28,28,41,41,41,38,38,38,38,38,0],"gold":47,"neow_bonus":"ONE_RARE_RELIC","is_prod":false,"is_daily":false,"chose_seed":false,"campfire_upgraded":5,"win_rate":0,"timestamp":1557595688,"path_taken":["M","$","M","M","?","R","E","M","T","?","M","R","E","$","R","BOSS","M","M","$","M","?","E","R","?","T","R","M","?","$","M","R","BOSS"],"build_version":"2019-01-23","purchased_purges":2,"victory":false,"max_hp_per_floor":[75,75,75,75,75,75,75,75,75,75,75,75,75,75,75,75,75,75,75,75,75,75,75,75,85,85,85,85,85,85,85,85,85],"card_choices":[{"not_picked":["Beam Cell","Steam"],"picked":"Cold Snap","floor":1},{"not_picked":["Aggregate","Barrage"],"picked":"FTL","floor":3},{"not_picked":["Barrage","Streamline"],"picked":"Ball Lightning","floor":4},{"not_picked":["Reboot","Beam Cell"],"picked":"Hologram","floor":7},{"not_picked":["FTL","Sweeping Beam"],"picked":"Coolheaded","floor":8},{"not_picked":["Auto Shields","Sweeping Beam"],"picked":"Glacier","floor":11},{"not_picked":["Compile Driver","Turbo"],"picked":"Sunder","floor":13},{"not_picked":["Creative AI","Reboot"],"picked":"Biased Cognition","floor":16},{"not_picked":["Stack","Barrage"],"picked":"Turbo","floor":18},{"not_picked":["Steam","Beam Cell+1"],"picked":"Chaos+1","floor":19},{"not_picked":["Beam Cell","Steam Power"],"picked":"Double Energy","floor":21},{"not_picked":["Aggregate","Cold Snap"],"picked":"Glacier","floor":23},{"not_picked":["Redo","Melter"],"picked":"Rebound","floor":25},{"not_picked":["Melter+1","Ball Lightning"],"picked":"Go for the Eyes","floor":28},{"not_picked":["Go for the Eyes+1","Chill+1"],"picked":"Stack+1","floor":31}],"player_experience":450341,"relics_obtained":[{"floor":7,"key":"Bird Faced Urn"},{"floor":9,"key":"Ornamental Fan"},{"floor":13,"key":"Happy Flower"},{"floor":23,"key":"PreservedInsect"},{"floor":25,"key":"Unceasing Top"},{"floor":25,"key":"Pear"},{"floor":26,"key":"Toxic Egg 2"}],"event_choices":[{"damage_healed":0,"gold_gain":0,"player_choice":"Ignored","damage_taken":0,"max_hp_gain":0,"max_hp_loss":0,"event_name":"Liars Game","floor":5,"gold_loss":0},{"damage_healed":0,"gold_gain":0,"player_choice":"Upgraded","damage_taken":0,"max_hp_gain":0,"max_hp_loss":0,"event_name":"Upgrade Shrine","floor":10,"gold_loss":0,"cards_upgraded":["Ball Lightning"]},{"damage_healed":0,"gold_gain":0,"player_choice":"Ignored","damage_taken":0,"max_hp_gain":0,"max_hp_loss":0,"event_name":"Ghosts","floor":22,"gold_loss":0},{"damage_healed":0,"gold_gain":0,"player_choice":"Fight","damage_taken":0,"max_hp_gain":0,"max_hp_loss":0,"event_name":"Colosseum","floor":25,"gold_loss":0},{"damage_healed":0,"gold_gain":0,"player_choice":"Fought Nobs","damage_taken":0,"max_hp_gain":0,"max_hp_loss":0,"event_name":"Colosseum","floor":25,"gold_loss":0},{"damage_healed":0,"gold_gain":0,"player_choice":"Smashed Altar","damage_taken":0,"max_hp_gain":0,"max_hp_loss":0,"event_name":"Forgotten Altar","floor":29,"gold_loss":0,"cards_obtained":["Decay"]}],"is_beta":false,"boss_relics":[{"not_picked":["Tiny House","Nuclear Battery"],"picked":"Cursed Key"}],"items_purged_floors":[14,20],"is_endless":false,"potions_floor_spawned":[1,4,8,11,21,23,25,28,31],"killed_by":"Champ","ascension_level":8}