{"gold_per_floor":[367,384,8,8,23,23,48,48,48,48,61,92,109,122,122,200,200,216,231,231,231,245,271,271,290,364,99,99,117,52,82,82,161,161,174,190,205,221,241,241,268,285,285,16,116,116,135,148,148,148,148,148,148,17,43,43],"floor_reached":57,"playtime":5305,"items_purged":["Defend_R","Strike_R","Strike_R"],"score":2776,"play_id":"4e9f7401-b0a8-4dfe-be92-e08cd6db3dcf","local_time":"20190509033539","is_ascension_mode":true,"campfire_choices":[{"data":"Armaments","floor":6,"key":"SMITH"},{"data":"Juggernaut","floor":15,"key":"SMITH"},{"data":"Barricade","floor":24,"key":"SMITH"},{"floor":28,"key":"REST"},{"data":"Entrench","floor":32,"key":"SMITH"},{"floor":40,"key":"REST"},{"data":"True Grit","floor":46,"key":"SMITH"},{"floor":49,"key":"RECALL"},{"data":"Battle Trance","floor":53,"key":"SMITH"}],"neow_cost":"PERCENT_DAMAGE","seed_source_timestamp":1024399573604630,"circlet_count":0,"master_deck":["AscendersBane","Strike_R","Strike_R+1","Strike_R","Defend_R","Defend_R","Defend_R","Bash","Armaments+1","Heavy Blade","Shrug It Off+1","Juggernaut+1","Pommel Strike","Iron Wave","Perfected Strike","Body Slam+1","Reaper+1","Shockwave","Perfected Strike+1","Barricade+1","True Grit+1","Shrug It Off","Battle Trance+1","Second Wind+1","RitualDagger+1","Iron Wave+1","Whirlwind+1","Shrug It Off+1","Iron Wave+1","Body Slam+1","Disarm","Body Slam+1","Entrench+1","Juggernaut","Offering","Shrug It Off","Feel No Pain","Feel No Pain","Shrug It Off","Feed+1","Feel No Pain","Burning Pact","Battle Trance","Havoc+1","Exhume+1","Corruption","Warcry","Armaments+1","Disarm","Corruption"],"relics":["Burning Blood","Omamori","Prayer Wheel","FossilizedHelix","Gremlin Horn","Molten Egg 2","Sozu","Pantograph","The Courier","Self Forming Clay","Ancient Tea Set","Calipers","Black Star","Regal Pillow","Letter Opener","Strawberry","Mango","Bag of Preparation","War Paint","Nunchaku"],"potions_floor_usage":[12,12,16,56],"damage_taken":[{"damage":10,"enemies":"2 Louse","floor":1,"turns":2},{"damage":6,"enemies":"Cultist","floor":2,"turns":4},{"damage":7,"enemies":"Jaw Worm","floor":5,"turns":5},{"damage":37,"enemies":"Lagavulin","floor":7,"turns":9},{"damage":3,"enemies":"Blue Slaver","floor":11,"turns":5},{"damage":5,"enemies":"3 Sentries","floor":12,"turns":6},{"damage":0,"enemies":"Lots of Slimes","floor":13,"turns":4},{"damage":0,"enemies":"Looter","floor":14,"turns":3},{"damage":33,"enemies":"Slime Boss","floor":16,"turns":11},{"damage":12,"enemies":"Chosen","floor":18,"turns":6},{"damage":11,"enemies":"Spheric Guardian","floor":19,"turns":4},{"damage":24,"enemies":"Shelled Parasite and Fungi","floor":22,"turns":6},{"damage":15,"enemies":"Book of Stabbing","floor":23,"turns":4},{"damage":6,"enemies":"Centurion and Healer","floor":25,"turns":12},{"damage":17,"enemies":"Snake Plant","floor":29,"turns":4},{"damage":8,"enemies":"Slavers","floor":31,"turns":4},{"damage":30,"enemies":"Collector","floor":33,"turns":10},{"damage":0,"enemies":"3 Shapes","floor":35,"turns":3},{"damage":26,"enemies":"3 Darklings","floor":36,"turns":8},{"damage":13,"enemies":"Writhing Mass","floor":37,"turns":11},{"damage":17,"enemies":"Jaw Worm Horde","floor":38,"turns":5},{"damage":23,"enemies":"3 Darklings","floor":39,"turns":6},{"damage":25,"enemies":"Reptomancer","floor":41,"turns":5},{"damage":19,"enemies":"Spire Growth","floor":42,"turns":6},{"damage":0,"enemies":"Mind Bloom Boss Battle","floor":45,"turns":7},{"damage":9,"enemies":"4 Shapes","floor":47,"turns":4},{"damage":0,"enemies":"3 Darklings","floor":48,"turns":5},{"damage":38,"enemies":"Time Eater","floor":50,"turns":16},{"damage":39,"enemies":"Awakened One","floor":51,"turns":14},{"damage":75,"enemies":"Shield and Spear","floor":55,"turns":7},{"damage":14,"enemies":"The Heart","floor":56,"turns":9}],"seed_played":"-4092444704669199782","potions_obtained":[{"floor":7,"key":"Swift Potion"},{"floor":11,"key":"Fire Potion"},{"floor":14,"key":"Swift Potion"},{"floor":16,"key":"SteroidPotion"}],"is_trial":false,"path_per_floor":["M","M","$","?","M","R","E","?","T","T","M","E","M","M","R","B",null,"M","M","?","?","M","E","R","M","T","$","R","M","$","E","R","B",null,"M","M","M","M","M","R","E","M","T","$","?","R","M","M","R","B","B",null,"R","$","E","B",null],"character_chosen":"IRONCLAD","items_purchased":["Omamori","Shrug It Off","Juggernaut","Body Slam+1","Ancient Tea Set","Entrench","Corruption","Strawberry","Bag of Preparation"],"campfire_rested":2,"item_purchase_floors":[3,3,3,27,27,30,44,44,54],"current_hp_per_floor":[46,46,46,75,74,74,43,20,20,20,23,24,30,36,36,16,60,61,56,56,50,34,32,32,39,39,39,61,50,50,48,48,55,70,75,60,53,46,29,52,33,27,27,34,84,84,89,112,112,88,86,106,106,106,41,65],"gold":43,"neow_bonus":"TWO_FIFTY_GOLD","is_prod":false,"is_daily":false,"chose_seed":false,"campfire_upgraded":6,"win_rate":0,"timestamp":1557387339,"path_taken":["M","M","$","?","?","R","E","?","T","?","M","E","M","?","R","BOSS","M","M","?","?","M","E","R","M","T","$","R","M","$","E","R","BOSS","M","M","M","M","M","R","E","M","T","$","?","R","M","M","R","BOSS","BOSS","R","$","E","BOSS"],"build_version":"2019-01-23","purchased_purges":3,"victory":true,"max_hp_per_floor":[75,75,75,75,75,75,75,75,75,75,75,75,75,75,75,75,75,75,75,75,75,75,75,75,75,75,75,75,75,75,75,75,75,75,75,75,75,79,79,79,79,79,79,86,100,100,108,112,112,112,112,112,112,112,112,112],"card_choices":[{"not_picked":["Twin Strike","Wild Strike"],"picked":"Armaments","floor":1},{"not_picked":["Twin Strike","Hemokinesis"],"picked":"Heavy Blade","floor":2},{"not_picked":["Clothesline","Twin Strike","Warcry"],"picked":"SKIP","floor":5},{"not_picked":["Clothesline","Twin Strike","Warcry"],"picked":"SKIP","floor":5},{"not_picked":["Wild Strike","Thunderclap"],"picked":"Pommel Strike","floor":7},{"not_picked":["Entrench","Pommel Strike"],"picked":"Iron Wave","floor":11},{"not_picked":["Clothesline","Clash"],"picked":"Perfected Strike","floor":11},{"not_picked":["Clothesline","Entrench","Headbutt"],"picked":"SKIP","floor":12},{"not_picked":["Thunderclap+1","Burning Pact"],"picked":"Body Slam+1","floor":13},{"not_picked":["Evolve","Thunderclap+1"],"picked":"Reaper+1","floor":13},{"not_picked":["Searing Blow+1","Iron Wave+1"],"picked":"Shockwave","floor":14},{"not_picked":["Sentinel","Clothesline+1"],"picked":"Perfected Strike+1","floor":14},{"not_picked":["Dark Embrace","Brutality"],"picked":"Barricade","floor":16},{"not_picked":["Reckless Charge+1","Anger+1"],"picked":"True Grit","floor":18},{"not_picked":["Wild Strike+1","Heavy Blade+1"],"picked":"Shrug It Off","floor":18},{"not_picked":["Sentinel","Anger+1"],"picked":"Battle Trance","floor":19},{"not_picked":["Fire Breathing+1","Spot Weakness"],"picked":"Second Wind+1","floor":19},{"not_picked":["Dropkick+1","Burning Pact"],"picked":"Iron Wave+1","floor":22},{"not_picked":["Havoc+1","Carnage+1","Dual Wield"],"picked":"SKIP","floor":22},{"not_picked":["Evolve","Bloodletting"],"picked":"Whirlwind+1","floor":23},{"not_picked":["Heavy Blade+1","Anger+1"],"picked":"Shrug It Off","floor":25},{"not_picked":["Burning Pact","Second Wind"],"picked":"Iron Wave+1","floor":25},{"not_picked":["Body Slam+1","Pommel Strike+1"],"picked":"Disarm","floor":29},{"not_picked":["Clash+1","Cleave+1"],"picked":"Body Slam+1","floor":29},{"not_picked":["Armaments","Hemokinesis+1"],"picked":"Juggernaut","floor":31},{"not_picked":["Feed+1","Bludgeon+1"],"picked":"Offering","floor":33},{"not_picked":["Pommel Strike+1","Burning Pact"],"picked":"Shrug It Off","floor":35},{"not_picked":["Armaments","Sentinel","Heavy Blade+1"],"picked":"SKIP","floor":35},{"not_picked":["Heavy Blade+1","Twin Strike+1"],"picked":"Feel No Pain","floor":36},{"not_picked":["Shockwave+1","Reckless Charge+1"],"picked":"Feel No Pain","floor":36},{"not_picked":["Perfected Strike+1","Clash+1"],"picked":"Shrug It Off","floor":37},{"not_picked":["Shrug It Off","Clash+1"],"picked":"Feed+1","floor":37},{"not_picked":["Ghostly Armor","Blood for Blood+1"],"picked":"Feel No Pain","floor":38},{"not_picked":["Body Slam+1","Heavy Blade+1","Armaments"],"picked":"SKIP","floor":38},{"not_picked":["Twin Strike+1","Anger+1"],"picked":"Burning Pact","floor":39},{"not_picked":["Inflame","Heavy Blade+1"],"picked":"Battle Trance","floor":39},{"not_picked":["Carnage+1","Power Through","Searing Blow+1"],"picked":"SKIP","floor":41},{"not_picked":["Body Slam+1","Thunderclap+1"],"picked":"Havoc+1","floor":42},{"not_picked":["Twin Strike+1","Dropkick+1"],"picked":"Exhume","floor":42},{"not_picked":["Ghostly Armor+1","Clothesline+1"],"picked":"Warcry","floor":45},{"not_picked":["Whirlwind+1","Pummel+1"],"picked":"Armaments+1","floor":47},{"not_picked":["Ghostly Armor","Flex","True Grit"],"picked":"SKIP","floor":47},{"not_picked":["Clash+1","Flex"],"picked":"Disarm","floor":48},{"not_picked":["Perfected Strike+1","Rupture"],"picked":"Corruption","floor":48},{"not_picked":["Twin Strike+1","Bludgeon+1","Cleave+1"],"picked":"SKIP","floor":55}],"player_experience":941156,"relics_obtained":[{"floor":7,"key":"Prayer Wheel"},{"floor":9,"key":"FossilizedHelix"},{"floor":10,"key":"Gremlin Horn"},{"floor":12,"key":"Molten Egg 2"},{"floor":23,"key":"The Courier"},{"floor":26,"key":"Self Forming Clay"},{"floor":31,"key":"Calipers"},{"floor":41,"key":"Regal Pillow"},{"floor":41,"key":"Letter Opener"},{"floor":45,"key":"Mango"},{"floor":55,"key":"War Paint"},{"floor":55,"key":"Nunchaku"}],"event_choices":[{"damage_healed":29,"gold_gain":0,"player_choice":"Full Heal","damage_taken":0,"max_hp_gain":0,"max_hp_loss":0,"event_name":"Wheel of Change","floor":4,"gold_loss":0},{"damage_healed":0,"gold_gain":0,"player_choice":"Entered Light","damage_taken":23,"max_hp_gain":0,"max_hp_loss":0,"event_name":"Shining Light","floor":8,"gold_loss":0,"cards_upgraded":["Strike_R","Shrug It Off"]},{"damage_healed":0,"gold_gain":0,"player_choice":"Opened","damage_taken":0,"relics_obtained":["Pantograph"],"max_hp_gain":0,"max_hp_loss":0,"event_name":"The Mausoleum","floor":20,"gold_loss":0,"cards_obtained":["Writhe"]},{"damage_healed":0,"gold_gain":0,"player_choice":"Joined the Cult","damage_taken":6,"max_hp_gain":0,"max_hp_loss":0,"event_name":"Nest","floor":21,"gold_loss":0,"cards_obtained":["RitualDagger"]},{"damage_healed":0,"gold_gain":0,"player_choice":"Fight","damage_taken":0,"max_hp_gain":0,"max_hp_loss":0,"event_name":"MindBloom","floor":45,"gold_loss":0}],"is_beta":false,"boss_relics":[{"not_picked":["Fusion Hammer","Coffee Dripper"],"picked":"Sozu"},{"not_picked":["Mark of Pain","Black Blood"],"picked":"Black Star"}],"items_purged_floors":[3,27,44],"is_endless":false,"potions_floor_spawned":[7,11,14,16,18,25,29,31,36,37,38,42,48,55],"ascension_level":20}