{"gold_per_floor":[117,136,22,22,22,53,64,239,239,251,283,295,305,305,305,403,403,414,399,39,54,74,74,74,74],"floor_reached":25,"playtime":2477,"items_purged":["Strike_G"],"score":349,"play_id":"a86b6984-c14b-4968-b6d0-176cfda840a0","local_time":"20190413195042","is_ascension_mode":true,"campfire_choices":[{"floor":15,"key":"REST"},{"floor":23,"key":"REST"}],"neow_cost":"NONE","seed_source_timestamp":180940092417856,"circlet_count":0,"master_deck":["Defend_G","Defend_G","Defend_G","Defend_G","Defend_G","Strike_G","Strike_G","Strike_G","Survivor","Neutralize","Footwork","Calculated Gamble","Footwork","Dodge and Roll","Deflect","Cloak And Dagger","Footwork","Dodge and Roll","Backstab+1","Noxious Fumes","Caltrops","Night Terror","Cloak And Dagger","Envenom","Deflect","Deflect+1","Cloak And Dagger","Escape Plan","Backstab+1","Tools of the Trade","Cloak And Dagger","Blur","After Image","Dodge and Roll","Shame"],"relics":["Ring of the Snake","NeowsBlessing","Prayer Wheel","Molten Egg 2","Gremlin Horn","Spirit Poop","Runic Pyramid","DollysMirror","Question Card"],"potions_floor_usage":[10,11,13,19],"damage_taken":[{"damage":0,"enemies":"Jaw Worm","floor":1,"turns":1},{"damage":0,"enemies":"2 Louse","floor":2,"turns":1},{"damage":0,"enemies":"Gremlin Nob","floor":6,"turns":1},{"damage":5,"enemies":"Small Slimes","floor":7,"turns":6},{"damage":0,"enemies":"Exordium Wildlife","floor":10,"turns":4},{"damage":16,"enemies":"Lagavulin","floor":11,"turns":26},{"damage":0,"enemies":"Large Slime","floor":12,"turns":11},{"damage":13,"enemies":"Exordium Thugs","floor":13,"turns":4},{"damage":13,"enemies":"Hexaghost","floor":16,"turns":15},{"damage":5,"enemies":"Spheric Guardian","floor":18,"turns":12},{"damage":0,"enemies":"2 Thieves","floor":19,"turns":4},{"damage":9,"enemies":"Cultist and Chosen","floor":21,"turns":7},{"damage":5,"enemies":"Chosen and Byrds","floor":22,"turns":10},{"damage":78,"enemies":"Gremlin Leader","floor":25,"turns":11}],"seed_played":"-7594683881388539995","potions_obtained":[{"floor":2,"key":"Fire Potion"},{"floor":6,"key":"LiquidBronze"},{"floor":12,"key":"SkillPotion"},{"floor":16,"key":"SkillPotion"},{"floor":22,"key":"Ancient Potion"}],"is_trial":false,"path_per_floor":["M","M","$","?","?","E","M","?","T","M","E","M","M","?","R","B",null,"M","M","$","M","M","R","?","E"],"character_chosen":"THE_SILENT","items_purchased":["Footwork","DollysMirror","Tools of the Trade"],"campfire_rested":2,"item_purchase_floors":[3,20,20],"current_hp_per_floor":[70,70,70,70,70,70,65,65,65,65,49,49,36,36,57,44,64,59,59,59,50,45,66,66,0],"gold":74,"neow_bonus":"THREE_ENEMY_KILL","is_prod":false,"is_daily":false,"chose_seed":false,"campfire_upgraded":0,"win_rate":0,"timestamp":1555210242,"path_taken":["M","M","$","?","?","E","M","?","T","?","E","M","M","?","R","BOSS","M","M","$","M","M","R","?","E"],"build_version":"2019-01-23","purchased_purges":1,"victory":false,"max_hp_per_floor":[70,70,70,70,70,70,70,70,70,70,70,70,70,70,70,70,70,70,70,70,70,70,70,70,70],"card_choices":[{"not_picked":["Dagger Spray","Calculated Gamble"],"picked":"Footwork","floor":1},{"not_picked":["Masterful Stab","Blade Dance"],"picked":"Calculated Gamble","floor":2},{"not_picked":["Backflip","Expertise"],"picked":"Deflect","floor":6},{"not_picked":["Predator","Dagger Spray"],"picked":"Cloak And Dagger","floor":7},{"not_picked":["Catalyst","Dagger Spray","Blade Dance"],"picked":"SKIP","floor":7},{"not_picked":["Venomology","Backflip"],"picked":"Footwork","floor":10},{"not_picked":["Backflip","Acrobatics"],"picked":"Dodge and Roll","floor":10},{"not_picked":["Dagger Spray+1","Blade Dance"],"picked":"Backstab+1","floor":11},{"not_picked":["Acrobatics","Bane+1"],"picked":"Noxious Fumes","floor":12},{"not_picked":["Heel Hook+1","Acrobatics"],"picked":"Caltrops","floor":12},{"not_picked":["Leg Sweep","Skewer+1"],"picked":"Night Terror","floor":13},{"not_picked":["Dagger Spray+1","Outmaneuver"],"picked":"Cloak And Dagger","floor":13},{"not_picked":["Burst","Bullet Time"],"picked":"Envenom","floor":16},{"not_picked":["Slice+1","Calculated Gamble"],"picked":"Deflect","floor":18},{"not_picked":["Cloak And Dagger","Sucker Punch+1"],"picked":"Deflect+1","floor":18},{"not_picked":["Bane+1","Backflip+1"],"picked":"Cloak And Dagger","floor":19},{"not_picked":["Slice+1","Blade Dance"],"picked":"Escape Plan","floor":19},{"not_picked":["Backflip","PiercingWail"],"picked":"Cloak And Dagger","floor":21},{"not_picked":["Endless Agony+1","Underhanded Strike+1"],"picked":"Blur","floor":21},{"not_picked":["Deadly Poison+1","Dagger Spray+1"],"picked":"After Image","floor":22},{"not_picked":["Blade Dance","Deadly Poison"],"picked":"Dodge and Roll","floor":22}],"player_experience":1340091,"relics_obtained":[{"floor":6,"key":"Prayer Wheel"},{"floor":9,"key":"Molten Egg 2"},{"floor":11,"key":"Gremlin Horn"}],"event_choices":[{"damage_healed":0,"gold_gain":0,"player_choice":"Leave","damage_taken":0,"max_hp_gain":0,"max_hp_loss":0,"event_name":"The Cleric","floor":4,"gold_loss":0},{"damage_healed":0,"gold_gain":0,"cards_transformed":["Strike_G"],"player_choice":"Change","damage_taken":0,"max_hp_gain":0,"max_hp_loss":0,"event_name":"Living Wall","floor":5,"gold_loss":0,"cards_obtained":["Dodge and Roll"]},{"damage_healed":0,"gold_gain":175,"player_choice":"AGREE","damage_taken":0,"max_hp_gain":0,"max_hp_loss":0,"event_name":"Liars Game","floor":8,"gold_loss":0,"cards_obtained":["Doubt"]},{"cards_removed":["Doubt"],"damage_healed":0,"gold_gain":0,"player_choice":"Offered Curse","damage_taken":0,"relics_obtained":["Spirit Poop"],"max_hp_gain":0,"max_hp_loss":0,"event_name":"Bonfire Elementals","floor":14,"gold_loss":0},{"damage_healed":0,"gold_gain":0,"player_choice":"Stole Relic","damage_taken":0,"relics_obtained":["Question Card"],"max_hp_gain":0,"max_hp_loss":0,"event_name":"Addict","floor":24,"gold_loss":0,"cards_obtained":["Shame"]}],"is_beta":false,"boss_relics":[{"not_picked":["Black Star","Velvet Choker"],"picked":"Runic Pyramid"}],"items_purged_floors":[3],"is_endless":false,"potions_floor_spawned":[2,6,12,16,22],"killed_by":"Gremlin Leader","ascension_level":5}