{"gold_per_floor":[115,133,86,99,49,84,84,117,193,193,50,60,60,75,75,75],"floor_reached":16,"playtime":534,"items_purged":[],"score":187,"play_id":"1889a4a4-b4a2-43e8-88fc-d59d4d77e557","local_time":"20190505190243","is_ascension_mode":true,"campfire_choices":[{"floor":10,"key":"REST"},{"floor":13,"key":"REST"},{"data":"Juggernaut","floor":15,"key":"SMITH"}],"neow_cost":"NONE","seed_source_timestamp":19399996084700,"circlet_count":0,"master_deck":["AscendersBane","Strike_R","Strike_R","Strike_R","Strike_R","Defend_R","Defend_R","Defend_R","Defend_R","Bash","Panacea","Pummel","Dual Wield","Headbutt","Blood for Blood","Rage","Juggernaut+1","Shrug It Off","Rage","Shrug It Off","Bludgeon"],"relics":["Burning Blood","Mango","Dream Catcher","Kunai","Boot"],"potions_floor_usage":[8,16],"damage_taken":[{"damage":4,"enemies":"Jaw Worm","floor":1,"turns":4},{"damage":7,"enemies":"2 Louse","floor":2,"turns":3},{"damage":1,"enemies":"Cultist","floor":4,"turns":3},{"damage":37,"enemies":"Gremlin Nob","floor":6,"turns":5},{"damage":40,"enemies":"Lagavulin","floor":8,"turns":7},{"damage":9,"enemies":"2 Fungi Beasts","floor":12,"turns":3},{"damage":14,"enemies":"Looter","floor":14,"turns":4},{"damage":73,"enemies":"Slime Boss","floor":16,"turns":8}],"seed_played":"4075009871024553448","potions_obtained":[{"floor":1,"key":"Energy Potion"},{"floor":2,"key":"BloodPotion"}],"is_trial":false,"path_per_floor":["M","M","$","M","?","E","?","E","T","R","$","M","R","M","R","B"],"character_chosen":"IRONCLAD","items_purchased":["Headbutt","Boot"],"campfire_rested":2,"item_purchase_floors":[3,11],"current_hp_per_floor":[70,69,69,74,74,57,57,23,23,49,49,46,72,64,64,0],"gold":75,"neow_bonus":"RANDOM_COLORLESS","is_prod":false,"is_daily":false,"chose_seed":false,"campfire_upgraded":1,"win_rate":0,"timestamp":1557075763,"path_taken":["M","M","$","M","?","E","?","E","T","R","?","?","R","M","R","BOSS"],"build_version":"2019-01-23","purchased_purges":0,"victory":false,"max_hp_per_floor":[75,75,75,75,75,89,89,89,89,89,89,89,89,89,89,89],"card_choices":[{"not_picked":["Clash","Perfected Strike"],"picked":"Pummel","floor":1},{"not_picked":["Headbutt","Perfected Strike"],"picked":"Dual Wield","floor":2},{"not_picked":["Twin Strike","Pommel Strike"],"picked":"Blood for Blood","floor":4},{"not_picked":["Clash","Thunderclap"],"picked":"Rage","floor":6},{"not_picked":["Sever Soul","Shockwave"],"picked":"Juggernaut","floor":8},{"not_picked":["Armaments","Ghostly Armor"],"picked":"Shrug It Off","floor":10},{"not_picked":["Power Through","Second Wind"],"picked":"Rage","floor":12},{"not_picked":["Corruption","Wild Strike"],"picked":"Shrug It Off","floor":13},{"not_picked":["Pommel Strike","Heavy Blade"],"picked":"Bludgeon","floor":14}],"player_experience":1819932,"relics_obtained":[{"floor":6,"key":"Mango"},{"floor":8,"key":"Dream Catcher"},{"floor":9,"key":"Kunai"}],"event_choices":[{"cards_removed":["Strike_R"],"damage_healed":0,"gold_gain":0,"player_choice":"Card Removal","damage_taken":0,"max_hp_gain":0,"max_hp_loss":0,"event_name":"The Cleric","floor":5,"gold_loss":50},{"damage_healed":0,"gold_gain":0,"player_choice":"Ignored","damage_taken":0,"max_hp_gain":0,"max_hp_loss":0,"event_name":"Shining Light","floor":7,"gold_loss":0}],"is_beta":false,"boss_relics":[],"items_purged_floors":[],"is_endless":false,"potions_floor_spawned":[1,2],"killed_by":"Slime Boss","ascension_level":14}