{"gold_per_floor":[118,135,135,135,148,179,35,35,35,53,84,84,100,118,118,222,222,241,241,241,72,92,122,122,135,203,232,232],"floor_reached":28,"playtime":1356,"items_purged":["Strike_R"],"score":386,"play_id":"eb5d52ac-5755-44e8-b277-73bcf203a8ab","local_time":"20190514001435","is_ascension_mode":true,"campfire_choices":[{"floor":8,"key":"REST"},{"data":"Spot Weakness","floor":12,"key":"SMITH"},{"floor":15,"key":"REST"},{"floor":24,"key":"REST"}],"neow_cost":"NONE","seed_source_timestamp":126187079883196,"circlet_count":0,"master_deck":["Strike_R","Strike_R","Strike_R","Strike_R","Defend_R","Defend_R","Defend_R","Defend_R","Bash","Offering","Flame Barrier","Rampage+1","Corruption","Fire Breathing+1","Spot Weakness+1","True Grit","Rage","Brutality+1","Feel No Pain+1","RitualDagger","Shrug It Off","Havoc","Infernal Blade","Impervious","Shrug It Off","Limit Break"],"special_seed":0,"relics":["Burning Blood","Magic Flower","Regal Pillow","Frozen Egg 2","Orichalcum","Philosopher\u0027s Stone","Nloth\u0027s Gift","Du-Vu Doll","Ornamental Fan","Boot"],"potions_floor_usage":[],"damage_taken":[{"damage":15,"enemies":"Jaw Worm","floor":1,"turns":6},{"damage":0,"enemies":"2 Louse","floor":2,"turns":3},{"damage":9,"enemies":"Cultist","floor":5,"turns":5},{"damage":28,"enemies":"Gremlin Nob","floor":6,"turns":4},{"damage":11,"enemies":"Looter","floor":10,"turns":4},{"damage":28,"enemies":"3 Sentries","floor":11,"turns":9},{"damage":18,"enemies":"Exordium Thugs","floor":13,"turns":4},{"damage":12,"enemies":"Lots of Slimes","floor":14,"turns":5},{"damage":68,"enemies":"The Guardian","floor":16,"turns":14},{"damage":17,"enemies":"Shell Parasite","floor":18,"turns":6},{"damage":19,"enemies":"Chosen","floor":22,"turns":8},{"damage":35,"enemies":"Gremlin Leader","floor":23,"turns":8},{"damage":35,"enemies":"Snake Plant","floor":25,"turns":6},{"damage":35,"enemies":"Slavers","floor":27,"turns":6},{"damage":23,"enemies":"3 Cultists","floor":28,"turns":2}],"seed_played":"-2107732996860492778","potions_obtained":[{"floor":2,"key":"AttackPotion"},{"floor":6,"key":"Poison Potion"},{"floor":10,"key":"SkillPotion"},{"floor":14,"key":"BloodPotion"}],"is_trial":false,"path_per_floor":["M","M","?","?","M","E","$","R","T","M","E","R","M","M","R","B",null,"M","?","?","$","M","E","R","M","T","E","M"],"character_chosen":"IRONCLAD","items_purchased":["Bag of Preparation","Shrug It Off","Havoc"],"campfire_rested":3,"item_purchase_floors":[7,21,21],"current_hp_per_floor":[71,77,65,65,65,46,46,80,80,78,59,59,50,47,80,21,80,72,66,66,66,56,30,69,43,43,17,0],"gold":232,"neow_bonus":"ONE_RANDOM_RARE_CARD","is_prod":false,"is_daily":false,"chose_seed":false,"campfire_upgraded":1,"win_rate":0,"timestamp":1557807275,"path_taken":["M","M","?","?","M","E","$","R","T","M","E","R","M","?","R","BOSS","M","?","?","$","M","E","R","?","T","E","M"],"build_version":"2019-01-23","purchased_purges":1,"victory":false,"max_hp_per_floor":[80,80,80,80,80,80,80,80,80,80,80,80,80,80,80,80,80,80,80,80,80,80,80,80,80,80,80,80],"card_choices":[{"not_picked":["Havoc","Anger"],"picked":"Flame Barrier","floor":1},{"not_picked":["Blood for Blood","Wild Strike"],"picked":"Rampage","floor":2},{"not_picked":["Headbutt","Reckless Charge"],"picked":"Corruption","floor":5},{"not_picked":["Clash","Iron Wave","Dropkick"],"picked":"SKIP","floor":6},{"not_picked":["Dropkick","Shockwave"],"picked":"Fire Breathing+1","floor":10},{"not_picked":["Power Through","Blood for Blood"],"picked":"Spot Weakness","floor":11},{"not_picked":["Wild Strike","Heavy Blade"],"picked":"True Grit","floor":13},{"not_picked":["Body Slam","Sword Boomerang"],"picked":"Rage","floor":14},{"not_picked":["Fiend Fire","Double Tap"],"picked":"Brutality+1","floor":16},{"not_picked":["Body Slam","Pommel Strike"],"picked":"Feel No Pain+1","floor":18},{"not_picked":["Heavy Blade+1","Perfected Strike"],"picked":"Infernal Blade","floor":22},{"not_picked":["Carnage+1","Brutality+1"],"picked":"Impervious","floor":23},{"not_picked":["True Grit","Body Slam+1"],"picked":"Shrug It Off","floor":25},{"not_picked":["Heavy Blade","Spot Weakness"],"picked":"Limit Break","floor":27}],"player_experience":56102,"relics_obtained":[{"floor":6,"key":"Regal Pillow"},{"floor":9,"key":"Frozen Egg 2"},{"floor":11,"key":"Orichalcum"},{"floor":23,"key":"Du-Vu Doll"},{"floor":26,"key":"Ornamental Fan"},{"floor":27,"key":"Boot"}],"event_choices":[{"damage_healed":0,"gold_gain":0,"player_choice":"Success","damage_taken":12,"relics_obtained":["Magic Flower"],"max_hp_gain":0,"max_hp_loss":0,"event_name":"Scrap Ooze","floor":3,"gold_loss":0},{"damage_healed":0,"gold_gain":0,"player_choice":"Upgraded","damage_taken":0,"max_hp_gain":0,"max_hp_loss":0,"event_name":"Upgrade Shrine","floor":4,"gold_loss":0,"cards_upgraded":["Rampage"]},{"damage_healed":0,"gold_gain":0,"player_choice":"Joined the Cult","damage_taken":6,"max_hp_gain":0,"max_hp_loss":0,"event_name":"Nest","floor":19,"gold_loss":0,"cards_obtained":["RitualDagger"]},{"damage_healed":0,"gold_gain":0,"player_choice":"Traded Relic","damage_taken":0,"relics_obtained":["Nloth\u0027s Gift"],"max_hp_gain":0,"max_hp_loss":0,"event_name":"N\u0027loth","floor":20,"relics_lost":["Bag of Preparation"],"gold_loss":0}],"is_beta":false,"boss_relics":[{"not_picked":["Ectoplasm","Empty Cage"],"picked":"Philosopher\u0027s Stone"}],"items_purged_floors":[21],"is_endless":false,"potions_floor_spawned":[2,6,10,14,16,23,25,27],"killed_by":"3 Cultists","ascension_level":1}