{"gold_per_floor":[118,129,129,147,322,322,342,373,397,397,413,429,429,448,448,550,550,569,769,769,10,27,62,62,62,86,86,97,97,97,115,115,217,217,230,50,50,50,102,128,143,143,192,467,479,479,479,493,493,493],"floor_reached":50,"playtime":3159,"items_purged":["Doubt"],"score":613,"play_id":"b047277f-60fd-4f96-baf8-ca50084a8e5e","local_time":"20181012002738","is_ascension_mode":true,"campfire_choices":[{"data":"Footwork","floor":6,"key":"SMITH"},{"floor":10,"key":"REST"},{"data":"Outmaneuver","floor":13,"key":"SMITH"},{"data":"Skewer","floor":15,"key":"SMITH"},{"floor":24,"key":"REST"},{"floor":29,"key":"REST"},{"data":"Glass Knife","floor":32,"key":"SMITH"},{"floor":42,"key":"REST"},{"data":"Choke","floor":46,"key":"SMITH"},{"floor":49,"key":"REST"}],"neow_cost":"NONE","seed_source_timestamp":300073906667600,"circlet_count":0,"master_deck":["Defend_G+1","Defend_G+1","Defend_G+1","Defend_G+1","Strike_G+1","Strike_G+1","Strike_G+1","Survivor","Neutralize","Footwork+1","Glass Knife+1","Slice","Backstab","After Image","Outmaneuver+1","Skewer+1","Adrenaline","Heel Hook","Mayhem","Choke+1","Crippling Poison","Deadly Poison","Backstab","Venomology","Chrysalis","Impatience","Dramatic Entrance","Madness","Quick Slash+1","Terror","Outmaneuver"],"relics":["Eternal Feather","Strawberry","Juzu Bracelet","White Beast Statue","Strange Spoon","StoneCalendar","Omamori","Bag of Marbles","Vajra","Busted Crown","Peace Pipe","Pocketwatch","Lantern"],"potions_floor_usage":[8,8,12,16,16,23,23,28,31,33,39,40,40,40,40,41,41,45,48,50,50,50],"damage_taken":[{"damage":5,"enemies":"Jaw Worm","floor":1,"turns":9},{"damage":0,"enemies":"2 Louse","floor":2,"turns":3},{"damage":0,"enemies":"Cultist","floor":4,"turns":3},{"damage":2,"enemies":"Blue Slaver","floor":7,"turns":3},{"damage":38,"enemies":"Gremlin Nob","floor":8,"turns":6},{"damage":15,"enemies":"Large Slime","floor":11,"turns":6},{"damage":0,"enemies":"Lots of Slimes","floor":12,"turns":6},{"damage":2,"enemies":"Exordium Wildlife","floor":14,"turns":4},{"damage":41,"enemies":"Hexaghost","floor":16,"turns":11},{"damage":18,"enemies":"Shell Parasite","floor":18,"turns":5},{"damage":11,"enemies":"2 Thieves","floor":22,"turns":4},{"damage":36,"enemies":"Book of Stabbing","floor":23,"turns":7},{"damage":20,"enemies":"Chosen and Byrds","floor":28,"turns":5},{"damage":6,"enemies":"Sentry and Sphere","floor":31,"turns":4},{"damage":52,"enemies":"Automaton","floor":33,"turns":12},{"damage":0,"enemies":"3 Shapes","floor":35,"turns":2},{"damage":5,"enemies":"Mysterious Sphere","floor":39,"turns":4},{"damage":48,"enemies":"Nemesis","floor":40,"turns":7},{"damage":0,"enemies":"Orb Walker","floor":41,"turns":3},{"damage":14,"enemies":"3 Darklings","floor":45,"turns":6},{"damage":27,"enemies":"Reptomancer","floor":48,"turns":3},{"damage":100,"enemies":"Donu and Deca","floor":50,"turns":10}],"seed_played":"-82196614805435255","potions_obtained":[{"floor":2,"key":"Weak Potion"},{"floor":4,"key":"SpeedPotion"},{"floor":7,"key":"LiquidBronze"},{"floor":11,"key":"SpeedPotion"},{"floor":14,"key":"Weak Potion"},{"floor":18,"key":"Weak Potion"},{"floor":22,"key":"Strength Potion"},{"floor":23,"key":"PowerPotion"},{"floor":28,"key":"EssenceOfSteel"},{"floor":31,"key":"Block Potion"},{"floor":33,"key":"SpeedPotion"},{"floor":35,"key":"Strength Potion"},{"floor":39,"key":"Energy Potion"},{"floor":40,"key":"Strength Potion"},{"floor":41,"key":"GhostInAJar"},{"floor":45,"key":"Regen Potion"},{"floor":48,"key":"SteroidPotion"}],"is_trial":false,"path_per_floor":["M","M","?","M","?","R","M","E","T","R","M","M","R","M","R","B",null,"M","?","?","$","M","E","R","$","T","?","M","R","?","M","R","B",null,"M","$","?","?","?","E","M","R","T","?","M","R","?","M","R"],"character_chosen":"THE_SILENT","items_purchased":["Mayhem","Strange Spoon","StoneCalendar","Chrysalis"],"campfire_rested":5,"item_purchase_floors":[21,21,21,36],"current_hp_per_floor":[65,65,65,65,65,70,68,37,37,69,54,54,63,61,73,32,77,59,59,59,59,48,12,47,47,47,47,27,62,62,56,71,19,77,77,77,77,67,62,14,14,55,55,55,41,59,59,32,73,0],"gold":493,"neow_bonus":"BOSS_RELIC","is_prod":false,"is_daily":false,"chose_seed":false,"campfire_upgraded":5,"win_rate":0,"timestamp":1539296858,"path_taken":["M","M","?","?","?","R","M","E","T","R","M","M","R","M","R","BOSS","M","?","?","$","M","E","R","?","T","?","M","R","?","M","R","BOSS","M","$","?","?","?","E","M","R","T","?","M","R","?","M","R","BOSS"],"build_version":"2018-10-04v2","purchased_purges":1,"victory":false,"max_hp_per_floor":[70,70,70,70,70,70,70,77,77,77,77,77,77,77,77,77,77,77,77,77,77,77,77,77,77,77,77,77,77,77,77,77,77,77,77,77,77,77,77,77,77,77,77,77,77,77,77,77,77,77],"card_choices":[{"not_picked":["Dodge and Roll","Predator"],"picked":"Masterful Stab","floor":1},{"not_picked":["Reflex","Masterful Stab"],"picked":"Footwork","floor":2},{"not_picked":["Tactician","Choke"],"picked":"Slice","floor":4},{"not_picked":["Flying Knee","Deadly Poison"],"picked":"Backstab","floor":7},{"not_picked":["Reflex","Blade Dance"],"picked":"After Image","floor":8},{"not_picked":["Deflect","PiercingWail"],"picked":"Outmaneuver","floor":11},{"not_picked":["Poisoned Stab","Leg Sweep","Dagger Throw"],"picked":"SKIP","floor":12},{"not_picked":["Leg Sweep","Sucker Punch"],"picked":"Skewer","floor":14},{"not_picked":["Corpse Explosion","Doppelganger"],"picked":"Adrenaline","floor":16},{"not_picked":["Dagger Throw","Poisoned Stab"],"picked":"Heel Hook","floor":18},{"not_picked":["Dagger Spray","Heel Hook"],"picked":"Choke","floor":22},{"not_picked":["Masterful Stab","Endless Agony"],"picked":"Crippling Poison","floor":23},{"not_picked":["Reflex","Dagger Spray"],"picked":"Deadly Poison","floor":28},{"not_picked":["Poisoned Stab","Reflex"],"picked":"Backstab","floor":31},{"not_picked":["Doppelganger","Tools of the Trade"],"picked":"Venomology","floor":33},{"not_picked":["Cloak And Dagger"],"picked":"SKIP","floor":35},{"not_picked":[],"picked":"Impatience","floor":38},{"not_picked":[],"picked":"Dramatic Entrance","floor":38},{"not_picked":[],"picked":"Madness","floor":38},{"not_picked":[],"picked":"Quick Slash+1","floor":39},{"not_picked":["Unload"],"picked":"SKIP","floor":40},{"not_picked":["Acrobatics"],"picked":"SKIP","floor":41},{"not_picked":[],"picked":"Terror","floor":45},{"not_picked":["Underhanded Strike+1"],"picked":"SKIP","floor":48}],"player_experience":676877,"relics_obtained":[{"floor":8,"key":"Strawberry"},{"floor":9,"key":"Juzu Bracelet"},{"floor":23,"key":"Omamori"},{"floor":26,"key":"Bag of Marbles"},{"floor":39,"key":"Peace Pipe"},{"floor":40,"key":"Pocketwatch"},{"floor":43,"key":"Lantern"}],"event_choices":[{"event_name":"Living Wall","player_choice":"Change","floor":3,"damage_taken":0},{"event_name":"Liars Game","player_choice":"agreed","floor":5,"damage_taken":0},{"event_name":"The Joust","player_choice":"Bet on Owner","floor":19,"damage_taken":0},{"event_name":"Back to Basics","player_choice":"Simplicity","floor":20,"damage_taken":0},{"event_name":"Purifier","player_choice":"One Purge","floor":27,"damage_taken":0},{"event_name":"The Mausoleum","player_choice":"Yes","floor":30,"damage_taken":0},{"event_name":"Falling","player_choice":"Removed Attack","floor":37,"damage_taken":0},{"event_name":"SensoryStone","player_choice":"Memory 3","floor":38,"damage_taken":0},{"event_name":"Mysterious Sphere","player_choice":"Fight","floor":39,"damage_taken":0},{"event_name":"Golden Shrine","player_choice":"Desecrate","floor":44,"damage_taken":0},{"event_name":"Transmorgrifier","player_choice":"Transform","floor":47,"damage_taken":0}],"is_beta":false,"boss_relics":[{"not_picked":["Runic Pyramid","Lizard Tail"],"picked":"White Beast Statue"},{"not_picked":["Empty Cage","HoveringKite"],"picked":"Busted Crown"}],"items_purged_floors":[21],"is_endless":false,"potions_floor_spawned":[2,4,7,11,14,18,22,23,28,31,33,35,39,40,41,45,48],"killed_by":"Donu and Deca","ascension_level":4}