{"gold_per_floor":[114,10,25,25,40,40,55,55,80,95,131,131,146,176,176,276,276,291,306,321,321,336,336,251,201,226,256,256,271,64,79,79,179,179,194,209,224,239,254,254,284,284,284,299,374,25,25,25,25,25],"floor_reached":51,"playtime":8531,"items_purged":["Regret"],"score":776,"play_id":"578ab19a-5cae-4d85-b77a-24876355baf6","local_time":"20181230125343","daily_mods":["Draft","Uncertain Future","Lethality"],"is_ascension_mode":false,"campfire_choices":[{"data":"Body Slam","floor":6,"key":"SMITH"},{"data":"Body Slam","floor":8,"key":"SMITH"},{"data":"Body Slam","floor":15,"key":"SMITH"},{"data":"Limit Break","floor":23,"key":"SMITH"},{"data":"Pummel","floor":28,"key":"SMITH"},{"data":"Double Tap","floor":32,"key":"SMITH"},{"data":"Pummel","floor":40,"key":"SMITH"},{"data":"Sword Boomerang","floor":42,"key":"SMITH"},{"data":"Heavy Blade","floor":49,"key":"SMITH"}],"neow_cost":"","seed_source_timestamp":0,"circlet_count":0,"master_deck":["Pummel+1","Shrug It Off","Body Slam+1","Pommel Strike","Heavy Blade+1","Sword Boomerang+1","Body Slam+1","Clash","Battle Trance","Anger","Flex","Body Slam+1","Heavy Blade","Anger","Heavy Blade","Heavy Blade","Flex","Cleave","Pummel+1","Heavy Blade","Sword Boomerang","Sword Boomerang","Twin Strike","Cleave","Limit Break+1","Rage","Headbutt","Flex","Pommel Strike+1","Heavy Blade","Anger","Flex+1","Pummel+1","Double Tap+1","Anger+1","Inflame+1","Inflame","Iron Wave+1","Inflame+1","Havoc+1","Inflame+1","Flash of Steel+1","Heavy Blade+1"],"special_seed":17895,"relics":["Burning Blood","Sundial","Anchor","Pantograph","Bag of Marbles","Blue Candle","Orrery","Mango","Smiling Mask","Molten Egg 2","Runic Dome","Art of War","Ancient Tea Set","Brimstone"],"potions_floor_usage":[16,50,50],"damage_taken":[{"damage":0,"enemies":"Small Slimes","floor":1,"turns":1},{"damage":0,"enemies":"2 Louse","floor":3,"turns":1},{"damage":0,"enemies":"Cultist","floor":5,"turns":2},{"damage":0,"enemies":"Exordium Thugs","floor":7,"turns":1},{"damage":0,"enemies":"Large Slime","floor":10,"turns":2},{"damage":0,"enemies":"Gremlin Nob","floor":11,"turns":1},{"damage":0,"enemies":"Red Slaver","floor":13,"turns":1},{"damage":12,"enemies":"3 Sentries","floor":14,"turns":3},{"damage":65,"enemies":"Hexaghost","floor":16,"turns":4},{"damage":0,"enemies":"Shell Parasite","floor":18,"turns":1},{"damage":0,"enemies":"Chosen","floor":19,"turns":1},{"damage":0,"enemies":"Snake Plant","floor":20,"turns":1},{"damage":0,"enemies":"Centurion and Healer","floor":22,"turns":2},{"damage":17,"enemies":"Gremlin Leader","floor":27,"turns":2},{"damage":9,"enemies":"Chosen and Byrds","floor":29,"turns":3},{"damage":0,"enemies":"Snecko","floor":31,"turns":2},{"damage":57,"enemies":"Automaton","floor":33,"turns":6},{"damage":3,"enemies":"Orb Walker","floor":35,"turns":2},{"damage":10,"enemies":"3 Shapes","floor":36,"turns":2},{"damage":0,"enemies":"Transient","floor":37,"turns":5},{"damage":0,"enemies":"Spire Growth","floor":38,"turns":2},{"damage":0,"enemies":"Jaw Worm Horde","floor":39,"turns":2},{"damage":22,"enemies":"Giant Head","floor":41,"turns":4},{"damage":2,"enemies":"Sphere and 2 Shapes","floor":44,"turns":2},{"damage":54,"enemies":"Donu and Deca","floor":50,"turns":4}],"seed_played":"4116191872151590988","potions_obtained":[{"floor":1,"key":"Weak Potion"},{"floor":3,"key":"Energy Potion"},{"floor":11,"key":"GamblersBrew"},{"floor":13,"key":"EssenceOfSteel"},{"floor":16,"key":"Poison Potion"},{"floor":18,"key":"SpeedPotion"},{"floor":36,"key":"Block Potion"}],"is_trial":false,"path_per_floor":["M","$","M","?","M","R","M","R","T","M","?","?","M","E","R","B",null,"M","M","M","?","M","R","?","?","T","E","R","M","$","M","R","B",null,"M","M","M","M","M","R","E","R","T","M","?","$","?","$","R","B",null],"character_chosen":"IRONCLAD","items_purchased":["Heavy Blade","Flex","Double Tap","Brimstone","Flash of Steel+1","Heavy Blade+1"],"campfire_rested":0,"item_purchase_floors":[2,2,30,46,46,46],"current_hp_per_floor":[80,80,80,73,79,79,80,80,80,80,80,80,80,74,74,21,80,80,80,80,80,80,80,94,94,94,83,83,80,80,86,86,43,94,94,90,94,94,94,94,78,78,78,82,73,73,94,94,94,46],"gold":25,"neow_bonus":"","is_prod":false,"is_daily":true,"chose_seed":false,"campfire_upgraded":9,"win_rate":0,"timestamp":1546203223,"path_taken":["M","$","M","?","M","R","M","R","T","M","?","?","M","E","R","BOSS","M","M","M","?","M","R","?","?","T","E","R","M","$","M","R","BOSS","M","M","M","M","M","R","E","R","T","M","?","?","?","$","R","BOSS"],"build_version":"2018-12-20","purchased_purges":1,"victory":true,"max_hp_per_floor":[80,80,80,80,80,80,80,80,80,80,80,80,80,80,80,80,80,80,80,80,80,80,80,94,94,94,94,94,94,94,94,94,94,94,94,94,94,94,94,94,94,94,94,94,94,94,94,94,94,94],"card_choices":[{"not_picked":["Whirlwind","Bloodletting"],"picked":"Pummel","floor":0},{"not_picked":["Disarm","Shrug It Off"],"picked":"Searing Blow","floor":0},{"not_picked":["Power Through","Havoc"],"picked":"Shrug It Off","floor":0},{"not_picked":["Iron Wave","Rupture"],"picked":"Body Slam","floor":0},{"not_picked":["Disarm","Fire Breathing"],"picked":"Pommel Strike","floor":0},{"not_picked":["Iron Wave","Perfected Strike"],"picked":"Heavy Blade","floor":0},{"not_picked":["Cleave","Bloodletting"],"picked":"Sword Boomerang","floor":0},{"not_picked":["Rupture","Havoc"],"picked":"Body Slam","floor":0},{"not_picked":["Twin Strike","Carnage"],"picked":"Clash","floor":0},{"not_picked":["Corruption","Shrug It Off"],"picked":"Battle Trance","floor":0},{"not_picked":["Twin Strike","Burning Pact"],"picked":"Anger","floor":0},{"not_picked":["Cleave","Flame Barrier"],"picked":"Flex","floor":0},{"not_picked":["Shockwave","Feel No Pain"],"picked":"Body Slam","floor":0},{"not_picked":["Iron Wave","Clash"],"picked":"Heavy Blade","floor":0},{"not_picked":["Thunderclap","Hemokinesis"],"picked":"Anger","floor":0},{"not_picked":["Reckless Charge","Headbutt"],"picked":"Heavy Blade","floor":1},{"not_picked":["Headbutt","Hemokinesis"],"picked":"Cleave","floor":3},{"not_picked":["Pommel Strike","Twin Strike"],"picked":"Pummel","floor":5},{"not_picked":["Sentinel","Rage","Clothesline"],"picked":"SKIP","floor":7},{"not_picked":["Warcry","Flame Barrier"],"picked":"Heavy Blade","floor":10},{"not_picked":["Flame Barrier","Twin Strike"],"picked":"Sword Boomerang","floor":11},{"not_picked":["Sever Soul","Armaments","Cleave"],"picked":"SKIP","floor":13},{"not_picked":["Corruption","Clothesline","Offering"],"picked":"SKIP","floor":14},{"not_picked":["Fire Breathing","Shockwave"],"picked":"Sword Boomerang","floor":17},{"not_picked":["Cleave","Rampage"],"picked":"Twin Strike","floor":17},{"not_picked":["Wild Strike","Sever Soul"],"picked":"Cleave","floor":17},{"not_picked":["Iron Wave","Sword Boomerang"],"picked":"Limit Break","floor":17},{"not_picked":["Corruption","Wild Strike"],"picked":"Rage","floor":17},{"not_picked":["Armaments+1","True Grit"],"picked":"Headbutt","floor":18},{"not_picked":["Iron Wave","Inflame"],"picked":"Flex","floor":19},{"not_picked":["True Grit","Burning Pact"],"picked":"Pommel Strike+1","floor":20},{"not_picked":["Burning Pact","Pommel Strike+1"],"picked":"Anger","floor":22},{"not_picked":["Anger+1","Rupture+1"],"picked":"Flex+1","floor":27},{"not_picked":["Body Slam+1","Iron Wave+1"],"picked":"Pummel+1","floor":29},{"not_picked":["Impervious","Fire Breathing+1"],"picked":"Anger+1","floor":31},{"not_picked":["Heavy Blade+1","Battle Trance+1"],"picked":"Inflame+1","floor":35},{"not_picked":["Burning Pact","Clothesline+1"],"picked":"Inflame","floor":36},{"not_picked":["Spot Weakness+1","Wild Strike+1"],"picked":"Iron Wave+1","floor":37},{"not_picked":["Iron Wave+1","Reaper+1"],"picked":"Inflame+1","floor":38},{"not_picked":["Feel No Pain","Warcry+1"],"picked":"Havoc+1","floor":39},{"not_picked":["Dropkick+1","True Grit","Warcry"],"picked":"SKIP","floor":41},{"not_picked":["Seeing Red+1","Pommel Strike+1"],"picked":"Inflame+1","floor":44}],"player_experience":241042,"relics_obtained":[{"floor":9,"key":"Anchor"},{"floor":11,"key":"Pantograph"},{"floor":14,"key":"Blue Candle"},{"floor":26,"key":"Smiling Mask"},{"floor":27,"key":"Molten Egg 2"},{"floor":41,"key":"Art of War"},{"floor":43,"key":"Ancient Tea Set"}],"event_choices":[{"damage_healed":0,"gold_gain":0,"player_choice":"Success","damage_taken":7,"relics_obtained":["Sundial"],"max_hp_gain":0,"max_hp_loss":0,"event_name":"Scrap Ooze","floor":4,"gold_loss":0},{"damage_healed":0,"gold_gain":0,"player_choice":"Searched \u00271\u0027 times","damage_taken":0,"max_hp_gain":0,"max_hp_loss":0,"event_name":"Dead Adventurer","floor":11,"gold_loss":0},{"damage_healed":0,"gold_gain":0,"player_choice":"Box","damage_taken":0,"relics_obtained":["Bag of Marbles"],"max_hp_gain":0,"max_hp_loss":0,"event_name":"Big Fish","floor":12,"gold_loss":0,"cards_obtained":["Regret"]},{"damage_healed":0,"gold_gain":0,"player_choice":"Read","damage_taken":0,"max_hp_gain":0,"max_hp_loss":0,"event_name":"The Library","floor":21,"gold_loss":0,"cards_obtained":["Heavy Blade"]},{"damage_healed":0,"gold_gain":0,"player_choice":"Obtained Relic","damage_taken":0,"relics_obtained":["Mango"],"max_hp_gain":0,"max_hp_loss":0,"event_name":"Addict","floor":24,"gold_loss":85},{"damage_healed":0,"gold_gain":0,"player_choice":"Bet on Murderer","damage_taken":0,"max_hp_gain":0,"max_hp_loss":0,"event_name":"The Joust","floor":25,"gold_loss":50},{"damage_healed":0,"gold_gain":75,"player_choice":"Touch","damage_taken":9,"max_hp_gain":0,"max_hp_loss":0,"event_name":"FaceTrader","floor":45,"gold_loss":0},{"cards_removed":["Searing Blow"],"damage_healed":21,"gold_gain":0,"player_choice":"Offered Uncommon","damage_taken":0,"max_hp_gain":0,"max_hp_loss":0,"event_name":"Bonfire Elementals","floor":47,"gold_loss":0}],"is_beta":false,"boss_relics":[{"not_picked":["Busted Crown","Ectoplasm"],"picked":"Orrery"},{"not_picked":["Black Star","Runic Cube"],"picked":"Runic Dome"}],"items_purged_floors":[30],"is_endless":false,"potions_floor_spawned":[1,3,11,13,16,18,22,27,31,36,37,38],"ascension_level":0}