{"path_per_floor":["M","?","?","?","$","R","M","E","T","$","R","$","R","M","R","B",null,"M","?","?","?","M","R","?","M","T","M","R","M","M","$","R","B",null,"M","M","$","?","?","R","$"],"character_chosen":"THE_SILENT","items_purchased":["Blur","Pantograph","Footwork","Acrobatics"],"gold_per_floor":[115,115,65,65,65,65,80,116,140,68,68,68,68,92,92,222,222,236,236,236,161,185,185,185,206,206,227,227,242,260,6,6,135,135,153,177,4,4,4,4,4],"floor_reached":42,"campfire_rested":5,"playtime":2526,"current_hp_per_floor":[70,63,63,63,63,63,63,44,44,44,65,65,65,67,67,26,70,60,44,31,31,45,67,67,38,38,38,60,46,26,26,48,41,75,46,40,40,31,31,53,53],"items_purged":["Writhe"],"gold":4,"score":342,"play_id":"c9163a20-1c2e-4299-8b6a-ab92a25e54a4","is_prod":false,"is_daily":false,"is_ascension_mode":false,"campfire_upgraded":3,"path_taken":["M","?","?","?","$","R","M","E","T","$","R","$","R","M","R","BOSS","M","?","?","?","M","R","?","M","T","M","R","?","M","$","R","BOSS","M","M","$","?","?","R","$","E"],"build_version":"2018-02-15-PROD1","purchased_purges":2,"victory":false,"master_deck":["Defend_G","Defend_G+1","Defend_G","Defend_G","Strike_G","Strike_G","Survivor+1","Neutralize+1","Riddle With Holes","Injury","Bouncing Flask+1","Outmaneuver","Blur+1","Escape Plan","Adrenaline","Slice+1","Necronomicurse","Deflect","Writhe","Deadly Poison+1","Slice+1","Choke","PiercingWail+1","Adrenaline","Flying Knee+1","Calculated Gamble+1","Footwork","Acrobatics","Madness","Madness"],"max_hp_per_floor":[70,70,70,70,70,70,70,70,70,70,70,70,70,70,70,70,70,70,70,75,75,75,75,75,75,75,75,75,75,75,75,75,75,75,75,75,75,75,75,75,75],"relics":["Ring of the Snake","Golden Idol","Blood Vial","War Paint","Cursed Key","Necronomicon","Meat on the Bone","Bronze Scales","Pantograph","Sozu"],"card_choices":[{"not_picked":["Dagger Throw","Caltrops"],"picked":"Riddle With Holes"},{"not_picked":["All Out Attack","Accuracy"],"picked":"Bouncing Flask"},{"not_picked":["Dodge and Roll","Slice"],"picked":"Outmaneuver"},{"not_picked":["Infinite Blades","Flechettes"],"picked":"Escape Plan"},{"not_picked":["Wraith Form","Venomology"],"picked":"Adrenaline"},{"not_picked":["Cloak And Dagger","Outmaneuver"],"picked":"Slice"},{"not_picked":["Underhanded Strike","Leg Sweep"],"picked":"Deflect"},{"not_picked":["Cloak And Dagger","Acrobatics"],"picked":"Deadly Poison"},{"not_picked":["Poisoned Stab","All Out Attack"],"picked":"Slice"},{"not_picked":["Dodge and Roll","Underhanded Strike"],"picked":"Choke"},{"not_picked":["Malaise","Expertise"],"picked":"PiercingWail"},{"not_picked":["A Thousand Cuts","Phantasmal Killer"],"picked":"Adrenaline"},{"not_picked":["Prepared","Dodge and Roll"],"picked":"Flying Knee"},{"not_picked":["Sucker Punch","Caltrops"],"picked":"Calculated Gamble"}],"player_experience":99615,"potions_floor_usage":[22,30,33,33,33],"damage_taken":[{"damage":0,"enemies":"2 Louse","floor":1,"turns":3},{"damage":0,"enemies":"Jaw Worm","floor":7,"turns":4},{"damage":19,"enemies":"Lagavulin","floor":8,"turns":6},{"damage":0,"enemies":"Small Slimes","floor":14,"turns":2},{"damage":43,"enemies":"Slime Boss","floor":16,"turns":20},{"damage":10,"enemies":"3 Byrds","floor":18,"turns":8},{"damage":0,"enemies":"Shell Parasite","floor":22,"turns":4},{"damage":31,"enemies":"3 Cultists","floor":25,"turns":7},{"damage":2,"enemies":"Centurion and Healer","floor":27,"turns":9},{"damage":16,"enemies":"Snake Plant","floor":29,"turns":3},{"damage":34,"enemies":"Slaver and Parasite","floor":30,"turns":6},{"damage":46,"enemies":"Collector","floor":33,"turns":9},{"damage":41,"enemies":"3 Darklings","floor":35,"turns":6},{"damage":8,"enemies":"Orb Walker","floor":36,"turns":3},{"damage":69,"enemies":"Giant Head","floor":42,"turns":8}],"event_choices":[{"event_name":"Golden Wing","player_choice":"Card Removal","floor":2,"damage_taken":0},{"event_name":"The Cleric","player_choice":"Card Removal","floor":3,"damage_taken":0},{"event_name":"Golden Idol","player_choice":"Take Wound","floor":4,"damage_taken":0},{"event_name":"Cursed Tome","player_choice":"Obtained Book","floor":19,"damage_taken":0},{"event_name":"Forgotten Altar","player_choice":"Shed Blood","floor":20,"damage_taken":0},{"event_name":"Beggar","player_choice":"Gave Gold","floor":21,"damage_taken":0},{"event_name":"The Mausoleum","player_choice":"Yes","floor":24,"damage_taken":0},{"event_name":"Winding Halls","player_choice":"Embrace Madness","floor":38,"damage_taken":0},{"event_name":"Mysterious Sphere","player_choice":"Ignore","floor":39,"damage_taken":0}],"boss_relics":[{"not_picked":["Ectoplasm","The Specimen"],"picked":"Cursed Key"},{"not_picked":["Orrery","Tiny House"],"picked":"Sozu"}],"potions_floor_spawned":[7,16,25,29,30,33],"seed_played":"-2685307276431119496","killed_by":"Giant Head","ascension_level":0,"is_trial":false}