{"gold_per_floor":[368,97,97,97,114,114,131,166,189,205,216,216,230,48,48,148,148,165,165,176,128,128,128],"floor_reached":23,"playtime":1022,"items_purged":[],"score":287,"play_id":"9c3b167e-cdfe-42e1-8754-b0581e19ab13","local_time":"20190406201153","is_ascension_mode":true,"campfire_choices":[{"data":"Dash","floor":6,"key":"SMITH"},{"floor":12,"key":"REST"},{"floor":15,"key":"REST"}],"neow_cost":"TEN_PERCENT_HP_LOSS","seed_source_timestamp":15275548298200,"circlet_count":0,"master_deck":["AscendersBane","Survivor+1","Neutralize","Footwork+1","Blade Dance","Infinite Blades","Dash+1","Accuracy","Dagger Throw","Infinite Blades","Phantasmal Killer","Malaise","Phantasmal Killer","Endless Agony","Outmaneuver","Grand Finale","Dagger Throw","Terror","Blade Dance","Adrenaline","Blade Dance","Backflip"],"relics":["Ring of the Snake","Boot","War Paint","Ancient Tea Set","Bag of Marbles","Pandora\u0027s Box"],"potions_floor_usage":[11,16],"damage_taken":[{"damage":1,"enemies":"Small Slimes","floor":1,"turns":6},{"damage":5,"enemies":"Cultist","floor":5,"turns":4},{"damage":0,"enemies":"2 Louse","floor":7,"turns":3},{"damage":22,"enemies":"3 Sentries","floor":8,"turns":8},{"damage":0,"enemies":"Exordium Wildlife","floor":10,"turns":5},{"damage":1,"enemies":"Large Slime","floor":11,"turns":6},{"damage":9,"enemies":"Gremlin Gang","floor":13,"turns":4},{"damage":30,"enemies":"Slime Boss","floor":16,"turns":7},{"damage":0,"enemies":"Spheric Guardian","floor":18,"turns":3},{"damage":8,"enemies":"Chosen","floor":20,"turns":3},{"damage":54,"enemies":"Book of Stabbing","floor":23,"turns":8}],"seed_played":"-8267880321205797267","potions_obtained":[{"floor":1,"key":"FearPotion"},{"floor":5,"key":"FearPotion"},{"floor":10,"key":"Fruit Juice"},{"floor":16,"key":"Poison Potion"},{"floor":18,"key":"SpeedPotion"}],"is_trial":false,"path_per_floor":["M","$","?","?","M","R","M","E","T","M","M","R","M","$","R","B",null,"M","$","M","$","?","E"],"character_chosen":"THE_SILENT","items_purchased":["Blade Dance","Infinite Blades","Boot","Bag of Marbles","Infinite Blades","Backflip"],"campfire_rested":2,"item_purchase_floors":[2,2,2,14,14,21],"current_hp_per_floor":[62,62,62,62,57,57,57,35,35,35,39,59,50,50,68,38,61,61,61,53,53,53,0],"gold":128,"neow_bonus":"TWO_FIFTY_GOLD","is_prod":false,"is_daily":false,"chose_seed":false,"campfire_upgraded":1,"win_rate":0,"timestamp":1554574313,"path_taken":["M","$","?","?","M","R","M","E","T","M","M","R","?","$","R","BOSS","M","$","M","$","?","E"],"build_version":"2019-01-23","purchased_purges":0,"victory":false,"max_hp_per_floor":[63,63,63,63,63,63,63,63,63,63,68,68,68,68,68,68,68,68,68,68,68,68,68],"card_choices":[{"not_picked":["Riddle With Holes","Crippling Poison"],"picked":"Footwork","floor":1},{"not_picked":["Underhanded Strike","Leg Sweep"],"picked":"Dash","floor":5},{"not_picked":["Cloak And Dagger","Prepared"],"picked":"Accuracy","floor":7},{"not_picked":["Acrobatics","Underhanded Strike","Crippling Poison"],"picked":"SKIP","floor":8},{"not_picked":["Underhanded Strike","Crippling Poison"],"picked":"Dagger Throw","floor":10},{"not_picked":["Backflip","Underhanded Strike","Escape Plan"],"picked":"SKIP","floor":11},{"not_picked":["Acrobatics","Leg Sweep","Well Laid Plans"],"picked":"SKIP","floor":13},{"not_picked":["Tools of the Trade","Die Die Die"],"picked":"Phantasmal Killer","floor":16},{"not_picked":["Deadly Poison","Slice"],"picked":"Blade Dance","floor":18},{"not_picked":["Slice","Flying Knee","Masterful Stab"],"picked":"SKIP","floor":20}],"player_experience":1608882,"relics_obtained":[{"floor":8,"key":"War Paint"},{"floor":9,"key":"Ancient Tea Set"}],"event_choices":[{"cards_removed":["Strike_G"],"damage_healed":0,"gold_gain":0,"player_choice":"Forget","damage_taken":0,"max_hp_gain":0,"max_hp_loss":0,"event_name":"Living Wall","floor":3,"gold_loss":0},{"damage_healed":0,"gold_gain":0,"player_choice":"Upgraded","damage_taken":0,"max_hp_gain":0,"max_hp_loss":0,"event_name":"Upgrade Shrine","floor":4,"gold_loss":0,"cards_upgraded":["Footwork"]},{"damage_healed":0,"gold_gain":0,"player_choice":"Ignored","damage_taken":0,"max_hp_gain":0,"max_hp_loss":0,"event_name":"Vampires","floor":22,"gold_loss":0}],"is_beta":false,"boss_relics":[{"not_picked":["Velvet Choker","Cursed Key"],"picked":"Pandora\u0027s Box"}],"items_purged_floors":[],"is_endless":false,"potions_floor_spawned":[1,5,10,16,18],"killed_by":"Book of Stabbing","ascension_level":10}