{"gold_per_floor":[111,111,126,126,126,167,179,191,228,255,296,308,333,362,374,483,495,527,48,58,58,58,58,88,88,88,88,88,88,108,127,127,127],"floor_reached":33,"playtime":1445,"items_purged":["Regret"],"score":410,"play_id":"56ffbfce-cdfd-4d50-a8b1-4a5b7c9a5a13","local_time":"20190316205936","is_ascension_mode":true,"campfire_choices":[{"floor":7,"key":"REST"},{"floor":12,"key":"REST"},{"floor":15,"key":"REST"},{"data":"RitualDagger","floor":23,"key":"SMITH"},{"floor":25,"key":"REST"},{"floor":27,"key":"REST"},{"floor":32,"key":"REST"}],"neow_cost":"NONE","seed_source_timestamp":181146675925600,"circlet_count":0,"master_deck":["AscendersBane","Defend_G+1","Defend_G","Defend_G+1","Defend_G","Defend_G","Strike_G","Strike_G","Strike_G+1","Strike_G","Strike_G","Survivor","Neutralize","Dash","Dagger Spray","PiercingWail","Riddle With Holes","Expertise+1","Dash","Footwork","Terror","Footwork","Corpse Explosion","Footwork","The Bomb","Panacea","RitualDagger+1","J.A.X.+1","Writhe","Noxious Fumes+1"],"relics":["Orrery","MawBank","Juzu Bracelet","PreservedInsect","Regal Pillow","War Paint","Busted Crown","Blood Vial","Blue Candle","Toxic Egg 2","Snake Skull"],"potions_floor_usage":[6,14,16,16,18,20,22,24,33],"damage_taken":[{"damage":0,"enemies":"Jaw Worm","floor":1,"turns":4},{"damage":0,"enemies":"Cultist","floor":3,"turns":3},{"damage":19,"enemies":"3 Sentries","floor":6,"turns":7},{"damage":0,"enemies":"Small Slimes","floor":10,"turns":4},{"damage":23,"enemies":"Gremlin Nob","floor":11,"turns":4},{"damage":13,"enemies":"3 Louse","floor":13,"turns":3},{"damage":3,"enemies":"Blue Slaver","floor":14,"turns":4},{"damage":25,"enemies":"The Guardian","floor":16,"turns":11},{"damage":3,"enemies":"2 Thieves","floor":18,"turns":3},{"damage":3,"enemies":"Chosen","floor":20,"turns":8},{"damage":5,"enemies":"Colosseum Slavers","floor":22,"turns":3},{"damage":46,"enemies":"Book of Stabbing","floor":24,"turns":6},{"damage":10,"enemies":"Snake Plant","floor":30,"turns":5},{"damage":39,"enemies":"Shelled Parasite and Fungi","floor":31,"turns":4},{"damage":65,"enemies":"Champ","floor":33,"turns":10}],"seed_played":"5024019274916815483","potions_obtained":[{"floor":3,"key":"AttackPotion"},{"floor":10,"key":"Energy Potion"},{"floor":13,"key":"EntropicBrew"},{"floor":16,"key":"Energy Potion"},{"floor":18,"key":"GhostInAJar"},{"floor":30,"key":"Energy Potion"},{"floor":31,"key":"FearPotion"}],"is_trial":false,"path_per_floor":["M","?","M","?","?","E","R","T","T","M","E","R","M","M","R","B",null,"M","$","M","?","?","R","E","R","T","R","?","?","M","M","R","B"],"character_chosen":"THE_SILENT","items_purchased":["Blood Vial","The Bomb","Panacea"],"campfire_rested":6,"item_purchase_floors":[19,19,19],"current_hp_per_floor":[63,63,63,49,49,30,51,51,51,51,28,64,51,48,70,45,64,61,61,60,54,51,51,7,43,43,70,70,70,60,23,59,0],"gold":127,"neow_bonus":"BOSS_RELIC","is_prod":false,"is_daily":false,"chose_seed":false,"campfire_upgraded":1,"win_rate":0,"timestamp":1552766376,"path_taken":["M","?","?","?","?","E","R","?","T","M","E","R","M","M","R","BOSS","M","$","M","?","?","R","E","R","T","R","?","?","M","M","R","BOSS"],"build_version":"2019-01-23","purchased_purges":1,"victory":false,"max_hp_per_floor":[70,70,70,70,70,70,70,70,70,70,70,70,70,70,70,70,70,70,70,70,70,70,70,70,70,70,70,70,70,70,70,70,70],"card_choices":[{"not_picked":["Leg Sweep","Dagger Throw"],"picked":"Dash","floor":0},{"not_picked":["Poisoned Stab","All Out Attack"],"picked":"Dagger Spray","floor":0},{"not_picked":["Escape Plan","Poisoned Stab"],"picked":"PiercingWail","floor":0},{"not_picked":["Tactician","Sucker Punch"],"picked":"Riddle With Holes","floor":0},{"not_picked":["Prepared","Sucker Punch"],"picked":"Expertise","floor":0},{"not_picked":["Backflip","Escape Plan","Underhanded Strike"],"picked":"SKIP","floor":1},{"not_picked":["Tactician","Reflex"],"picked":"Dash","floor":3},{"not_picked":["Reflex","Deflect","Escape Plan"],"picked":"SKIP","floor":6},{"not_picked":["A Thousand Cuts","Prepared","Dagger Spray"],"picked":"SKIP","floor":10},{"not_picked":["Backflip","Terror"],"picked":"Footwork","floor":11},{"not_picked":["Blade Dance","Quick Slash"],"picked":"Terror","floor":13},{"not_picked":["Die Die Die","PiercingWail"],"picked":"Footwork","floor":14},{"not_picked":["Die Die Die","Tools of the Trade"],"picked":"Corpse Explosion","floor":16},{"not_picked":[],"picked":"Footwork","floor":18},{"not_picked":["Escape Plan"],"picked":"SKIP","floor":20},{"not_picked":["Outmaneuver"],"picked":"SKIP","floor":24},{"not_picked":["Sucker Punch"],"picked":"SKIP","floor":30},{"not_picked":[],"picked":"Noxious Fumes+1","floor":31}],"player_experience":1520972,"relics_obtained":[{"floor":6,"key":"Juzu Bracelet"},{"floor":8,"key":"PreservedInsect"},{"floor":9,"key":"Regal Pillow"},{"floor":11,"key":"War Paint"},{"floor":24,"key":"Blue Candle"},{"floor":26,"key":"Toxic Egg 2"}],"event_choices":[{"damage_healed":0,"gold_gain":0,"player_choice":"Ignored","damage_taken":0,"max_hp_gain":0,"max_hp_loss":0,"event_name":"WeMeetAgain","floor":2,"gold_loss":0},{"damage_healed":0,"gold_gain":0,"player_choice":"Entered Light","damage_taken":14,"max_hp_gain":0,"max_hp_loss":0,"event_name":"Shining Light","floor":4,"gold_loss":0,"cards_upgraded":["Defend_G","Strike_G"]},{"damage_healed":0,"gold_gain":0,"player_choice":"Box","damage_taken":0,"relics_obtained":["MawBank"],"max_hp_gain":0,"max_hp_loss":0,"event_name":"Big Fish","floor":5,"gold_loss":0,"cards_obtained":["Regret"]},{"damage_healed":0,"gold_gain":0,"player_choice":"Joined the Cult","damage_taken":6,"max_hp_gain":0,"max_hp_loss":0,"event_name":"Nest","floor":21,"gold_loss":0,"cards_obtained":["RitualDagger"]},{"damage_healed":0,"gold_gain":0,"player_choice":"Fight","damage_taken":0,"max_hp_gain":0,"max_hp_loss":0,"event_name":"Colosseum","floor":22,"gold_loss":0},{"damage_healed":0,"gold_gain":0,"player_choice":"Fled From Nobs","damage_taken":0,"max_hp_gain":0,"max_hp_loss":0,"event_name":"Colosseum","floor":22,"gold_loss":0},{"damage_healed":0,"gold_gain":0,"player_choice":"Fled From Nobs","damage_taken":0,"max_hp_gain":0,"max_hp_loss":0,"event_name":"Colosseum","floor":22,"gold_loss":0},{"damage_healed":0,"gold_gain":0,"player_choice":"Obtain J.A.X.","damage_taken":0,"max_hp_gain":0,"max_hp_loss":0,"event_name":"Drug Dealer","floor":28,"gold_loss":0,"cards_obtained":["J.A.X."]},{"damage_healed":0,"gold_gain":0,"player_choice":"Opened","damage_taken":0,"relics_obtained":["Snake Skull"],"max_hp_gain":0,"max_hp_loss":0,"event_name":"The Mausoleum","floor":29,"gold_loss":0,"cards_obtained":["Writhe"]}],"is_beta":false,"boss_relics":[{"not_picked":["Ectoplasm","Tiny House"],"picked":"Busted Crown"}],"items_purged_floors":[19],"is_endless":false,"potions_floor_spawned":[3,10,13,16,18,22,30,31],"killed_by":"Champ","ascension_level":10}