{"gold_per_floor":[118,131,77,92,92,92,92,92,162,185,201,201,41,56,56,185,248,264,277,297,36,36,36,59,25,25,25,46,46,61,61,61,181,181,206,227,167,41,41,41,41,41,67,67,83,83,83,102,102,102],"floor_reached":51,"playtime":3268,"items_purged":["Decay"],"score":834,"play_id":"006448ba-75f7-4f47-b9f4-d22c418fd697","local_time":"20190121174334","is_ascension_mode":true,"campfire_choices":[{"data":"Sweeping Beam","floor":6,"key":"SMITH"},{"data":"Melter","floor":8,"key":"SMITH"},{"floor":12,"key":"REST"},{"floor":15,"key":"REST"},{"floor":23,"key":"REST"},{"floor":27,"key":"REST"},{"floor":29,"key":"REST"},{"data":"Consume","floor":32,"key":"SMITH"},{"floor":40,"key":"REST"},{"floor":44,"key":"REST"},{"floor":46,"key":"REST"},{"floor":49,"key":"REST"}],"neow_cost":"NONE","seed_source_timestamp":1033213389766250,"circlet_count":0,"master_deck":["Strike_B","Defend_B","Defend_B","Defend_B","Defend_B","Zap+1","Dualcast","Ball Lightning","Compile Driver","Sweeping Beam+1","Melter+1","Sweeping Beam","Chill+1","Coolheaded","Sunder","Fusion","Buffer+1","Sunder","Glacier","Doom and Gloom","Barrage+1","Consume+1","Barrage","Capacitor","Undo","Cold Snap","Chill","Hologram","Cold Snap","Ghostly","Ghostly","Ghostly","Ghostly","Ghostly","Core Surge","Barrage","Cold Snap+1","Beam Cell","Electrodynamics","Fission","Barrage","Loop+1","Skim+1"],"relics":["Inserter","Golden Idol","Gremlin Horn","Tiny House","Potion Belt","Fusion Hammer","StoneCalendar","War Paint"],"potions_floor_usage":[11,16,19,20,24,33,36,45,50,50],"damage_taken":[{"damage":5,"enemies":"2 Louse","floor":1,"turns":3},{"damage":0,"enemies":"Small Slimes","floor":2,"turns":3},{"damage":6,"enemies":"Cultist","floor":4,"turns":3},{"damage":18,"enemies":"Exordium Thugs","floor":10,"turns":3},{"damage":11,"enemies":"3 Louse","floor":11,"turns":2},{"damage":13,"enemies":"Red Slaver","floor":14,"turns":4},{"damage":61,"enemies":"Hexaghost","floor":16,"turns":10},{"damage":9,"enemies":"Spheric Guardian","floor":18,"turns":3},{"damage":29,"enemies":"3 Byrds","floor":19,"turns":5},{"damage":42,"enemies":"Snake Plant","floor":20,"turns":5},{"damage":5,"enemies":"Centurion and Healer","floor":24,"turns":9},{"damage":38,"enemies":"Shelled Parasite and Fungi","floor":28,"turns":9},{"damage":0,"enemies":"Sentry and Sphere","floor":30,"turns":3},{"damage":49,"enemies":"Automaton","floor":33,"turns":13},{"damage":11,"enemies":"3 Shapes","floor":35,"turns":6},{"damage":0,"enemies":"3 Darklings","floor":36,"turns":6},{"damage":8,"enemies":"Transient","floor":45,"turns":5},{"damage":21,"enemies":"Maw","floor":48,"turns":9},{"damage":6,"enemies":"Awakened One","floor":50,"turns":14}],"seed_played":"6245790140432242358","potions_obtained":[{"floor":4,"key":"FocusPotion"},{"floor":14,"key":"SkillPotion"},{"floor":16,"key":"Regen Potion"},{"floor":17,"key":"SneckoOil"},{"floor":19,"key":"FocusPotion"},{"floor":20,"key":"Block Potion"},{"floor":33,"key":"FocusPotion"},{"floor":35,"key":"EssenceOfSteel"},{"floor":45,"key":"EssenceOfSteel"},{"floor":48,"key":"SkillPotion"}],"is_trial":false,"path_per_floor":["M","M","$","M","?","R","?","R","T","M","M","R","$","M","R","B",null,"M","M","M","$","?","R","M","$","T","R","M","R","M","?","R","B",null,"M","M","?","$","T","R","?","$","T","R","M","R","?","M","R","B",null],"character_chosen":"DEFECT","items_purchased":["Sweeping Beam","Coolheaded","Sunder","Consume","Barrage","Capacitor","FairyPotion","Chill","Fission","Barrage"],"campfire_rested":9,"item_purchase_floors":[3,13,13,21,21,21,21,25,38,38],"current_hp_per_floor":[70,70,70,64,64,64,64,64,64,46,35,57,57,44,66,5,80,71,51,9,9,9,33,28,28,28,52,14,38,38,38,38,4,40,29,29,29,29,29,40,40,40,40,40,32,40,40,19,31,25],"gold":102,"neow_bonus":"BOSS_RELIC","is_prod":false,"is_daily":false,"chose_seed":false,"campfire_upgraded":3,"win_rate":0,"timestamp":1548121414,"path_taken":["M","M","$","M","?","R","?","R","T","M","?","R","?","M","R","BOSS","M","M","M","$","?","R","?","$","T","R","M","R","M","?","R","BOSS","M","M","?","$","?","R","?","?","T","R","?","R","?","M","R","BOSS"],"build_version":"2019-01-17v2","purchased_purges":1,"victory":true,"max_hp_per_floor":[75,75,75,75,75,75,75,75,75,75,75,75,75,75,75,75,80,80,80,80,80,80,80,80,80,80,80,80,80,80,40,40,40,40,40,40,40,40,40,40,40,40,40,40,40,40,40,40,40,40],"card_choices":[{"not_picked":["Gash","Lockon"],"picked":"Ball Lightning","floor":1},{"not_picked":["Steam","Steam Power"],"picked":"Compile Driver","floor":2},{"not_picked":["Sweeping Beam","Auto Shields"],"picked":"Melter","floor":4},{"not_picked":["Melter","Steam"],"picked":"Sweeping Beam","floor":10},{"not_picked":["Turbo","Sweeping Beam"],"picked":"Chill","floor":11},{"not_picked":["Beam Cell","Loop"],"picked":"Fusion","floor":14},{"not_picked":["Amplify","Biased Cognition"],"picked":"Buffer","floor":16},{"not_picked":["Sweeping Beam","Steam Power"],"picked":"Sunder","floor":17},{"not_picked":["Gash","Lockon"],"picked":"Glacier","floor":18},{"not_picked":["Tempest+1","Sunder"],"picked":"Doom and Gloom","floor":19},{"not_picked":["Coolheaded","Chaos+1"],"picked":"Barrage+1","floor":20},{"not_picked":["Hello World+1","Scrape+1"],"picked":"Cold Snap","floor":24},{"not_picked":["Turbo+1","Static Discharge"],"picked":"Hologram","floor":28},{"not_picked":["Heatsinks","Storm"],"picked":"Cold Snap","floor":30},{"not_picked":["All For One","Thunder Strike"],"picked":"Core Surge","floor":33},{"not_picked":["Rip and Tear","Tempest+1"],"picked":"Barrage","floor":35},{"not_picked":["Redo","Leap+1"],"picked":"Cold Snap+1","floor":36},{"not_picked":["Biased Cognition","Genetic Algorithm+1"],"picked":"Loop+1","floor":45},{"not_picked":["Cold Snap+1","Reinforced Body+1"],"picked":"Skim+1","floor":48}],"player_experience":589396,"relics_obtained":[{"floor":9,"key":"Gremlin Horn"},{"floor":26,"key":"Potion Belt"},{"floor":39,"key":"StoneCalendar"},{"floor":43,"key":"War Paint"}],"event_choices":[{"damage_healed":0,"gold_gain":0,"player_choice":"Take Wound","damage_taken":0,"relics_obtained":["Golden Idol"],"max_hp_gain":0,"max_hp_loss":0,"event_name":"Golden Idol","floor":5,"gold_loss":0,"cards_obtained":["Injury"]},{"damage_healed":0,"gold_gain":0,"player_choice":"Cursed","damage_taken":0,"max_hp_gain":0,"max_hp_loss":0,"event_name":"Wheel of Change","floor":7,"gold_loss":0,"cards_obtained":["Decay"]},{"damage_healed":0,"gold_gain":0,"cards_transformed":["Strike_B"],"player_choice":"Transformed","damage_taken":0,"max_hp_gain":0,"max_hp_loss":0,"event_name":"Transmorgrifier","floor":22,"gold_loss":0,"cards_obtained":["Undo"]},{"damage_healed":0,"gold_gain":0,"player_choice":"Became a Ghost","damage_taken":0,"max_hp_gain":0,"max_hp_loss":40,"event_name":"Ghosts","floor":31,"gold_loss":0,"cards_obtained":["Ghostly","Ghostly","Ghostly","Ghostly","Ghostly"]},{"damage_healed":0,"gold_gain":0,"cards_transformed":["Strike_B","Strike_B"],"player_choice":"Transformed Cards","damage_taken":0,"max_hp_gain":0,"max_hp_loss":0,"event_name":"Designer","floor":37,"gold_loss":60,"cards_obtained":["Beam Cell","Electrodynamics"]},{"damage_healed":0,"gold_gain":0,"player_choice":"Ignored","damage_taken":0,"max_hp_gain":0,"max_hp_loss":0,"event_name":"Mysterious Sphere","floor":41,"gold_loss":0},{"cards_removed":["Injury"],"damage_healed":0,"gold_gain":0,"player_choice":"Purged","damage_taken":0,"max_hp_gain":0,"max_hp_loss":0,"event_name":"Purifier","floor":47,"gold_loss":0}],"is_beta":false,"boss_relics":[{"not_picked":["Snecko Eye","Coffee Dripper"],"picked":"Tiny House"},{"not_picked":["Calling Bell","Lizard Tail"],"picked":"Fusion Hammer"}],"items_purged_floors":[13],"is_endless":false,"potions_floor_spawned":[4,14,16,19,20,33,35,45,48],"ascension_level":4}