{"gold_per_floor":[109,184,202,48,48,48,83,83,83,111,111,124,24,39,39,113,113,133,8,8,28,78,78,96,96,119,151,151,151,169,186,186,264,264,284,284,301,316,166,166,182,7,33,60,79,79,79,98,98,98,98,98,98,19,45,45],"floor_reached":57,"playtime":2441,"items_purged":["Strike_G","Strike_G","Strike_G","Defend_G","Defend_G"],"score":2645,"play_id":"aa642a7d-c240-4a3d-a73b-979d1e6a95d0","local_time":"20190513191418","is_ascension_mode":true,"campfire_choices":[{"data":"Flechettes","floor":6.0,"key":"SMITH"},{"data":"Neutralize","floor":8.0,"key":"SMITH"},{"data":"Envenom","floor":15.0,"key":"SMITH"},{"data":"Reflex","floor":25.0,"key":"SMITH"},{"data":"Malaise","floor":29,"key":"SMITH"},{"data":"Escape Plan","floor":32,"key":"SMITH"},{"data":"Footwork","floor":40,"key":"SMITH"},{"data":"Tactician","floor":47,"key":"SMITH"},{"floor":49,"key":"RECALL"},{"data":"Acrobatics","floor":53,"key":"SMITH"}],"neow_cost":"NONE","seed_source_timestamp":271678857225604,"circlet_count":0,"master_deck":["AscendersBane","Defend_G","Defend_G","Survivor","Neutralize+1","Flechettes+1","Well Laid Plans+1","Backflip","Envenom+1","Escape Plan+1","Malaise+1","Reflex+1","Endless Agony","Predator","Prepared+1","PiercingWail","Terror+1","Footwork+1","Acrobatics+1","Well Laid Plans+1","Tactician+1","Footwork"],"special_seed":0,"relics":["Ring of the Snake","NeowsBlessing","Orichalcum","Torii","Darkstone Periapt","Shuriken","Coffee Dripper","Blood Vial","Letter Opener","Orrery","Boot","Anchor"],"potions_floor_usage":[50],"damage_taken":[{"damage":0.0,"enemies":"Jaw Worm","floor":1.0,"turns":1.0},{"damage":0.0,"enemies":"Small Slimes","floor":3.0,"turns":1.0},{"damage":0.0,"enemies":"Lagavulin","floor":7.0,"turns":1.0},{"damage":18.0,"enemies":"Gremlin Nob","floor":10.0,"turns":4.0},{"damage":0.0,"enemies":"Cultist","floor":12.0,"turns":3.0},{"damage":0.0,"enemies":"2 Fungi Beasts","floor":14.0,"turns":3.0},{"damage":1.0,"enemies":"Hexaghost","floor":16.0,"turns":8.0},{"damage":12.0,"enemies":"Spheric Guardian","floor":18.0,"turns":6.0},{"damage":19.0,"enemies":"2 Thieves","floor":21.0,"turns":5.0},{"damage":10.0,"enemies":"Centurion and Healer","floor":24.0,"turns":4.0},{"damage":40.0,"enemies":"Slavers","floor":27.0,"turns":6.0},{"damage":3,"enemies":"Cultist and Chosen","floor":30,"turns":9},{"damage":0,"enemies":"Snecko","floor":31,"turns":6},{"damage":1,"enemies":"Automaton","floor":33,"turns":6},{"damage":1,"enemies":"3 Shapes","floor":35,"turns":4},{"damage":1,"enemies":"Orb Walker","floor":37,"turns":3},{"damage":0,"enemies":"Maw","floor":38,"turns":4},{"damage":11,"enemies":"3 Darklings","floor":41,"turns":4},{"damage":1,"enemies":"Giant Head","floor":44,"turns":4},{"damage":1,"enemies":"Transient","floor":45,"turns":6},{"damage":0,"enemies":"Jaw Worm Horde","floor":48,"turns":3},{"damage":2,"enemies":"Time Eater","floor":50,"turns":8},{"damage":6,"enemies":"Donu and Deca","floor":51,"turns":4},{"damage":21,"enemies":"Shield and Spear","floor":55,"turns":5},{"damage":40,"enemies":"The Heart","floor":56,"turns":8}],"seed_played":"757805547459522844","potions_obtained":[{"floor":3.0,"key":"Block Potion"},{"floor":10.0,"key":"GamblersBrew"},{"floor":16.0,"key":"SkillPotion"},{"floor":21.0,"key":"Regen Potion"},{"floor":30,"key":"Poison Potion"},{"floor":35,"key":"FearPotion"},{"floor":41,"key":"GhostInAJar"}],"is_trial":false,"path_per_floor":["M","?","M","$","?","R","E","R","T","E","T","M","$","M","R","B",null,"M","$","?","M","?","?","M","R","T","E","?","R","M","M","R","B",null,"M","?","M","M","$","R","M","$","T","E","M","$","R","M","R","B","B",null,"R","$","E","B",null],"character_chosen":"THE_SILENT","items_purchased":["Well Laid Plans","Footwork"],"campfire_rested":0,"item_purchase_floors":[4,54],"current_hp_per_floor":[59,48,48,48,41,41,41,41,41,23,23,23,23,23,23,22,55,43,43,66,47,47,47,37,37,37,11,11,11,10,12,12,13,53,54,54,55,57,57,57,48,48,48,49,50,50,50,52,52,52,48,62,62,62,43,5],"gold":45,"neow_bonus":"THREE_ENEMY_KILL","is_prod":false,"is_daily":false,"chose_seed":false,"campfire_upgraded":9,"win_rate":0,"timestamp":1557746058,"path_taken":["M","?","M","$","?","R","E","R","T","E","?","M","?","?","R","BOSS","M","$","?","?","?","?","M","R","T","E","?","R","M","?","R","BOSS","M","?","?","M","$","R","?","$","T","E","?","?","R","?","R","BOSS","BOSS","R","$","E","BOSS"],"build_version":"2019-01-23","purchased_purges":5,"victory":true,"max_hp_per_floor":[66,66,66,66,66,66,66,66,66,66,66,66,66,66,66,66,66,66,66,66,66,66,66,66,66,66,66,66,66,66,66,66,66,66,66,66,66,66,66,66,66,66,66,66,66,66,66,66,66,66,66,66,66,66,66,66],"card_choices":[{"not_picked":["Flying Knee","Dagger Spray"],"picked":"Flechettes","floor":1.0},{"not_picked":["Predator","Sucker Punch","Slice"],"picked":"SKIP","floor":3.0},{"not_picked":["Dodge and Roll","Endless Agony"],"picked":"Backflip","floor":7.0},{"not_picked":["Sucker Punch","Quick Slash","Envenom"],"picked":"SKIP","floor":10.0},{"not_picked":["Sucker Punch","Quick Slash"],"picked":"Envenom","floor":10.0},{"not_picked":["Slice","PiercingWail"],"picked":"Escape Plan","floor":12.0},{"not_picked":["Blade Dance","Bouncing Flask","Backflip"],"picked":"SKIP","floor":14.0},{"not_picked":["Bullet Time","Doppelganger"],"picked":"Malaise","floor":16.0},{"not_picked":["Poisoned Stab","Bouncing Flask"],"picked":"Reflex","floor":18.0},{"not_picked":["Distraction","Deadly Poison","Flying Knee"],"picked":"SKIP","floor":21.0},{"not_picked":["Heel Hook","Eviscerate"],"picked":"Prepared+1","floor":24.0},{"not_picked":["Deflect+1","Slice"],"picked":"PiercingWail","floor":27.0},{"not_picked":["Blade Dance","Sucker Punch","Backflip+1"],"picked":"SKIP","floor":30},{"not_picked":["Endless Agony","Blade Dance","Expertise"],"picked":"SKIP","floor":31},{"not_picked":["Prepared","Dodge and Roll"],"picked":"Terror+1","floor":34},{"not_picked":["Caltrops","Slice"],"picked":"Footwork","floor":34},{"not_picked":["PiercingWail","Backflip"],"picked":"Acrobatics","floor":35},{"not_picked":["Bane","Dash","Caltrops+1"],"picked":"SKIP","floor":37},{"not_picked":["Dagger Spray","Bane","Deadly Poison"],"picked":"SKIP","floor":38},{"not_picked":["Quick Slash","Deadly Poison","Bane"],"picked":"SKIP","floor":41},{"not_picked":["Night Terror","PiercingWail+1","Finisher+1"],"picked":"SKIP","floor":44},{"not_picked":["Dodge and Roll","Outmaneuver"],"picked":"Tactician","floor":45},{"not_picked":["Dagger Spray","Choke","Endless Agony"],"picked":"SKIP","floor":48},{"not_picked":["Setup+1","Acrobatics+1","Backflip"],"picked":"SKIP","floor":55}],"player_experience":1646908,"relics_obtained":[{"floor":7.0,"key":"Orichalcum"},{"floor":9.0,"key":"Torii"},{"floor":10.0,"key":"Darkstone Periapt"},{"floor":11.0,"key":"Shuriken"},{"floor":26.0,"key":"Blood Vial"},{"floor":27.0,"key":"Letter Opener"},{"floor":44,"key":"Boot"},{"floor":55,"key":"Anchor"}],"event_choices":[{"damage_healed":0.0,"max_hp_gain":0.0,"max_hp_loss":0.0,"gold_gain":75.0,"event_name":"World of Goop","player_choice":"Gather Gold","floor":2.0,"gold_loss":0.0,"damage_taken":11.0},{"cards_removed":["Strike_G"],"damage_healed":0.0,"max_hp_gain":0.0,"max_hp_loss":0.0,"gold_gain":0.0,"event_name":"Golden Wing","player_choice":"Card Removal","floor":5.0,"gold_loss":0.0,"damage_taken":7.0},{"damage_healed":23.0,"max_hp_gain":0.0,"max_hp_loss":0.0,"gold_gain":0.0,"event_name":"Wheel of Change","player_choice":"Full Heal","floor":20.0,"gold_loss":0.0,"damage_taken":0.0},{"damage_healed":0.0,"max_hp_gain":0.0,"max_hp_loss":0.0,"gold_gain":50.0,"event_name":"Nest","player_choice":"Stole From Cult","floor":22.0,"gold_loss":0.0,"damage_taken":0.0},{"damage_healed":0.0,"max_hp_gain":0.0,"max_hp_loss":0.0,"gold_gain":0.0,"cards_transformed":["Strike_G","Defend_G"],"event_name":"Drug Dealer","player_choice":"Became Test Subject","floor":23.0,"gold_loss":0.0,"damage_taken":0.0,"cards_obtained":["Endless Agony","Predator"]},{"damage_healed":0,"gold_gain":0,"player_choice":"Forge","damage_taken":0,"max_hp_gain":0,"max_hp_loss":0,"event_name":"Accursed Blacksmith","floor":28,"gold_loss":0,"cards_upgraded":["Well Laid Plans"]},{"damage_healed":0,"gold_gain":0,"player_choice":"Copied","damage_taken":0,"max_hp_gain":0,"max_hp_loss":0,"event_name":"Duplicator","floor":36,"gold_loss":0,"cards_obtained":["Well Laid Plans"]}],"is_beta":false,"boss_relics":[{"not_picked":["Sozu","Ring of the Serpent"],"picked":"Coffee Dripper"},{"not_picked":["Busted Crown","White Beast Statue"],"picked":"Orrery"}],"items_purged_floors":[4,13,19,39,42],"is_endless":false,"potions_floor_spawned":[3,10,16,18,21,30,35,38,41],"ascension_level":20}