{"gold_per_floor":[113,113,113,188,203,232,232,251,275,21,21,54,54,115,115,115],"floor_reached":16,"playtime":637,"items_purged":[],"score":212,"play_id":"8bd3fceb-0012-4e81-ab5c-ecb924095f34","local_time":"20190123184545","is_ascension_mode":true,"campfire_choices":[{"data":"Armaments","floor":7,"key":"SMITH"},{"floor":15,"key":"REST"}],"neow_cost":"NONE","seed_source_timestamp":3731107818000,"circlet_count":0,"master_deck":["AscendersBane","Strike_R","Strike_R+1","Strike_R","Strike_R","Strike_R+1","Defend_R","Defend_R","Defend_R","Defend_R","Bash","Armaments+1","Regret","Thunderclap","Power Through","Flex","Evolve","Pommel Strike"],"relics":["Burning Blood","NeowsBlessing","Oddly Smooth Stone","Happy Flower","Regal Pillow","Orichalcum","Mummified Hand","Strawberry","Tiny Chest"],"potions_floor_usage":[14,14,16],"damage_taken":[{"damage":0,"enemies":"2 Louse","floor":1,"turns":1},{"damage":0,"enemies":"Jaw Worm","floor":5,"turns":1},{"damage":0,"enemies":"3 Sentries","floor":6,"turns":1},{"damage":3,"enemies":"Small Slimes","floor":8,"turns":5},{"damage":39,"enemies":"Gremlin Nob","floor":12,"turns":7},{"damage":18,"enemies":"3 Sentries","floor":14,"turns":8},{"damage":68,"enemies":"Hexaghost","floor":16,"turns":9}],"seed_played":"-5036055327336510120","potions_obtained":[{"floor":1,"key":"SkillPotion"},{"floor":5,"key":"FearPotion"},{"floor":12,"key":"EssenceOfSteel"}],"is_trial":false,"path_per_floor":["?","T","?","?"],"character_chosen":"IRONCLAD","items_purchased":["Mummified Hand"],"campfire_rested":1,"item_purchase_floors":[10],"current_hp_per_floor":[78,78,78,67,73,79,79,80,80,80,64,38,38,26,67,0],"gold":115,"neow_bonus":"THREE_ENEMY_KILL","is_prod":false,"is_daily":false,"chose_seed":false,"campfire_upgraded":1,"win_rate":0,"timestamp":1548265545,"path_taken":["M","?","?","?","M","E","R","M","T","$","?","E","$","E","R","BOSS"],"build_version":"2019-01-23","purchased_purges":0,"victory":false,"max_hp_per_floor":[80,80,80,80,80,80,80,80,80,80,80,87,87,87,87,87],"card_choices":[{"not_picked":["Fire Breathing","Clothesline"],"picked":"Armaments","floor":1},{"not_picked":["Heavy Blade","Pommel Strike"],"picked":"Thunderclap","floor":5},{"not_picked":["Flex","Uppercut"],"picked":"Power Through","floor":6},{"not_picked":["Twin Strike","Feel No Pain"],"picked":"Flex","floor":8},{"not_picked":["Second Wind","Blood for Blood"],"picked":"Evolve","floor":12},{"not_picked":["Reckless Charge","Whirlwind"],"picked":"Pommel Strike","floor":14}],"player_experience":1280126,"relics_obtained":[{"floor":3,"key":"Happy Flower"},{"floor":6,"key":"Regal Pillow"},{"floor":9,"key":"Orichalcum"},{"floor":12,"key":"Strawberry"},{"floor":14,"key":"Tiny Chest"}],"event_choices":[{"damage_healed":0,"gold_gain":0,"player_choice":"Box","damage_taken":0,"relics_obtained":["Oddly Smooth Stone"],"max_hp_gain":0,"max_hp_loss":0,"event_name":"Big Fish","floor":2,"gold_loss":0,"cards_obtained":["Regret"]},{"damage_healed":0,"gold_gain":75,"player_choice":"Gather Gold","damage_taken":11,"max_hp_gain":0,"max_hp_loss":0,"event_name":"World of Goop","floor":4,"gold_loss":0},{"damage_healed":0,"gold_gain":0,"player_choice":"Entered Light","damage_taken":16,"max_hp_gain":0,"max_hp_loss":0,"event_name":"Shining Light","floor":11,"gold_loss":0,"cards_upgraded":["Strike_R","Strike_R"]}],"is_beta":false,"boss_relics":[],"items_purged_floors":[],"is_endless":false,"potions_floor_spawned":[1,5,12],"killed_by":"Hexaghost","ascension_level":10}