{"gold_per_floor":[113,126,126,137,152,186,186,203,203,203,203,203,218,231,231,350,350,373,389,389,17,35,35,35,48,48,48,61,61,84,34,34,34],"floor_reached":33,"playtime":1605,"items_purged":[],"score":402,"play_id":"45234af4-b3f1-4747-a304-0700be393756","local_time":"20190223210958","is_ascension_mode":true,"campfire_choices":[{"floor":7,"key":"REST"},{"data":"Caltrops","floor":10,"key":"SMITH"},{"floor":15,"key":"REST"},{"floor":23,"key":"REST"},{"floor":27,"key":"REST"},{"floor":32,"key":"REST"}],"neow_cost":"NONE","seed_source_timestamp":558770374001699,"circlet_count":0,"master_deck":["AscendersBane","Defend_G","Defend_G","Defend_G","Defend_G","Defend_G","Survivor","Neutralize","Dramatic Entrance","Noxious Fumes+1","Bane","Blur","Caltrops+1","Terror","Injury","Phantasmal Killer","Burst","Dagger Spray+1","Bite","Bite","Bite","Bite","Bite","Dash","Malaise","Footwork+1"],"relics":["Ring of the Snake","Whetstone","Dodecahedron","Art of War","Golden Idol","Black Star","Vajra","Bag of Marbles","Frozen Egg 2","Thread and Needle"],"potions_floor_usage":[5,6,16,18,19,22],"damage_taken":[{"damage":0,"enemies":"Small Slimes","floor":1,"turns":4},{"damage":0,"enemies":"Cultist","floor":2,"turns":4},{"damage":7,"enemies":"Jaw Worm","floor":4,"turns":3},{"damage":1,"enemies":"Looter","floor":5,"turns":4},{"damage":12,"enemies":"3 Sentries","floor":6,"turns":6},{"damage":1,"enemies":"3 Louse","floor":8,"turns":2},{"damage":3,"enemies":"Exordium Wildlife","floor":13,"turns":3},{"damage":4,"enemies":"Looter","floor":14,"turns":4},{"damage":29,"enemies":"The Guardian","floor":16,"turns":10},{"damage":24,"enemies":"3 Byrds","floor":18,"turns":4},{"damage":3,"enemies":"Chosen","floor":19,"turns":3},{"damage":14,"enemies":"Snecko","floor":22,"turns":4},{"damage":38,"enemies":"Cultist and Chosen","floor":25,"turns":6},{"damage":13,"enemies":"Snake Plant","floor":28,"turns":6},{"damage":17,"enemies":"Chosen and Byrds","floor":30,"turns":6},{"damage":53,"enemies":"Automaton","floor":33,"turns":6}],"seed_played":"6148389383931662451","potions_obtained":[{"floor":2,"key":"GamblersBrew"},{"floor":4,"key":"Strength Potion"},{"floor":8,"key":"Block Potion"},{"floor":16,"key":"Fruit Juice"},{"floor":18,"key":"AttackPotion"},{"floor":19,"key":"Block Potion"}],"is_trial":false,"path_per_floor":["M","M","?","M","M","E","R","M","T","R","?","?","M","M","R","B",null,"M","M","?","$","M","R","$","M","T","R","M","?","M","?","R","B"],"character_chosen":"THE_SILENT","items_purchased":["Vajra","Bag of Marbles","Dash"],"campfire_rested":5,"item_purchase_floors":[21,21,21],"current_hp_per_floor":[63,63,63,56,55,43,64,63,63,63,51,51,48,44,65,36,62,43,40,40,40,34,49,49,16,16,31,28,28,21,21,36,0],"gold":34,"neow_bonus":"RANDOM_COLORLESS","is_prod":false,"is_daily":false,"chose_seed":false,"campfire_upgraded":1,"win_rate":0,"timestamp":1550952598,"path_taken":["M","M","?","?","M","E","R","M","T","R","?","?","M","M","R","BOSS","M","M","?","$","M","R","$","M","T","R","M","?","M","?","R","BOSS"],"build_version":"2019-01-23","purchased_purges":0,"victory":false,"max_hp_per_floor":[70,70,70,70,70,70,70,70,70,70,70,70,70,70,70,70,70,75,75,52,52,52,52,52,52,52,52,52,52,52,52,52,52],"card_choices":[{"not_picked":["Leg Sweep","Dagger Throw"],"picked":"Noxious Fumes","floor":1},{"not_picked":["Deflect","Backflip"],"picked":"Bane","floor":2},{"not_picked":["Slice","Heel Hook"],"picked":"Blur","floor":4},{"not_picked":["Accuracy","Acrobatics","Endless Agony"],"picked":"SKIP","floor":5},{"not_picked":["Dagger Throw","Bane"],"picked":"Caltrops","floor":6},{"not_picked":["Acrobatics","Prepared"],"picked":"Terror","floor":8},{"not_picked":["Flying Knee","Sucker Punch"],"picked":"Phantasmal Killer","floor":13},{"not_picked":["Choke","Tactician","Slice"],"picked":"SKIP","floor":14},{"not_picked":["After Image","Unload"],"picked":"Burst","floor":16},{"not_picked":["PiercingWail","Flechettes"],"picked":"Dagger Spray+1","floor":18},{"not_picked":["Underhanded Strike","Blade Dance","Outmaneuver"],"picked":"SKIP","floor":19},{"not_picked":["Skewer","Deflect","Cloak And Dagger"],"picked":"SKIP","floor":22},{"not_picked":["Bane","Prepared"],"picked":"Malaise","floor":25},{"not_picked":["Accuracy+1","Poisoned Stab","Eviscerate"],"picked":"SKIP","floor":28},{"not_picked":["PiercingWail","Choke"],"picked":"Footwork+1","floor":30}],"player_experience":1418435,"relics_obtained":[{"floor":6,"key":"Whetstone"},{"floor":9,"key":"Dodecahedron"},{"floor":26,"key":"Frozen Egg 2"}],"event_choices":[{"damage_healed":0,"gold_gain":0,"player_choice":"Upgraded","damage_taken":0,"max_hp_gain":0,"max_hp_loss":0,"event_name":"Upgrade Shrine","floor":3,"gold_loss":0,"cards_upgraded":["Noxious Fumes"]},{"damage_healed":0,"gold_gain":0,"player_choice":"Success","damage_taken":12,"relics_obtained":["Art of War"],"max_hp_gain":0,"max_hp_loss":0,"event_name":"Scrap Ooze","floor":11,"gold_loss":0},{"damage_healed":0,"gold_gain":0,"player_choice":"Take Wound","damage_taken":0,"relics_obtained":["Golden Idol"],"max_hp_gain":0,"max_hp_loss":0,"event_name":"Golden Idol","floor":12,"gold_loss":0,"cards_obtained":["Injury"]},{"damage_healed":0,"gold_gain":0,"player_choice":"Became a vampire","damage_taken":0,"max_hp_gain":0,"max_hp_loss":23,"event_name":"Vampires","floor":20,"gold_loss":0,"cards_obtained":["Bite","Bite","Bite","Bite","Bite"]},{"damage_healed":0,"gold_gain":0,"player_choice":"Opened","damage_taken":0,"relics_obtained":["Thread and Needle"],"max_hp_gain":0,"max_hp_loss":0,"event_name":"The Mausoleum","floor":29,"gold_loss":0},{"damage_healed":0,"gold_gain":0,"player_choice":"Bet on Murderer","damage_taken":0,"max_hp_gain":0,"max_hp_loss":0,"event_name":"The Joust","floor":31,"gold_loss":50}],"is_beta":false,"boss_relics":[{"not_picked":["WristBlade","Fusion Hammer"],"picked":"Black Star"}],"items_purged_floors":[],"is_endless":false,"potions_floor_spawned":[2,4,8,16,18,19],"killed_by":"Automaton","ascension_level":10}