{"gold_per_floor":[117,117,132,132,143,171,189,209,232,232,245,245,275,340,340,443,443,459,476,476,476,98,98,98],"floor_reached":24,"playtime":1180,"items_purged":["Decay"],"score":359,"play_id":"397d90dd-cfd4-427a-8b67-8222d63b2c73","local_time":"20190302210708","is_ascension_mode":true,"campfire_choices":[{"floor":10,"key":"REST"},{"data":"Body Slam","floor":12,"key":"SMITH"},{"data":"Bash","floor":15,"key":"SMITH"},{"floor":23,"key":"REST"}],"neow_cost":"TEN_PERCENT_HP_LOSS","seed_source_timestamp":354446650435000,"circlet_count":0,"master_deck":["AscendersBane","Strike_R","Strike_R","Strike_R","Strike_R","Strike_R","Defend_R+1","Defend_R","Defend_R","Defend_R","Bash+1","Feed+1","Rampage","Body Slam+1","Impervious+1","Rampage","Cleave","Impervious","Limit Break","Shame","Writhe","Intimidate+1"],"relics":["Burning Blood","Mercury Hourglass","War Paint","Centennial Puzzle","Juzu Bracelet","Calling Bell","Strawberry","Pantograph","Ginger","StoneCalendar"],"potions_floor_usage":[6,8,13,18],"damage_taken":[{"damage":0,"enemies":"Small Slimes","floor":1,"turns":2},{"damage":6,"enemies":"Cultist","floor":3,"turns":4},{"damage":2,"enemies":"Jaw Worm","floor":5,"turns":3},{"damage":40,"enemies":"Lagavulin","floor":6,"turns":7},{"damage":4,"enemies":"Large Slime","floor":7,"turns":4},{"damage":0,"enemies":"Lots of Slimes","floor":8,"turns":1},{"damage":1,"enemies":"Red Slaver","floor":11,"turns":3},{"damage":10,"enemies":"3 Sentries","floor":13,"turns":4},{"damage":7,"enemies":"3 Sentries","floor":14,"turns":4},{"damage":43,"enemies":"Slime Boss","floor":16,"turns":9},{"damage":7,"enemies":"Shell Parasite","floor":18,"turns":4},{"damage":8,"enemies":"Spheric Guardian","floor":19,"turns":4},{"damage":96,"enemies":"Book of Stabbing","floor":24,"turns":7}],"seed_played":"-6704991825655432512","potions_obtained":[{"floor":1,"key":"Poison Potion"},{"floor":4,"key":"PowerPotion"},{"floor":4,"key":"Explosive Potion"},{"floor":4,"key":"Strength Potion"},{"floor":6,"key":"Weak Potion"},{"floor":16,"key":"Explosive Potion"},{"floor":19,"key":"FearPotion"}],"is_trial":false,"path_per_floor":["M","?","M","?","M","E","M","M","T","R","M","R","E","?","R","B",null,"M","M","?","?","$","R","E"],"character_chosen":"IRONCLAD","items_purchased":["StoneCalendar"],"campfire_rested":2,"item_purchase_floors":[22],"current_hp_per_floor":[75,75,79,79,83,49,51,57,57,81,87,87,87,90,90,57,96,95,93,83,61,61,94,0],"gold":98,"neow_bonus":"THREE_RARE_CARDS","is_prod":false,"is_daily":false,"chose_seed":false,"campfire_upgraded":2,"win_rate":0,"timestamp":1551557228,"path_taken":["M","?","?","?","M","E","M","M","T","R","?","R","E","?","R","BOSS","M","M","?","?","$","R","E"],"build_version":"2019-01-23","purchased_purges":1,"victory":false,"max_hp_per_floor":[75,75,79,79,83,83,83,83,83,83,87,87,91,95,95,99,106,106,106,106,111,111,111,111],"card_choices":[{"not_picked":["Reaper","Fiend Fire"],"picked":"Feed","floor":0},{"not_picked":["Pommel Strike","Heavy Blade"],"picked":"Rampage","floor":1},{"not_picked":["Clash","Ghostly Armor"],"picked":"Body Slam","floor":3},{"not_picked":["Heavy Blade","Wild Strike","Combust"],"picked":"SKIP","floor":5},{"not_picked":["Clothesline","Warcry"],"picked":"Impervious","floor":6},{"not_picked":["Clash","Armaments"],"picked":"Rampage","floor":7},{"not_picked":["Clash","Pommel Strike"],"picked":"Cleave","floor":8},{"not_picked":["Rampage","Armaments","Twin Strike"],"picked":"SKIP","floor":11},{"not_picked":["Iron Wave","Second Wind","Clash"],"picked":"SKIP","floor":13},{"not_picked":["Entrench","Cleave"],"picked":"Impervious","floor":14},{"not_picked":["Immolate","Fiend Fire"],"picked":"Limit Break","floor":16},{"not_picked":["Sever Soul","Evolve"],"picked":"Intimidate+1","floor":18},{"not_picked":["Thunderclap","Pummel","Iron Wave+1"],"picked":"SKIP","floor":19}],"player_experience":1446622,"relics_obtained":[{"floor":6,"key":"Mercury Hourglass"},{"floor":9,"key":"War Paint"},{"floor":13,"key":"Centennial Puzzle"},{"floor":14,"key":"Juzu Bracelet"},{"floor":17,"key":"Strawberry"},{"floor":17,"key":"Pantograph"},{"floor":17,"key":"Ginger"}],"event_choices":[{"damage_healed":0,"gold_gain":0,"player_choice":"Upgraded","damage_taken":0,"max_hp_gain":0,"max_hp_loss":0,"event_name":"Upgrade Shrine","floor":2,"gold_loss":0,"cards_upgraded":["Feed"]},{"damage_healed":0,"gold_gain":0,"player_choice":"Got Potions","damage_taken":0,"max_hp_gain":0,"max_hp_loss":0,"event_name":"Lab","floor":4,"gold_loss":0},{"damage_healed":0,"gold_gain":30,"player_choice":"Searched \u00273\u0027 times","damage_taken":0,"max_hp_gain":0,"max_hp_loss":0,"event_name":"Dead Adventurer","floor":14,"gold_loss":0},{"damage_healed":0,"gold_gain":0,"player_choice":"","damage_taken":10,"max_hp_gain":0,"max_hp_loss":0,"event_name":"Knowing Skull","floor":20,"potions_obtained":[],"gold_loss":0,"cards_obtained":[]},{"damage_healed":0,"gold_gain":0,"player_choice":"Shed Blood","damage_taken":27,"max_hp_gain":5,"max_hp_loss":0,"event_name":"Forgotten Altar","floor":21,"gold_loss":0}],"is_beta":false,"boss_relics":[{"not_picked":["Velvet Choker","Runic Cube"],"picked":"Calling Bell"}],"items_purged_floors":[22],"is_endless":false,"potions_floor_spawned":[1,6,7,16,19],"killed_by":"Book of Stabbing","ascension_level":10}