{"gold_per_floor":[18,28,28,43,43,76,76,102,102,42,63,83,97,113,113,208,208,226,237,29,29,48,48],"floor_reached":23,"playtime":1029,"items_purged":["Defend_R"],"score":290,"play_id":"a74c1c70-f922-4fe9-8ab5-d82a6f5a1ffa","local_time":"20190126130003","is_ascension_mode":true,"campfire_choices":[{"data":"Bash","floor":7,"key":"SMITH"},{"floor":15,"key":"REST"}],"neow_cost":"NO_GOLD","seed_source_timestamp":241797551163000,"circlet_count":0,"master_deck":["AscendersBane","Strike_R+1","Strike_R","Strike_R+1","Defend_R+1","Defend_R","Defend_R+1","Bash+1","Spot Weakness","Heavy Blade","Clash","Warcry","Evolve","Flame Barrier","Body Slam","Limit Break","Warcry","Pommel Strike"],"relics":["Burning Blood","War Paint","Omamori","The Courier","Odd Mushroom","Cursed Key","Gremlin Horn","Du-Vu Doll"],"potions_floor_usage":[4,11,13],"damage_taken":[{"damage":14,"enemies":"Small Slimes","floor":1,"turns":5},{"damage":1,"enemies":"Cultist","floor":2,"turns":3},{"damage":4,"enemies":"Jaw Worm","floor":4,"turns":4},{"damage":20,"enemies":"3 Sentries","floor":6,"turns":6},{"damage":14,"enemies":"The Mushroom Lair","floor":11,"turns":4},{"damage":10,"enemies":"Blue Slaver","floor":12,"turns":3},{"damage":0,"enemies":"3 Louse","floor":13,"turns":4},{"damage":8,"enemies":"Exordium Wildlife","floor":14,"turns":4},{"damage":64,"enemies":"Hexaghost","floor":16,"turns":11},{"damage":10,"enemies":"Shell Parasite","floor":18,"turns":5},{"damage":25,"enemies":"2 Thieves","floor":19,"turns":5},{"damage":19,"enemies":"Snecko","floor":22,"turns":5},{"damage":31,"enemies":"Book of Stabbing","floor":23,"turns":3}],"seed_played":"8372635440046827460","potions_obtained":[{"floor":1,"key":"Weak Potion"},{"floor":2,"key":"Poison Potion"},{"floor":11,"key":"Fire Potion"},{"floor":19,"key":"Energy Potion"}],"is_trial":false,"path_per_floor":["M","M","?","M","?","E","R","T","T","$","?","M","M","M","R","B",null,"M","M","$","?","M","E"],"character_chosen":"IRONCLAD","items_purchased":["Gremlin Horn"],"campfire_rested":1,"item_purchase_floors":[20],"current_hp_per_floor":[64,69,80,80,64,50,50,50,50,50,42,38,44,42,66,8,62,58,39,39,39,26,0],"gold":48,"neow_bonus":"REMOVE_TWO","is_prod":false,"is_daily":false,"chose_seed":false,"campfire_upgraded":1,"win_rate":0,"timestamp":1548504003,"path_taken":["M","M","?","?","?","E","R","?","T","?","?","M","M","M","R","BOSS","M","M","$","?","M","E"],"build_version":"2019-01-23","purchased_purges":1,"victory":false,"max_hp_per_floor":[80,80,80,80,80,80,80,80,80,80,80,80,80,80,80,80,80,80,80,80,80,80,80],"card_choices":[{"not_picked":["Rage","Seeing Red"],"picked":"Spot Weakness","floor":1},{"not_picked":["Clothesline","Spot Weakness"],"picked":"Heavy Blade","floor":2},{"not_picked":["Clothesline","Wild Strike"],"picked":"Clash","floor":4},{"not_picked":["Iron Wave","Havoc"],"picked":"Warcry","floor":6},{"not_picked":["Twin Strike","Bloodletting"],"picked":"Evolve","floor":11},{"not_picked":["Rampage","Sever Soul"],"picked":"Flame Barrier","floor":12},{"not_picked":["Feel No Pain","Entrench"],"picked":"Body Slam","floor":13},{"not_picked":["Sword Boomerang","Pommel Strike","Uppercut"],"picked":"SKIP","floor":14},{"not_picked":["Bludgeon","Juggernaut"],"picked":"Limit Break","floor":16},{"not_picked":["Perfected Strike+1","Second Wind"],"picked":"Warcry","floor":18},{"not_picked":["Iron Wave+1","Evolve"],"picked":"Pommel Strike","floor":19},{"not_picked":["Ghostly Armor","Twin Strike+1","Metallicize"],"picked":"SKIP","floor":22}],"player_experience":1307381,"relics_obtained":[{"floor":6,"key":"War Paint"},{"floor":8,"key":"Omamori"},{"floor":9,"key":"The Courier"},{"floor":11,"key":"Odd Mushroom"}],"event_choices":[{"damage_healed":11,"gold_gain":0,"player_choice":"Full Heal","damage_taken":0,"max_hp_gain":0,"max_hp_loss":0,"event_name":"Wheel of Change","floor":3,"gold_loss":0},{"damage_healed":0,"gold_gain":0,"player_choice":"Entered Light","damage_taken":16,"max_hp_gain":0,"max_hp_loss":0,"event_name":"Shining Light","floor":5,"gold_loss":0,"cards_upgraded":["Strike_R","Strike_R"]},{"damage_healed":0,"gold_gain":0,"player_choice":"Fought Mushrooms","damage_taken":0,"max_hp_gain":0,"max_hp_loss":0,"event_name":"Mushrooms","floor":11,"gold_loss":0},{"damage_healed":0,"gold_gain":0,"player_choice":"Opened","damage_taken":0,"relics_obtained":["Du-Vu Doll"],"max_hp_gain":0,"max_hp_loss":0,"event_name":"The Mausoleum","floor":21,"gold_loss":0}],"is_beta":false,"boss_relics":[{"not_picked":["White Beast Statue","Runic Cube"],"picked":"Cursed Key"}],"items_purged_floors":[10],"is_endless":false,"potions_floor_spawned":[1,2,11,19],"killed_by":"Book of Stabbing","ascension_level":10}