{"gold_per_floor":[117,117,131,18,18,52,52,127,150,150,150,150,164,164,164,284,284,305,324,399,418,16,16,16,54,54,54,54,75,75],"floor_reached":30,"playtime":1581,"items_purged":["Regret"],"score":390,"play_id":"7ca11ddd-38e1-45b6-a112-47d634a9b694","local_time":"20190416085523","is_ascension_mode":true,"campfire_choices":[{"data":"Noxious Fumes","floor":7,"key":"SMITH"},{"floor":10,"key":"REST"},{"floor":15,"key":"REST"},{"floor":23,"key":"REST"}],"neow_cost":"NONE","seed_source_timestamp":401743198655593,"circlet_count":0,"master_deck":["Defend_G","Defend_G","Defend_G","Defend_G","Defend_G","Strike_G","Strike_G","Strike_G","Strike_G","Survivor","Neutralize","Skewer","Terror","Noxious Fumes+1","Crippling Poison","Heel Hook","Accuracy","Tools of the Trade","Escape Plan","Expertise","Deflect","Cloak And Dagger","Crippling Poison","Skewer","Acrobatics","Choke","Good Instincts","Leg Sweep","Accuracy+1"],"relics":["Ring of the Snake","NeowsBlessing","Golden Idol","Anchor","Art of War","Kunai","Shuriken","Orrery","Boot","Mummified Hand","Matryoshka","Oddly Smooth Stone","Frozen Egg 2"],"potions_floor_usage":[16,16,16,16,16,21,21,21,25,25,25,25,30,30],"damage_taken":[{"damage":0,"enemies":"Small Slimes","floor":1,"turns":1},{"damage":0,"enemies":"Jaw Worm","floor":3,"turns":1},{"damage":0,"enemies":"Gremlin Nob","floor":6,"turns":1},{"damage":0,"enemies":"2 Louse","floor":13,"turns":2},{"damage":31,"enemies":"Slime Boss","floor":16,"turns":8},{"damage":11,"enemies":"Chosen","floor":18,"turns":6},{"damage":34,"enemies":"Spheric Guardian","floor":19,"turns":7},{"damage":7,"enemies":"Snake Plant","floor":21,"turns":5},{"damage":3,"enemies":"Gremlin Leader","floor":25,"turns":7},{"damage":30,"enemies":"Shelled Parasite and Fungi","floor":29,"turns":10},{"damage":10,"enemies":"Cultist and Chosen","floor":30,"turns":6}],"seed_played":"-8724773906719302655","potions_obtained":[{"floor":6,"key":"Swift Potion"},{"floor":12,"key":"EntropicBrew"},{"floor":12,"key":"Strength Potion"},{"floor":12,"key":"Block Potion"},{"floor":16,"key":"SkillPotion"},{"floor":18,"key":"SpeedPotion"},{"floor":21,"key":"EntropicBrew"},{"floor":29,"key":"Explosive Potion"}],"is_trial":false,"path_per_floor":["M","?","M","$","?","E","R","?","T","R","?","?","M","?","R","B",null,"M","M","?","M","$","R","?","E","T","T","?","M","M"],"character_chosen":"THE_SILENT","items_purchased":["Noxious Fumes","Crippling Poison","Good Instincts","Regen Potion","Boot"],"campfire_rested":3,"item_purchase_floors":[4,4,22,22,22],"current_hp_per_floor":[63,46,46,46,39,39,39,28,28,49,49,49,49,42,63,32,61,50,16,9,2,2,23,23,35,35,35,35,5,0],"gold":75,"neow_bonus":"THREE_ENEMY_KILL","is_prod":false,"is_daily":false,"chose_seed":false,"campfire_upgraded":1,"win_rate":0,"timestamp":1555430123,"path_taken":["M","?","M","$","?","E","R","?","T","R","?","?","?","?","R","BOSS","M","M","?","?","?","R","?","E","T","?","?","?","M"],"build_version":"2019-01-23","purchased_purges":1,"victory":false,"max_hp_per_floor":[70,70,70,70,70,70,70,70,70,70,70,70,70,70,70,70,70,70,70,70,70,70,70,70,70,70,70,70,70,70],"card_choices":[{"not_picked":["Dagger Throw","Quick Slash"],"picked":"Skewer","floor":1},{"not_picked":["Prepared","Dagger Throw"],"picked":"Terror","floor":3},{"not_picked":["Blade Dance","Sucker Punch"],"picked":"Heel Hook","floor":6},{"not_picked":["Phantasmal Killer","Terror"],"picked":"Accuracy","floor":13},{"not_picked":["Venomology","Bullet Time"],"picked":"Tools of the Trade","floor":16},{"not_picked":["Dagger Spray","Dash"],"picked":"Escape Plan","floor":17},{"not_picked":["Poisoned Stab","Deadly Poison"],"picked":"Expertise","floor":17},{"not_picked":["Deadly Poison","Bouncing Flask"],"picked":"Deflect","floor":17},{"not_picked":["PiercingWail","Sucker Punch"],"picked":"Cloak And Dagger","floor":17},{"not_picked":["Wraith Form v2","Bouncing Flask"],"picked":"Crippling Poison","floor":17},{"not_picked":["Choke","Poisoned Stab+1"],"picked":"Skewer","floor":18},{"not_picked":["Caltrops+1","Backstab+1"],"picked":"Acrobatics","floor":19},{"not_picked":["Outmaneuver","Quick Slash"],"picked":"Choke","floor":21},{"not_picked":["Slice+1","Expertise"],"picked":"Leg Sweep","floor":25},{"not_picked":["Eviscerate","Slice+1"],"picked":"Accuracy+1","floor":29}],"player_experience":1392846,"relics_obtained":[{"floor":6,"key":"Anchor"},{"floor":9,"key":"Art of War"},{"floor":25,"key":"Mummified Hand"},{"floor":26,"key":"Matryoshka"},{"floor":27,"key":"Oddly Smooth Stone"},{"floor":27,"key":"Frozen Egg 2"}],"event_choices":[{"damage_healed":0,"gold_gain":0,"player_choice":"Take Damage","damage_taken":17,"relics_obtained":["Golden Idol"],"max_hp_gain":0,"max_hp_loss":0,"event_name":"Golden Idol","floor":2,"gold_loss":0},{"cards_removed":["Strike_G"],"damage_healed":0,"gold_gain":0,"player_choice":"Card Removal","damage_taken":7,"max_hp_gain":0,"max_hp_loss":0,"event_name":"Golden Wing","floor":5,"gold_loss":0},{"damage_healed":0,"gold_gain":75,"player_choice":"Gather Gold","damage_taken":11,"max_hp_gain":0,"max_hp_loss":0,"event_name":"World of Goop","floor":8,"gold_loss":0},{"damage_healed":0,"gold_gain":0,"player_choice":"Box","damage_taken":0,"relics_obtained":["Kunai"],"max_hp_gain":0,"max_hp_loss":0,"event_name":"Big Fish","floor":11,"gold_loss":0,"cards_obtained":["Regret"]},{"damage_healed":0,"gold_gain":0,"player_choice":"Got Potions","damage_taken":0,"max_hp_gain":0,"max_hp_loss":0,"event_name":"Lab","floor":12,"gold_loss":0},{"damage_healed":0,"gold_gain":0,"player_choice":"Success","damage_taken":7,"relics_obtained":["Shuriken"],"max_hp_gain":0,"max_hp_loss":0,"event_name":"Scrap Ooze","floor":14,"gold_loss":0},{"damage_healed":0,"gold_gain":75,"player_choice":"Touch","damage_taken":7,"max_hp_gain":0,"max_hp_loss":0,"event_name":"FaceTrader","floor":20,"gold_loss":0},{"damage_healed":0,"gold_gain":0,"player_choice":"Ignored","damage_taken":0,"max_hp_gain":0,"max_hp_loss":0,"event_name":"Vampires","floor":24,"gold_loss":0},{"damage_healed":0,"gold_gain":0,"player_choice":"Ignored","damage_taken":0,"max_hp_gain":0,"max_hp_loss":0,"event_name":"Ghosts","floor":28,"gold_loss":0}],"is_beta":false,"boss_relics":[{"not_picked":["Eternal Feather","Velvet Choker"],"picked":"Orrery"}],"items_purged_floors":[22],"is_endless":false,"potions_floor_spawned":[6,16,18,21,29],"killed_by":"Cultist and Chosen","ascension_level":9}