{"gold_per_floor":[115,125,125,125,50,50,50,50,74,107,130,154,154,167,167,292,292,311,311,125,0,15,59,59,59,129,162,162,261,302,73,73,197,197,218,233,233,258,272,306,306,306],"floor_reached":42,"playtime":2330,"items_purged":["Defend_G","Strike_G","Strike_G"],"score":606,"play_id":"83594ac6-579e-4c81-9bec-d9e26d52ff77","local_time":"20181123011236","is_ascension_mode":true,"campfire_choices":[{"data":"Crippling Poison","floor":6,"key":"SMITH"},{"data":"Neutralize","floor":8,"key":"SMITH"},{"floor":15,"key":"REST"},{"floor":24,"key":"REST"},{"floor":28,"key":"REST"},{"floor":32,"key":"REST"},{"floor":41,"key":"REST"}],"neow_cost":"NONE","seed_source_timestamp":715833627019600,"circlet_count":0,"master_deck":["Defend_G","Defend_G","Strike_G","Strike_G","Survivor","Neutralize+1","Cloak And Dagger","Crippling Poison+1","Injury","Blade Dance","Accuracy","Corpse Explosion","Die Die Die","Blade Dance","Endless Agony","Slice+1","Shame","Infinite Blades","Accuracy","Caltrops","Adrenaline","Decay","Writhe","Regret","Backstab+1","Parasite","Blade Dance","Slice+1"],"relics":["Empty Cage","Golden Idol","Bag of Preparation","Pen Nib","WristBlade","Paper Crane","Dream Catcher","Singing Bowl","Blood Vial","Bronze Scales","Calling Bell","Vajra","Blue Candle","Thread and Needle","Ancient Tea Set"],"potions_floor_usage":[16,16,22,23,27,27,30,33,33,33,36,39,39],"damage_taken":[{"damage":0,"enemies":"Cultist","floor":1,"turns":5},{"damage":0,"enemies":"2 Louse","floor":2,"turns":3},{"damage":24,"enemies":"Gremlin Nob","floor":10,"turns":5},{"damage":1,"enemies":"Jaw Worm","floor":11,"turns":3},{"damage":6,"enemies":"Exordium Wildlife","floor":12,"turns":3},{"damage":3,"enemies":"Exordium Thugs","floor":14,"turns":4},{"damage":32,"enemies":"The Guardian","floor":16,"turns":11},{"damage":7,"enemies":"Chosen","floor":18,"turns":6},{"damage":10,"enemies":"2 Thieves","floor":22,"turns":2},{"damage":22,"enemies":"Gremlin Leader","floor":23,"turns":6},{"damage":17,"enemies":"Slavers","floor":27,"turns":3},{"damage":16,"enemies":"Gremlin Leader","floor":30,"turns":6},{"damage":63,"enemies":"Automaton","floor":33,"turns":8},{"damage":10,"enemies":"Orb Walker","floor":35,"turns":3},{"damage":9,"enemies":"3 Darklings","floor":36,"turns":2},{"damage":22,"enemies":"Writhing Mass","floor":38,"turns":6},{"damage":14,"enemies":"Sphere and 2 Shapes","floor":39,"turns":5},{"damage":17,"enemies":"Nemesis","floor":40,"turns":5},{"damage":57,"enemies":"Reptomancer","floor":42,"turns":5}],"seed_played":"4814701579178227547","potions_obtained":[{"floor":2,"key":"Block Potion"},{"floor":14,"key":"PowerPotion"},{"floor":19,"key":"Strength Potion"},{"floor":19,"key":"FearPotion"},{"floor":19,"key":"AttackPotion"},{"floor":23,"key":"Fire Potion"},{"floor":27,"key":"Strength Potion"},{"floor":30,"key":"AttackPotion"},{"floor":33,"key":"LiquidBronze"},{"floor":35,"key":"Explosive Potion"},{"floor":38,"key":"Regen Potion"}],"is_trial":false,"path_per_floor":["M","M","?","?","$","R","$","R","T","E","M","M","?","M","R","B",null,"M","?","$","$","M","E","R","?","T","E","R","?","E","$","R","B",null,"M","M","?","M","M","E","R","E"],"character_chosen":"THE_SILENT","items_purchased":["Blade Dance","Endless Agony","Accuracy","EssenceOfSteel","Regen Potion"],"campfire_rested":5,"item_purchase_floors":[20,20,31,31,31],"current_hp_per_floor":[70,70,70,70,70,70,70,70,70,46,45,39,39,36,57,25,70,63,63,63,63,53,31,52,52,52,37,60,60,46,46,68,16,74,66,59,59,41,44,31,55,0],"gold":306,"neow_bonus":"BOSS_RELIC","is_prod":false,"is_daily":false,"chose_seed":false,"campfire_upgraded":2,"win_rate":0,"timestamp":1542931956,"path_taken":["M","?","?","?","$","R","?","R","T","E","?","M","?","M","R","BOSS","M","?","?","$","M","E","R","?","T","E","R","?","E","?","R","BOSS","M","M","?","M","?","E","R","E"],"build_version":"2018-11-15","purchased_purges":3,"victory":false,"max_hp_per_floor":[70,70,70,70,70,70,70,70,70,70,70,70,70,70,70,70,70,70,70,70,70,70,70,70,70,70,72,74,74,74,74,74,74,74,76,76,76,78,78,80,80,80],"card_choices":[{"not_picked":["Underhanded Strike","Choke"],"picked":"Cloak And Dagger","floor":1},{"not_picked":["Bane","Leg Sweep"],"picked":"Crippling Poison","floor":2},{"not_picked":["Finisher","Dagger Throw"],"picked":"Blade Dance","floor":10},{"not_picked":["Deadly Poison","Bane","Deflect"],"picked":"SKIP","floor":11},{"not_picked":["Dash","Backstab"],"picked":"Accuracy","floor":12},{"not_picked":["Masterful Stab","PiercingWail"],"picked":"Corpse Explosion","floor":14},{"not_picked":["Bullet Time","Doppelganger"],"picked":"Die Die Die","floor":16},{"not_picked":["Predator","Backflip+1","Leg Sweep"],"picked":"SKIP","floor":18},{"not_picked":["Predator+1","Dagger Spray","Dodge and Roll"],"picked":"SKIP","floor":22},{"not_picked":["Corpse Explosion","Eviscerate+1"],"picked":"Slice+1","floor":23},{"not_picked":["Flying Knee","Dash","Outmaneuver+1"],"picked":"Singing Bowl","floor":27},{"not_picked":["Noxious Fumes","Bane","Poisoned Stab"],"picked":"Singing Bowl","floor":28},{"not_picked":["Deflect","Outmaneuver+1"],"picked":"Infinite Blades","floor":30},{"not_picked":["Dagger Throw","Acrobatics+1"],"picked":"Caltrops","floor":32},{"not_picked":["Grand Finale","Glass Knife"],"picked":"Adrenaline","floor":33},{"not_picked":["Dagger Throw","Poisoned Stab","Dodge and Roll"],"picked":"Singing Bowl","floor":35},{"not_picked":["Expertise+1","Dash+1"],"picked":"Backstab+1","floor":36},{"not_picked":["Quick Slash","PiercingWail+1","Slice"],"picked":"Singing Bowl","floor":38},{"not_picked":["Bouncing Flask","Blur+1"],"picked":"Blade Dance","floor":39},{"not_picked":["Flying Knee+1","Skewer+1","PiercingWail"],"picked":"Singing Bowl","floor":40},{"not_picked":["Flechettes","Deadly Poison"],"picked":"Slice+1","floor":41}],"player_experience":1023488,"relics_obtained":[{"floor":9,"key":"Bag of Preparation"},{"floor":10,"key":"Pen Nib"},{"floor":23,"key":"Paper Crane"},{"floor":26,"key":"Singing Bowl"},{"floor":27,"key":"Blood Vial"},{"floor":30,"key":"Bronze Scales"},{"floor":34,"key":"Vajra"},{"floor":34,"key":"Blue Candle"},{"floor":34,"key":"Thread and Needle"},{"floor":40,"key":"Ancient Tea Set"}],"event_choices":[{"damage_healed":0,"gold_gain":0,"player_choice":"Take Wound","damage_taken":0,"relics_obtained":["Golden Idol"],"max_hp_gain":0,"max_hp_loss":0,"event_name":"Golden Idol","floor":3,"gold_loss":0,"cards_obtained":["Injury"]},{"cards_removed":["Defend_G"],"damage_healed":0,"gold_gain":0,"player_choice":"Forget","damage_taken":0,"max_hp_gain":0,"max_hp_loss":0,"event_name":"Living Wall","floor":4,"gold_loss":0},{"damage_healed":0,"gold_gain":0,"player_choice":"Ignored","damage_taken":0,"max_hp_gain":0,"max_hp_loss":0,"event_name":"Shining Light","floor":13,"gold_loss":0},{"damage_healed":0,"gold_gain":0,"player_choice":"Got Potions","damage_taken":0,"max_hp_gain":0,"max_hp_loss":0,"event_name":"Lab","floor":19,"gold_loss":0},{"damage_healed":0,"gold_gain":0,"player_choice":"Stole Relic","damage_taken":0,"relics_obtained":["Dream Catcher"],"max_hp_gain":0,"max_hp_loss":0,"event_name":"Addict","floor":25,"gold_loss":0,"cards_obtained":["Shame"]},{"damage_healed":0,"gold_gain":99,"player_choice":"Stole From Cult","damage_taken":0,"max_hp_gain":0,"max_hp_loss":0,"event_name":"Nest","floor":29,"gold_loss":0},{"damage_healed":0,"gold_gain":0,"player_choice":"Ignored","damage_taken":0,"max_hp_gain":0,"max_hp_loss":0,"event_name":"SecretPortal","floor":37,"gold_loss":0}],"is_beta":false,"boss_relics":[{"not_picked":["Orrery","Philosopher\u0027s Stone"],"picked":"WristBlade"},{"not_picked":["Black Star","Velvet Choker"],"picked":"Calling Bell"}],"items_purged_floors":[5,20,21],"is_endless":false,"potions_floor_spawned":[2,14,23,27,30,33,35,38],"killed_by":"Reptomancer","ascension_level":1}