{"path_per_floor":["M","M","?","$","M","R","T","R","T","R","M","R","M","$","R","B",null,"M","M","?","M","?","E","R","E","T","R","E","R","M","M","R","B",null,"M","M","?","?","M"],"character_chosen":"IRONCLAD","items_purchased":["Whirlwind"],"gold_per_floor":[117,129,129,62,81,81,104,104,128,128,143,143,161,86,86,188,188,205,216,141,160,75,102,102,136,136,136,166,166,184,203,203,299,329,345,359,409,409,426,426],"floor_reached":40,"campfire_rested":2,"playtime":1626,"current_hp_per_floor":[80,80,64,64,70,70,70,70,70,70,74,74,80,80,80,41,80,74,67,67,47,47,32,56,37,37,76,58,58,64,68,68,19,85,74,71,58,47,31,0],"items_purged":["Strike_R"],"gold":426,"score":553,"play_id":"285abd2f-30a0-4ee7-b1ff-989f3904be71","local_time":"20180407121144","is_prod":false,"is_daily":false,"is_ascension_mode":true,"campfire_upgraded":7,"timestamp":1523128304,"path_taken":["M","?","?","$","M","R","?","R","T","R","M","R","M","$","R","BOSS","M","M","?","M","?","E","R","E","T","R","E","R","M","M","R","BOSS","M","M","?","?","M","E"],"build_version":"2018-04-05v2","purchased_purges":1,"victory":false,"master_deck":["Strike_R+1","Strike_R","Strike_R","Defend_R+1","Defend_R","Defend_R","Defend_R","Bash","Searing Blow+4","Twin Strike+1","Whirlwind+1","Shrug It Off","True Grit+1","Shrug It Off","Flame Barrier+1","Pommel Strike+1","Metallicize+1","Parasite","Impervious","Battle Trance","Inflame","Uppercut+1","Madness","Madness","Flame Barrier+1"],"max_hp_per_floor":[80,80,80,80,80,80,80,80,80,80,80,80,80,80,80,80,80,80,80,80,80,80,80,80,80,80,80,80,80,80,80,80,80,85,85,85,85,85,85,85],"relics":["Burning Blood","Bag of Marbles","Ancient Tea Set","Bronze Scales","Cursed Key","Ginger","Art of War","Regal Pillow","Champion Belt","Pen Nib","Tiny House","Sundial"],"card_choices":[{"not_picked":["Sentinel","Body Slam"],"picked":"Searing Blow","floor":1},{"not_picked":["Wild Strike","Perfected Strike"],"picked":"Twin Strike","floor":2},{"not_picked":["Sentinel","Hemokinesis"],"picked":"Shrug It Off","floor":5},{"not_picked":["Feel No Pain","Sever Soul"],"picked":"True Grit","floor":11},{"not_picked":["Inflame","Iron Wave"],"picked":"Shrug It Off","floor":13},{"not_picked":["Iron Wave","Cleave"],"picked":"Flame Barrier","floor":18},{"not_picked":["Clothesline","Rage"],"picked":"Pommel Strike","floor":19},{"not_picked":["Rupture","Fire Breathing"],"picked":"Metallicize","floor":25},{"not_picked":["Juggernaut","Dark Embrace"],"picked":"Impervious","floor":33},{"not_picked":["Cleave","Thunderclap"],"picked":"Battle Trance","floor":34},{"not_picked":["Combust","Dual Wield"],"picked":"Inflame","floor":35},{"not_picked":["Body Slam","Anger"],"picked":"Uppercut","floor":37},{"not_picked":["Sword Boomerang","Pommel Strike"],"picked":"Flame Barrier","floor":39}],"player_experience":209153,"potions_floor_usage":[23,23,33,33,33,39,40],"damage_taken":[{"damage":0,"enemies":"Cultist","floor":1,"turns":3},{"damage":0,"enemies":"2 Louse","floor":2,"turns":2},{"damage":0,"enemies":"Small Slimes","floor":5,"turns":2},{"damage":2,"enemies":"Gremlin Gang","floor":11,"turns":3},{"damage":0,"enemies":"Exordium Wildlife","floor":13,"turns":2},{"damage":45,"enemies":"The Guardian","floor":16,"turns":9},{"damage":12,"enemies":"2 Thieves","floor":18,"turns":3},{"damage":13,"enemies":"Spheric Guardian","floor":19,"turns":4},{"damage":26,"enemies":"3 Cultists","floor":21,"turns":4},{"damage":36,"enemies":"Book of Stabbing","floor":23,"turns":5},{"damage":25,"enemies":"Slavers","floor":25,"turns":5},{"damage":24,"enemies":"Gremlin Leader","floor":28,"turns":5},{"damage":0,"enemies":"Snake Plant","floor":30,"turns":3},{"damage":2,"enemies":"Centurion and Healer","floor":31,"turns":5},{"damage":55,"enemies":"Champ","floor":33,"turns":8},{"damage":17,"enemies":"3 Darklings","floor":35,"turns":3},{"damage":9,"enemies":"3 Shapes","floor":36,"turns":3},{"damage":19,"enemies":"Mysterious Sphere","floor":37,"turns":4},{"damage":22,"enemies":"Sphere and 2 Shapes","floor":39,"turns":4},{"damage":38,"enemies":"2 Orb Walkers","floor":40,"turns":3}],"event_choices":[{"event_name":"Shining Light","player_choice":"Entered Light","floor":3,"damage_taken":0},{"event_name":"Beggar","player_choice":"Gave Gold","floor":20,"damage_taken":0},{"event_name":"Addict","player_choice":"Obtained Relic","floor":22,"damage_taken":0},{"event_name":"Mysterious Sphere","player_choice":"Fight","floor":37,"damage_taken":0},{"event_name":"Winding Halls","player_choice":"Embrace Madness","floor":38,"damage_taken":0}],"boss_relics":[{"not_picked":["Runic Pyramid","Runic Cube"],"picked":"Cursed Key"},{"not_picked":["Black Star","Calling Bell"],"picked":"Tiny House"}],"potions_floor_spawned":[1,2,11,13,18,21,25,28,33,35,37,39],"seed_played":"-8379672884476048505","killed_by":"2 Orb Walkers","ascension_level":4,"is_trial":false}