{"path_per_floor":["M","$","M","?","M","R","E","M","T","$","?","M","M","M","R","B",null,"M","?","M","M","M","R"],"character_chosen":"IRONCLAD","items_purchased":["Inflame","Pommel Strike","Flame Barrier"],"gold_per_floor":[114,80,98,48,60,60,88,108,180,83,83,98,111,131,131,232,232,244,244,262,275,292,292,292],"floor_reached":24,"campfire_rested":2,"playtime":1386,"current_hp_per_floor":[76,76,80,80,80,80,46,41,41,41,41,36,37,25,52,17,90,68,50,31,14,10,38,0],"items_purged":[],"gold":292,"score":257,"play_id":"1a21a336-2bd9-4f05-b631-130d5d5af7e9","local_time":"20180327225651","is_prod":false,"is_daily":false,"is_ascension_mode":true,"campfire_upgraded":1,"timestamp":1522216611,"path_taken":["M","$","M","?","M","R","E","M","T","$","?","M","M","M","R","BOSS","M","?","M","?","M","R","M"],"build_version":"2018-03-22v2","purchased_purges":0,"victory":false,"master_deck":["Strike_R","Strike_R","Strike_R","Defend_R","Defend_R","Defend_R","Defend_R","Bash","Flex","Inflame","Heavy Blade+1","Cleave","Pommel Strike","Pommel Strike+1","Flame Barrier","Decay","Power Through","Heavy Blade+1","Battle Trance","Uppercut+1"],"max_hp_per_floor":[80,80,80,80,80,80,90,90,90,90,90,90,90,90,90,90,90,90,95,95,95,95,95,95],"relics":["Burning Blood","Pear","Molten Egg 2","Lizard Tail"],"card_choices":[{"not_picked":["Havoc","Carnage"],"picked":"Flex","floor":1},{"not_picked":["Clash","Burning Pact"],"picked":"Heavy Blade","floor":3},{"not_picked":["Headbutt","Offering"],"picked":"Cleave","floor":5},{"not_picked":["Sentinel","Disarm"],"picked":"Pommel Strike","floor":7},{"not_picked":["Heavy Blade","Sentinel"],"picked":"Power Through","floor":14},{"not_picked":["Warcry","Dual Wield"],"picked":"Heavy Blade","floor":18},{"not_picked":["Armaments","Cleave"],"picked":"Battle Trance","floor":20},{"not_picked":["Rampage","Evolve"],"picked":"Uppercut","floor":22}],"player_experience":200306,"potions_floor_usage":[16,18,22,22,22,24],"damage_taken":[{"damage":10,"enemies":"Cultist","floor":1,"turns":4},{"damage":2,"enemies":"Jaw Worm","floor":3,"turns":3},{"damage":0,"enemies":"Small Slimes","floor":5,"turns":3},{"damage":50,"enemies":"Lagavulin","floor":7,"turns":6},{"damage":11,"enemies":"Gremlin Gang","floor":8,"turns":3},{"damage":11,"enemies":"Red Slaver","floor":12,"turns":2},{"damage":5,"enemies":"2 Fungi Beasts","floor":13,"turns":3},{"damage":18,"enemies":"Exordium Thugs","floor":14,"turns":4},{"damage":41,"enemies":"Slime Boss","floor":16,"turns":13},{"damage":28,"enemies":"2 Thieves","floor":18,"turns":5},{"damage":25,"enemies":"3 Byrds","floor":20,"turns":4},{"damage":71,"enemies":"Sentry and Sphere","floor":21,"turns":8},{"damage":10,"enemies":"Centurion and Healer","floor":22,"turns":6},{"damage":40,"enemies":"Cultist and Chosen","floor":24,"turns":4}],"event_choices":[{"event_name":"The Cleric","player_choice":"Card Removal","floor":4,"damage_taken":0},{"event_name":"Wheel of Change","player_choice":"Curse","floor":11,"damage_taken":0},{"event_name":"Forgotten Altar","player_choice":"Shed Blood","floor":19,"damage_taken":0}],"boss_relics":[{"not_picked":["Calling Bell","Snecko Eye"],"picked":"Lizard Tail"}],"potions_floor_spawned":[7,8,12,16,18,21,22],"seed_played":"-8363804967808202788","killed_by":"Cultist and Chosen","ascension_level":3,"is_trial":false}