{"gold_per_floor":[113,130,130,130,55,55,86,86,86,102,102,119,119,148,148,251,251,270,290,290,303,303,303,303,319,370,370],"floor_reached":27,"playtime":1186,"items_purged":["Pain"],"score":312,"play_id":"f8925e9f-b8e9-4004-9ffb-742e027305ee","local_time":"20190426124649","is_ascension_mode":true,"campfire_choices":[{"data":"Hemokinesis","floor":6.0,"key":"SMITH"},{"data":"Thunderclap","floor":8.0,"key":"SMITH"},{"floor":13.0,"key":"REST"},{"floor":15.0,"key":"REST"},{"floor":23,"key":"REST"},{"data":"Ghostly Armor","floor":24,"key":"SMITH"}],"neow_cost":"CURSE","seed_source_timestamp":0,"circlet_count":0,"master_deck":["Strike_R+1","Strike_R+1","Strike_R+1","Strike_R+1","Strike_R+1","Defend_R+1","Defend_R+1","Defend_R+1","Defend_R+1","Bash","Hemokinesis+1","Thunderclap+1","Metallicize","Headbutt","Anger","Ghostly Armor+1","Feed","Clothesline+1","Shrug It Off","Blood for Blood"],"special_seed":0,"relics":["Burning Blood","WingedGreaves","Bag of Preparation","Orichalcum","Darkstone Periapt","Charon\u0027s Ashes","Snecko Eye","Omamori"],"potions_floor_usage":[],"damage_taken":[{"damage":12.0,"enemies":"2 Louse","floor":1.0,"turns":3.0},{"damage":20.0,"enemies":"Jaw Worm","floor":2.0,"turns":3.0},{"damage":28.0,"enemies":"3 Sentries","floor":7.0,"turns":8.0},{"damage":2.0,"enemies":"Small Slimes","floor":10.0,"turns":1.0},{"damage":5.0,"enemies":"Looter","floor":12.0,"turns":3.0},{"damage":30.0,"enemies":"Lagavulin","floor":14.0,"turns":5.0},{"damage":41.0,"enemies":"The Guardian","floor":16.0,"turns":12.0},{"damage":16,"enemies":"3 Byrds","floor":18,"turns":6},{"damage":13,"enemies":"Shell Parasite","floor":19,"turns":6},{"damage":31,"enemies":"Snake Plant","floor":21,"turns":5},{"damage":17,"enemies":"Centurion and Healer","floor":25,"turns":6},{"damage":41,"enemies":"Gremlin Leader","floor":27,"turns":4}],"seed_played":"2929841262297249237","potions_obtained":[{"floor":10.0,"key":"AttackPotion"},{"floor":12.0,"key":"Fire Potion"},{"floor":14.0,"key":"Explosive Potion"}],"is_trial":false,"path_per_floor":["M","M","?","?","$","R","E","R","T","M","?","M","R","E","R","B",null,"M","M","?","M","?","R","R","M","T","E"],"character_chosen":"IRONCLAD","items_purchased":[],"campfire_rested":3,"item_purchase_floors":[],"current_hp_per_floor":[66,52,36,41,41,41,19,19,19,23,20,21,46,22,47,12,67,60,53,36,14,14,42,42,31,31,0],"gold":370,"neow_bonus":"ONE_RARE_RELIC","is_prod":false,"is_daily":false,"chose_seed":false,"campfire_upgraded":3,"win_rate":0,"timestamp":1556308009,"path_taken":["M","M","?","?","?","R","E","R","T","M","?","M","R","E","R","BOSS","M","M","?","M","?","R","R","?","T","E"],"build_version":"2019-01-23","purchased_purges":1,"victory":false,"max_hp_per_floor":[80,80,80,85,85,85,85,85,85,85,85,85,85,85,85,85,85,88,88,93,96,96,96,96,96,96,96],"card_choices":[{"not_picked":["True Grit","Fire Breathing"],"picked":"Hemokinesis","floor":1.0},{"not_picked":["Combust","Flex"],"picked":"Thunderclap","floor":2.0},{"not_picked":["Pommel Strike","Shockwave"],"picked":"Metallicize","floor":7.0},{"not_picked":["Entrench","Pummel"],"picked":"Headbutt","floor":10.0},{"not_picked":["Thunderclap","Sword Boomerang"],"picked":"Anger","floor":12.0},{"not_picked":["Sentinel","Havoc"],"picked":"Ghostly Armor","floor":14.0},{"not_picked":["Brutality","Reaper"],"picked":"Feed","floor":16.0},{"not_picked":["Pommel Strike","Twin Strike"],"picked":"Clothesline+1","floor":18},{"not_picked":["Pommel Strike","Havoc"],"picked":"Shrug It Off","floor":19},{"not_picked":["Ghostly Armor+1","Thunderclap+1","Sword Boomerang+1"],"picked":"SKIP","floor":21},{"not_picked":["Shrug It Off","Anger+1"],"picked":"Blood for Blood","floor":25}],"player_experience":372303,"relics_obtained":[{"floor":7.0,"key":"Bag of Preparation"},{"floor":9.0,"key":"Orichalcum"},{"floor":14.0,"key":"Charon\u0027s Ashes"},{"floor":26,"key":"Omamori"}],"event_choices":[{"damage_healed":0.0,"max_hp_gain":0.0,"max_hp_loss":0.0,"gold_gain":0.0,"event_name":"Shining Light","player_choice":"Entered Light","floor":3.0,"gold_loss":0.0,"damage_taken":16.0,"cards_upgraded":["Strike_R","Defend_R"]},{"damage_healed":0.0,"max_hp_gain":5.0,"max_hp_loss":0.0,"gold_gain":0.0,"event_name":"Big Fish","player_choice":"Donut","floor":4.0,"gold_loss":0.0,"damage_taken":0.0},{"damage_healed":0.0,"max_hp_gain":0.0,"max_hp_loss":0.0,"gold_gain":0.0,"event_name":"Scrap Ooze","player_choice":"Success","floor":11.0,"gold_loss":0.0,"damage_taken":3.0,"relics_obtained":["Darkstone Periapt"]},{"damage_healed":0,"gold_gain":0,"player_choice":"Shed Blood","damage_taken":22,"max_hp_gain":5,"max_hp_loss":0,"event_name":"Forgotten Altar","floor":20,"gold_loss":0},{"damage_healed":0,"gold_gain":0,"player_choice":"Simplicity","damage_taken":0,"max_hp_gain":0,"max_hp_loss":0,"event_name":"Back to Basics","floor":22,"gold_loss":0,"cards_upgraded":["Strike_R","Strike_R","Strike_R","Strike_R","Defend_R","Defend_R","Defend_R"]}],"is_beta":false,"boss_relics":[{"not_picked":["Pandora\u0027s Box","Eternal Feather"],"picked":"Snecko Eye"}],"items_purged_floors":[5],"is_endless":false,"potions_floor_spawned":[10,12,14,19,25],"killed_by":"Gremlin Leader","ascension_level":6}