{"gold_per_floor":[109,120,140,140,140,174,174,174],"floor_reached":8,"playtime":403,"items_purged":[],"score":84,"play_id":"7c55618a-7fd4-4ddd-96bd-b71e00b1723c","local_time":"20190114190350","is_ascension_mode":true,"campfire_choices":[{"floor":7,"key":"REST"}],"neow_cost":"NONE","seed_source_timestamp":404935307131900,"circlet_count":0,"master_deck":["AscendersBane","Strike_R","Strike_R","Strike_R","Strike_R","Strike_R","Defend_R","Defend_R","Defend_R","Defend_R","Bash","Clash","Metallicize","Armaments","Injury","Battle Trance","Whirlwind"],"relics":["Burning Blood","Golden Idol","Dream Catcher"],"potions_floor_usage":[6,6],"damage_taken":[{"damage":5,"enemies":"Cultist","floor":1,"turns":4},{"damage":4,"enemies":"Small Slimes","floor":2,"turns":4},{"damage":0,"enemies":"2 Louse","floor":3,"turns":2},{"damage":58,"enemies":"Lagavulin","floor":6,"turns":10},{"damage":95,"enemies":"Gremlin Nob","floor":8,"turns":6}],"seed_played":"-3228260808728938290","potions_obtained":[{"floor":1,"key":"Fire Potion"},{"floor":6,"key":"Fruit Juice"}],"is_trial":false,"path_per_floor":["M","M","M","?","?","E","R","E"],"character_chosen":"IRONCLAD","items_purchased":[],"campfire_rested":1,"item_purchase_floors":[],"current_hp_per_floor":[81,83,88,88,88,41,68,0],"gold":174,"neow_bonus":"TEN_PERCENT_HP_BONUS","is_prod":false,"is_daily":false,"chose_seed":false,"campfire_upgraded":0,"win_rate":0,"timestamp":1547489030,"path_taken":["M","?","M","?","?","E","R","E"],"build_version":"2019-01-10","purchased_purges":0,"victory":false,"max_hp_per_floor":[88,88,88,88,88,93,93,93],"card_choices":[{"not_picked":["Intimidate","Fire Breathing"],"picked":"Clash","floor":1},{"not_picked":["Corruption","Heavy Blade"],"picked":"Metallicize","floor":2},{"not_picked":["Sword Boomerang","Cleave"],"picked":"Armaments","floor":3},{"not_picked":["Cleave","Headbutt"],"picked":"Battle Trance","floor":6},{"not_picked":["Flex","Reckless Charge"],"picked":"Whirlwind","floor":7}],"player_experience":1114245,"relics_obtained":[{"floor":6,"key":"Dream Catcher"}],"event_choices":[{"damage_healed":0,"gold_gain":0,"player_choice":"Take Wound","damage_taken":0,"relics_obtained":["Golden Idol"],"max_hp_gain":0,"max_hp_loss":0,"event_name":"Golden Idol","floor":4,"gold_loss":0,"cards_obtained":["Injury"]},{"damage_healed":0,"gold_gain":0,"player_choice":"Ignored","damage_taken":0,"max_hp_gain":0,"max_hp_loss":0,"event_name":"Shining Light","floor":5,"gold_loss":0}],"is_beta":false,"boss_relics":[],"items_purged_floors":[],"is_endless":false,"potions_floor_spawned":[1,6],"killed_by":"Gremlin Nob","ascension_level":10}