{"gold_per_floor":[368,368,382,382,69,99,99,114,144,171,185,204,204,215,215,319,319,337,351,362,381,394,394,426,452,478,478,495,520,550,550,550,647,647,665,718,734,24,35,66,82,94,94,94,40,51,76,92,92,92],"floor_reached":51,"playtime":3688,"items_purged":["Defend_R"],"score":1009,"play_id":"7589f533-7589-4de8-bb7d-00dfaf627cfe","local_time":"20190426192639","is_ascension_mode":true,"campfire_choices":[{"data":"Fiend Fire","floor":7,"key":"SMITH"},{"floor":13,"key":"REST"},{"data":"Inflame","floor":15,"key":"SMITH"},{"data":"True Grit","floor":23,"key":"SMITH"},{"floor":27,"key":"REST"},{"floor":32,"key":"REST"},{"data":"Limit Break","floor":44,"key":"SMITH"},{"data":"Armaments","floor":49,"key":"SMITH"}],"neow_cost":"PERCENT_DAMAGE","seed_source_timestamp":1331848934345600,"circlet_count":0,"master_deck":["Defend_R","Defend_R","Defend_R+1","Bash","Inflame+1","True Grit+1","Fiend Fire+1","Thunderclap","Sword Boomerang","Disarm+1","Headbutt","Anger+1","Headbutt","Limit Break+1","Headbutt+1","Flame Barrier+1","Infernal Blade+1","Anger+1","Pummel","Armaments+1","Thunderclap","Sentinel","Metallicize","Battle Trance","Necronomicurse","Juggernaut","Ghostly Armor+1","Shrug It Off","Reckless Charge","Parasite","Inflame","Heavy Blade+1","Shrug It Off","Feed","Dropkick","Seeing Red"],"relics":["Burning Blood","Shuriken","Matryoshka","Tiny Chest","Dodecahedron","Mummified Hand","Astrolabe","Potion Belt","Boot","War Paint","Whetstone","Art of War","Self Forming Clay","Necronomicon","Coffee Dripper","Magic Flower","Kunai","FossilizedHelix","Omamori","Bottled Flame","Meat on the Bone"],"potions_floor_usage":[33,36,36,41,50,50,50,50,50,50,50,50,50],"damage_taken":[{"damage":6,"enemies":"2 Louse","floor":1,"turns":4},{"damage":2,"enemies":"Jaw Worm","floor":3,"turns":5},{"damage":24,"enemies":"Gremlin Nob","floor":6,"turns":4},{"damage":0,"enemies":"Cultist","floor":8,"turns":2},{"damage":29,"enemies":"Lagavulin","floor":10,"turns":7},{"damage":9,"enemies":"Red Slaver","floor":11,"turns":3},{"damage":3,"enemies":"Exordium Wildlife","floor":12,"turns":4},{"damage":1,"enemies":"Looter","floor":14,"turns":3},{"damage":10,"enemies":"The Guardian","floor":16,"turns":10},{"damage":17,"enemies":"Shell Parasite","floor":18,"turns":4},{"damage":0,"enemies":"3 Byrds","floor":19,"turns":2},{"damage":22,"enemies":"Centurion and Healer","floor":20,"turns":5},{"damage":0,"enemies":"Cultist and Chosen","floor":21,"turns":4},{"damage":20,"enemies":"Chosen and Byrds","floor":22,"turns":6},{"damage":25,"enemies":"Slavers","floor":24,"turns":6},{"damage":7,"enemies":"Snake Plant","floor":28,"turns":4},{"damage":28,"enemies":"Book of Stabbing","floor":30,"turns":8},{"damage":14,"enemies":"Collector","floor":33,"turns":7},{"damage":22,"enemies":"3 Shapes","floor":35,"turns":4},{"damage":35,"enemies":"2 Orb Walkers","floor":36,"turns":5},{"damage":11,"enemies":"Orb Walker","floor":37,"turns":4},{"damage":7,"enemies":"Writhing Mass","floor":39,"turns":6},{"damage":0,"enemies":"Giant Head","floor":40,"turns":6},{"damage":25,"enemies":"3 Darklings","floor":41,"turns":4},{"damage":0,"enemies":"Spire Growth","floor":42,"turns":3},{"damage":11,"enemies":"Sphere and 2 Shapes","floor":46,"turns":4},{"damage":45,"enemies":"Nemesis","floor":47,"turns":3},{"damage":0,"enemies":"Transient","floor":48,"turns":5},{"damage":7,"enemies":"Time Eater","floor":50,"turns":5}],"seed_played":"556970281240985165","potions_obtained":[{"floor":1,"key":"PowerPotion"},{"floor":8,"key":"Poison Potion"},{"floor":10,"key":"BloodPotion"},{"floor":18,"key":"Swift Potion"},{"floor":24,"key":"Fire Potion"},{"floor":30,"key":"Regen Potion"},{"floor":35,"key":"Dexterity Potion"},{"floor":40,"key":"EntropicBrew"},{"floor":41,"key":"Energy Potion"},{"floor":42,"key":"FearPotion"}],"is_trial":false,"path_per_floor":["M","?","M","?","$","E","R","M","T","E","M","M","R","M","R","B",null,"M","M","M","M","M","R","E","T","T","R","M","T","E","?","R","B",null,"M","?","M","$","M","E","M","M","T","R","$","M","E","M","R","B",null],"character_chosen":"IRONCLAD","items_purchased":["Shuriken","Fiend Fire","Kunai","FossilizedHelix","Reckless Charge","Shrug It Off"],"campfire_rested":3,"item_purchase_floors":[5,5,38,38,38,45],"current_hp_per_floor":[51,44,48,48,48,30,30,36,36,13,10,13,37,42,42,38,70,59,65,49,55,41,41,22,22,22,46,45,45,23,7,31,23,66,50,35,33,33,35,44,40,49,49,49,49,47,11,38,38,58],"gold":92,"neow_bonus":"TWO_FIFTY_GOLD","is_prod":false,"is_daily":false,"chose_seed":false,"campfire_upgraded":5,"win_rate":0,"timestamp":1556331999,"path_taken":["M","?","M","?","$","E","R","?","T","E","M","M","R","M","R","BOSS","M","M","M","M","M","R","E","?","T","R","M","?","E","?","R","BOSS","M","?","M","$","M","E","M","M","T","R","$","M","E","M","R","BOSS"],"build_version":"2019-01-23","purchased_purges":1,"victory":true,"max_hp_per_floor":[80,80,80,80,80,80,80,80,80,80,80,80,80,80,80,80,80,80,80,80,80,80,80,80,80,80,80,80,80,80,80,80,80,80,80,80,80,80,80,80,80,80,80,80,80,80,80,80,80,80],"card_choices":[{"not_picked":["Body Slam","Cleave"],"picked":"Inflame","floor":1},{"not_picked":["Havoc","Disarm"],"picked":"True Grit","floor":3},{"not_picked":["Anger","Flex"],"picked":"Thunderclap","floor":6},{"not_picked":["Corruption","Rage"],"picked":"Sword Boomerang","floor":8},{"not_picked":["Evolve","Clothesline"],"picked":"Disarm","floor":10},{"not_picked":["Fire Breathing","Cleave"],"picked":"Headbutt","floor":11},{"not_picked":["Havoc","Flex"],"picked":"Anger","floor":12},{"not_picked":["Clash","Cleave"],"picked":"Headbutt","floor":14},{"not_picked":["Dark Embrace","Double Tap"],"picked":"Limit Break","floor":16},{"not_picked":["Sentinel","Thunderclap"],"picked":"Anger","floor":18},{"not_picked":["Intimidate","Power Through"],"picked":"Pummel","floor":19},{"not_picked":["Havoc","Warcry"],"picked":"Armaments","floor":20},{"not_picked":["Rupture","Sever Soul"],"picked":"Thunderclap","floor":21},{"not_picked":["Warcry","Thunderclap"],"picked":"Sentinel","floor":22},{"not_picked":["Twin Strike","Evolve"],"picked":"Metallicize","floor":24},{"not_picked":["Havoc","Warcry","Sever Soul"],"picked":"SKIP","floor":28},{"not_picked":["Havoc","Anger"],"picked":"Battle Trance","floor":30},{"not_picked":["Immolate","Exhume"],"picked":"Juggernaut","floor":33},{"not_picked":["Thunderclap","Pommel Strike"],"picked":"Ghostly Armor+1","floor":35},{"not_picked":["Iron Wave","Pommel Strike+1"],"picked":"Shrug It Off","floor":37},{"not_picked":["Carnage+1","Warcry"],"picked":"Inflame","floor":39},{"not_picked":["Warcry+1","Double Tap"],"picked":"Heavy Blade+1","floor":40},{"not_picked":["Sword Boomerang","Warcry","Burning Pact+1"],"picked":"SKIP","floor":41},{"not_picked":["Power Through","Pommel Strike","Thunderclap"],"picked":"SKIP","floor":42},{"not_picked":["Rupture+1","Perfected Strike"],"picked":"Feed","floor":46},{"not_picked":["Rupture+1","Armaments+1"],"picked":"Dropkick","floor":47},{"not_picked":["Cleave","Thunderclap+1"],"picked":"Seeing Red","floor":48}],"player_experience":377875,"relics_obtained":[{"floor":6,"key":"Matryoshka"},{"floor":9,"key":"Tiny Chest"},{"floor":9,"key":"Dodecahedron"},{"floor":10,"key":"Mummified Hand"},{"floor":24,"key":"Potion Belt"},{"floor":25,"key":"Boot"},{"floor":25,"key":"War Paint"},{"floor":26,"key":"Whetstone"},{"floor":29,"key":"Art of War"},{"floor":30,"key":"Self Forming Clay"},{"floor":31,"key":"Necronomicon"},{"floor":36,"key":"Magic Flower"},{"floor":40,"key":"Omamori"},{"floor":43,"key":"Bottled Flame"},{"floor":47,"key":"Meat on the Bone"}],"event_choices":[{"cards_removed":["Strike_R"],"damage_healed":0,"gold_gain":0,"player_choice":"Card Removal","damage_taken":7,"max_hp_gain":0,"max_hp_loss":0,"event_name":"Golden Wing","floor":2,"gold_loss":0},{"cards_removed":["Strike_R"],"damage_healed":0,"gold_gain":0,"player_choice":"Purged","damage_taken":0,"max_hp_gain":0,"max_hp_loss":0,"event_name":"Purifier","floor":4,"gold_loss":0},{"damage_healed":0,"gold_gain":0,"player_choice":"Obtained Book","damage_taken":16,"max_hp_gain":0,"max_hp_loss":0,"event_name":"Cursed Tome","floor":31,"gold_loss":0},{"damage_healed":0,"gold_gain":0,"player_choice":"Fight","damage_taken":0,"max_hp_gain":0,"max_hp_loss":0,"event_name":"Mysterious Sphere","floor":36,"gold_loss":0}],"is_beta":false,"boss_relics":[{"not_picked":["Pandora\u0027s Box","Orrery"],"picked":"Astrolabe"},{"not_picked":["Empty Cage","Runic Dome"],"picked":"Coffee Dripper"}],"items_purged_floors":[38],"is_endless":false,"potions_floor_spawned":[1,8,10,11,18,24,30,35,40,41,42,48],"ascension_level":6}