{"gold_per_floor":[113,113,125,125,137,137,153,153,153,180,180,193,193,213,213,213],"floor_reached":16,"playtime":701,"items_purged":[],"score":158,"play_id":"468e5130-75fd-453d-9bd1-74492aa2e491","local_time":"20190418211235","is_ascension_mode":true,"campfire_choices":[{"data":"Cloak And Dagger","floor":6,"key":"SMITH"},{"floor":11,"key":"REST"},{"floor":13,"key":"REST"},{"floor":15,"key":"REST"}],"neow_cost":"NONE","seed_source_timestamp":87687270243300,"circlet_count":0,"master_deck":["AscendersBane","Defend_G","Defend_G","Defend_G","Defend_G","Defend_G","Strike_G","Strike_G","Strike_G","Strike_G","Survivor","Neutralize","Escape Plan","Cloak And Dagger+1","Accuracy","Cloak And Dagger","Quick Slash","Flying Knee"],"relics":["Ring of the Snake","Bag of Preparation","Paper Crane","Mercury Hourglass"],"potions_floor_usage":[7,16,16],"damage_taken":[{"damage":0,"enemies":"Cultist","floor":1,"turns":4},{"damage":2,"enemies":"2 Louse","floor":3,"turns":3},{"damage":0,"enemies":"Small Slimes","floor":5,"turns":5},{"damage":33,"enemies":"Gremlin Gang","floor":7,"turns":7},{"damage":11,"enemies":"3 Sentries","floor":10,"turns":12},{"damage":6,"enemies":"3 Louse","floor":12,"turns":3},{"damage":0,"enemies":"Large Slime","floor":14,"turns":4},{"damage":67,"enemies":"Slime Boss","floor":16,"turns":11}],"seed_played":"-7565400932796858611","potions_obtained":[{"floor":1,"key":"Swift Potion"},{"floor":7,"key":"Energy Potion"},{"floor":10,"key":"Poison Potion"},{"floor":12,"key":"SkillPotion"}],"is_trial":false,"path_per_floor":["M","$","M","?","M","R","M","$","T","E","R","M","R","M","R","B"],"character_chosen":"THE_SILENT","items_purchased":[],"campfire_rested":3,"item_purchase_floors":[],"current_hp_per_floor":[63,63,61,54,54,54,21,21,21,10,31,25,46,46,67,0],"gold":213,"neow_bonus":"RANDOM_COMMON_RELIC","is_prod":false,"is_daily":false,"chose_seed":false,"campfire_upgraded":1,"win_rate":0,"timestamp":1555614755,"path_taken":["M","$","M","?","M","R","M","$","T","E","R","M","R","M","R","BOSS"],"build_version":"2019-01-23","purchased_purges":0,"victory":false,"max_hp_per_floor":[70,70,70,70,70,70,70,70,70,70,70,70,70,70,70,70],"card_choices":[{"not_picked":["Sucker Punch","Underhanded Strike"],"picked":"Escape Plan","floor":1},{"not_picked":["Backflip","Quick Slash"],"picked":"Cloak And Dagger","floor":3},{"not_picked":["Acrobatics","Leg Sweep"],"picked":"Accuracy","floor":5},{"not_picked":["Backflip","Outmaneuver"],"picked":"Cloak And Dagger","floor":7},{"not_picked":["Underhanded Strike","Eviscerate","Dodge and Roll"],"picked":"SKIP","floor":10},{"not_picked":["Flechettes","Tactician"],"picked":"Quick Slash","floor":12},{"not_picked":["Dagger Throw","Sucker Punch"],"picked":"Flying Knee","floor":14}],"player_experience":1733817,"relics_obtained":[{"floor":9,"key":"Paper Crane"},{"floor":10,"key":"Mercury Hourglass"}],"event_choices":[{"cards_removed":["Strike_G"],"damage_healed":0,"gold_gain":0,"player_choice":"Card Removal","damage_taken":7,"max_hp_gain":0,"max_hp_loss":0,"event_name":"Golden Wing","floor":4,"gold_loss":0}],"is_beta":false,"boss_relics":[],"items_purged_floors":[],"is_endless":false,"potions_floor_spawned":[1,7,10,12],"killed_by":"Slime Boss","ascension_level":11}