{"gold_per_floor":[109,109,128,303,50,50,50,50,50,81,81,42,52,66,66,168,168,185,4,4,16,28,28,0,0,53,53,3,3,20,35,35,35],"floor_reached":33,"playtime":1388,"items_purged":["Doubt"],"score":402,"play_id":"3c4bb986-86e7-4e70-8398-54b38425325a","local_time":"20190426094851","is_ascension_mode":true,"campfire_choices":[{"data":"Well Laid Plans","floor":6,"key":"SMITH"},{"data":"Terror","floor":8,"key":"SMITH"},{"floor":11,"key":"REST"},{"data":"Footwork","floor":15,"key":"SMITH"},{"floor":23,"key":"REST"},{"floor":25,"key":"REST"},{"floor":27,"key":"REST"},{"floor":32,"key":"REST"}],"neow_cost":"NONE","seed_source_timestamp":6186527238361,"circlet_count":0,"master_deck":["AscendersBane","Survivor","Neutralize","Backflip","Terror+1","Well Laid Plans+1","Tactician","Footwork+1","Prepared","Corpse Explosion","Tools of the Trade","A Thousand Cuts","Tactician","A Thousand Cuts","Dash","Flying Knee","Concentrate+1","Skewer","All Out Attack","Envenom","Escape Plan+1","Caltrops+1","Infinite Blades","Writhe","Calculated Gamble+1","Underhanded Strike+1","Underhanded Strike","Tactician","Prepared"],"relics":["Ring of the Snake","NeowsBlessing","Question Card","Dodecahedron","Pandora\u0027s Box","War Paint","Anchor","Tiny Chest"],"potions_floor_usage":[13,14,16,22,22,30],"damage_taken":[{"damage":0,"enemies":"2 Louse","floor":1,"turns":1},{"damage":0,"enemies":"Jaw Worm","floor":3,"turns":1},{"damage":0,"enemies":"Gremlin Nob","floor":10,"turns":1},{"damage":0,"enemies":"Small Slimes","floor":13,"turns":2},{"damage":0,"enemies":"Looter","floor":14,"turns":2},{"damage":42,"enemies":"Hexaghost","floor":16,"turns":12},{"damage":13,"enemies":"3 Byrds","floor":18,"turns":3},{"damage":5,"enemies":"Shell Parasite","floor":21,"turns":5},{"damage":36,"enemies":"Shelled Parasite and Fungi","floor":22,"turns":4},{"damage":22,"enemies":"Snake Plant","floor":30,"turns":3},{"damage":31,"enemies":"Snecko","floor":31,"turns":5},{"damage":48,"enemies":"Collector","floor":33,"turns":3}],"seed_played":"8198623011738246748","potions_obtained":[{"floor":1,"key":"SteroidPotion"},{"floor":13,"key":"SkillPotion"},{"floor":16,"key":"Strength Potion"},{"floor":18,"key":"LiquidBronze"},{"floor":22,"key":"LiquidBronze"}],"is_trial":false,"path_per_floor":["M","?","M","?","$","R","?","R","T","E","R","$","M","M","R","B",null,"M","$","?","M","M","R","?","R","T","R","$","?","M","M","R","B"],"character_chosen":"THE_SILENT","items_purchased":["Well Laid Plans","Fire Potion","Explosive Potion","Footwork","Infinite Blades","War Paint","Underhanded Strike"],"campfire_rested":5,"item_purchase_floors":[5,5,5,12,19,19,28],"current_hp_per_floor":[63,63,63,63,63,63,49,49,49,49,70,70,70,70,70,28,60,47,47,47,42,6,27,27,48,48,69,69,69,47,16,37,0],"gold":35,"neow_bonus":"THREE_ENEMY_KILL","is_prod":false,"is_daily":false,"chose_seed":false,"campfire_upgraded":3,"win_rate":0,"timestamp":1556297331,"path_taken":["M","?","M","?","?","R","?","R","T","E","R","$","M","M","R","BOSS","M","$","?","M","M","R","?","R","T","R","$","?","M","M","R","BOSS"],"build_version":"2019-01-23","purchased_purges":1,"victory":false,"max_hp_per_floor":[70,70,70,70,70,70,70,70,70,70,70,70,70,70,70,70,70,70,70,70,70,70,70,70,70,70,70,70,70,70,70,70,70],"card_choices":[{"not_picked":["Endless Agony","Accuracy"],"picked":"Backflip","floor":1},{"not_picked":["Dagger Throw","Concentrate"],"picked":"Terror","floor":3},{"not_picked":["Well Laid Plans","Endless Agony","Masterful Stab"],"picked":"Tactician","floor":10},{"not_picked":["Flying Knee","Finisher","Backflip"],"picked":"Prepared","floor":13},{"not_picked":["Flying Knee","Dagger Spray","Dagger Throw"],"picked":"Corpse Explosion","floor":14},{"not_picked":["Doppelganger","Unload","Burst"],"picked":"Tools of the Trade","floor":16},{"not_picked":["Quick Slash+1","Dagger Spray","Dagger Throw"],"picked":"Caltrops+1","floor":18},{"not_picked":["Outmaneuver","Dash","Venomology"],"picked":"Calculated Gamble+1","floor":21},{"not_picked":["Acrobatics","Backflip+1","Slice+1"],"picked":"Underhanded Strike+1","floor":22},{"not_picked":["Leg Sweep","Blur","Glass Knife"],"picked":"Tactician","floor":30},{"not_picked":["Acrobatics","Poisoned Stab","Backflip"],"picked":"Prepared","floor":31}],"player_experience":1479014,"relics_obtained":[{"floor":9,"key":"Question Card"},{"floor":10,"key":"Dodecahedron"},{"floor":26,"key":"Tiny Chest"}],"event_choices":[{"damage_healed":0,"gold_gain":0,"player_choice":"Leave","damage_taken":0,"max_hp_gain":0,"max_hp_loss":0,"event_name":"The Cleric","floor":2,"gold_loss":0},{"damage_healed":0,"gold_gain":175,"player_choice":"AGREE","damage_taken":0,"max_hp_gain":0,"max_hp_loss":0,"event_name":"Liars Game","floor":4,"gold_loss":0,"cards_obtained":["Doubt"]},{"damage_healed":0,"gold_gain":0,"player_choice":"Entered Light","damage_taken":14,"max_hp_gain":0,"max_hp_loss":0,"event_name":"Shining Light","floor":7,"gold_loss":0,"cards_upgraded":["Defend_G","Strike_G"]},{"damage_healed":0,"gold_gain":0,"player_choice":"Opened","damage_taken":0,"relics_obtained":["Anchor"],"max_hp_gain":0,"max_hp_loss":0,"event_name":"The Mausoleum","floor":20,"gold_loss":0,"cards_obtained":["Writhe"]},{"damage_healed":0,"gold_gain":0,"player_choice":"Paid Fearfully","damage_taken":0,"max_hp_gain":0,"max_hp_loss":0,"event_name":"Masked Bandits","floor":24,"gold_loss":28},{"damage_healed":0,"gold_gain":0,"player_choice":"Ignored","damage_taken":0,"max_hp_gain":0,"max_hp_loss":0,"event_name":"Beggar","floor":29,"gold_loss":0}],"is_beta":false,"boss_relics":[{"not_picked":["Cursed Key","Empty Cage"],"picked":"Pandora\u0027s Box"}],"items_purged_floors":[5],"is_endless":false,"potions_floor_spawned":[1,13,16,18,22],"killed_by":"Collector","ascension_level":10}