{"gold_per_floor":[109,284,284,299,317,352,365,396,396,33,107,107,119,6,6,6],"floor_reached":16,"playtime":732,"items_purged":["Doubt"],"score":176,"play_id":"89ddbfcc-7386-4cff-b94e-b249106c3cf1","local_time":"20190314163157","is_ascension_mode":true,"campfire_choices":[{"floor":15,"key":"REST"}],"neow_cost":"NONE","seed_source_timestamp":79332795329000,"circlet_count":0,"master_deck":["AscendersBane","Strike_R","Strike_R","Strike_R","Strike_R","Strike_R","Defend_R","Defend_R","Defend_R","Defend_R","Bash+1","Twin Strike","Headbutt","Disarm","Immolate","Feel No Pain","Limit Break","Purity","Body Slam"],"relics":["Burning Blood","Dead Branch","Pen Nib","Boot","Champion Belt"],"potions_floor_usage":[6,6,7,16,16],"damage_taken":[{"damage":2,"enemies":"Jaw Worm","floor":1,"turns":3},{"damage":4,"enemies":"2 Louse","floor":4,"turns":3},{"damage":1,"enemies":"Cultist","floor":5,"turns":3},{"damage":36,"enemies":"Lagavulin","floor":6,"turns":8},{"damage":6,"enemies":"Looter","floor":7,"turns":2},{"damage":29,"enemies":"3 Sentries","floor":8,"turns":8},{"damage":10,"enemies":"Blue Slaver","floor":13,"turns":5},{"damage":48,"enemies":"The Guardian","floor":16,"turns":11}],"seed_played":"-7924476133229304561","potions_obtained":[{"floor":0,"key":"EssenceOfSteel"},{"floor":0,"key":"SpeedPotion"},{"floor":0,"key":"Block Potion"},{"floor":6,"key":"FearPotion"},{"floor":8,"key":"SteroidPotion"},{"floor":13,"key":"Swift Potion"}],"is_trial":false,"path_per_floor":["M","?","?","M","M","E","M","E","T","$","?","?","M","$","R","B"],"character_chosen":"IRONCLAD","items_purchased":["Champion Belt","Purity","Body Slam"],"campfire_rested":1,"item_purchase_floors":[10,14,14],"current_hp_per_floor":[76,76,76,78,80,50,50,27,27,27,27,27,23,23,47,0],"gold":6,"neow_bonus":"THREE_SMALL_POTIONS","is_prod":false,"is_daily":false,"chose_seed":false,"campfire_upgraded":0,"win_rate":0,"timestamp":1552577517,"path_taken":["M","?","?","M","?","E","M","E","T","$","?","?","M","?","R","BOSS"],"build_version":"2019-01-23","purchased_purges":1,"victory":false,"max_hp_per_floor":[80,80,80,80,80,80,80,80,80,80,80,80,80,80,80,80],"card_choices":[{"not_picked":["Blood for Blood","Wild Strike"],"picked":"Twin Strike","floor":1},{"not_picked":["Perfected Strike","Rupture"],"picked":"Headbutt","floor":4},{"not_picked":["Clash","Havoc"],"picked":"Disarm","floor":5},{"not_picked":["Entrench","Power Through"],"picked":"Immolate","floor":6},{"not_picked":["Fire Breathing","Warcry"],"picked":"Feel No Pain","floor":7},{"not_picked":["Second Wind","Flex"],"picked":"Limit Break","floor":8},{"not_picked":["Anger","Sentinel","Sword Boomerang"],"picked":"SKIP","floor":13}],"player_experience":1509350,"relics_obtained":[{"floor":6,"key":"Dead Branch"},{"floor":8,"key":"Pen Nib"},{"floor":9,"key":"Boot"}],"event_choices":[{"damage_healed":0,"gold_gain":175,"player_choice":"AGREE","damage_taken":0,"max_hp_gain":0,"max_hp_loss":0,"event_name":"Liars Game","floor":2,"gold_loss":0,"cards_obtained":["Doubt"]},{"damage_healed":0,"gold_gain":0,"player_choice":"Upgraded","damage_taken":0,"max_hp_gain":0,"max_hp_loss":0,"event_name":"Upgrade Shrine","floor":3,"gold_loss":0,"cards_upgraded":["Bash"]},{"damage_healed":0,"gold_gain":74,"player_choice":"Gained Gold","damage_taken":0,"max_hp_gain":0,"max_hp_loss":0,"event_name":"Golden Wing","floor":11,"gold_loss":0},{"damage_healed":0,"gold_gain":0,"player_choice":"Ignored","damage_taken":0,"max_hp_gain":0,"max_hp_loss":0,"event_name":"Shining Light","floor":12,"gold_loss":0}],"is_beta":false,"boss_relics":[],"items_purged_floors":[10],"is_endless":false,"potions_floor_spawned":[6,8,13],"killed_by":"The Guardian","ascension_level":12}