{"gold_per_floor":[119,119,119,69,69,97,97,127,127,127,137,101,101,112,112,208,208,227,35,52,52,52],"floor_reached":22,"playtime":1041,"items_purged":[],"score":285,"play_id":"7a0c47fc-7d87-4d28-9eba-d3d80b068ac3","local_time":"20190223144531","is_ascension_mode":true,"campfire_choices":[{"floor":7,"key":"REST"},{"floor":10,"key":"REST"},{"data":"Flame Barrier","floor":15,"key":"SMITH"}],"neow_cost":"NONE","seed_source_timestamp":536267533107599,"circlet_count":0,"master_deck":["AscendersBane","Strike_R","Strike_R","Strike_R+1","Strike_R","Strike_R+1","Defend_R","Defend_R","Defend_R","Defend_R","Bash","Entrench","Rage","Dual Wield","Headbutt","Flame Barrier+1","Exhume","Second Wind","Spot Weakness"],"relics":["Burning Blood","Art of War","Kunai","Pen Nib","Centennial Puzzle","Whetstone","White Beast Statue","Toy Ornithopter"],"potions_floor_usage":[6,6,6,6,8,8,16,16,16,16,18,18,18,22,22],"damage_taken":[{"damage":1,"enemies":"Small Slimes","floor":1,"turns":4},{"damage":44,"enemies":"Gremlin Nob","floor":6,"turns":6},{"damage":24,"enemies":"3 Sentries","floor":8,"turns":11},{"damage":0,"enemies":"2 Louse","floor":11,"turns":3},{"damage":0,"enemies":"Cultist","floor":14,"turns":3},{"damage":75,"enemies":"Hexaghost","floor":16,"turns":9},{"damage":12,"enemies":"2 Thieves","floor":18,"turns":4},{"damage":17,"enemies":"Spheric Guardian","floor":20,"turns":6},{"damage":61,"enemies":"3 Cultists","floor":22,"turns":5}],"seed_played":"2281992913685971520","potions_obtained":[{"floor":0,"key":"FearPotion"},{"floor":0,"key":"EntropicBrew"},{"floor":0,"key":"Regen Potion"},{"floor":6,"key":"SkillPotion"},{"floor":13,"key":"PowerPotion"},{"floor":13,"key":"Weak Potion"},{"floor":14,"key":"EntropicBrew"},{"floor":16,"key":"Fire Potion"},{"floor":18,"key":"EssenceOfSteel"},{"floor":20,"key":"PowerPotion"}],"is_trial":false,"path_per_floor":["M","?","?","?","$","E","R","E","T","R","M","$","?","M","R","B",null,"M","$","M","$","M"],"character_chosen":"IRONCLAD","items_purchased":["Flame Barrier","Toy Ornithopter"],"campfire_rested":2,"item_purchase_floors":[12,19],"current_hp_per_floor":[77,77,65,65,65,41,65,47,47,71,77,77,77,80,80,26,67,61,61,50,50,0],"gold":52,"neow_bonus":"THREE_SMALL_POTIONS","is_prod":false,"is_daily":false,"chose_seed":false,"campfire_upgraded":1,"win_rate":0,"timestamp":1550929531,"path_taken":["M","?","?","?","$","E","R","E","T","R","M","$","?","?","R","BOSS","M","$","M","$","M"],"build_version":"2019-01-23","purchased_purges":0,"victory":false,"max_hp_per_floor":[80,80,80,80,80,80,80,80,80,80,80,80,80,80,80,80,80,80,80,80,80,80],"card_choices":[{"not_picked":["Iron Wave","Clothesline"],"picked":"Entrench","floor":1},{"not_picked":["Pommel Strike","Clash"],"picked":"Rage","floor":6},{"not_picked":["Dropkick","Twin Strike"],"picked":"Dual Wield","floor":8},{"not_picked":["Pommel Strike","Dual Wield"],"picked":"Headbutt","floor":11},{"not_picked":["Clash","Armaments","Uppercut"],"picked":"SKIP","floor":14},{"not_picked":["Fiend Fire","Berserk"],"picked":"Exhume","floor":16},{"not_picked":["Burning Pact+1","Havoc+1"],"picked":"Second Wind","floor":18},{"not_picked":["Armaments","Wild Strike"],"picked":"Spot Weakness","floor":20}],"player_experience":1414982,"relics_obtained":[{"floor":6,"key":"Pen Nib"},{"floor":8,"key":"Centennial Puzzle"},{"floor":9,"key":"Whetstone"}],"event_choices":[{"damage_healed":0,"gold_gain":0,"player_choice":"Box","damage_taken":0,"relics_obtained":["Art of War"],"max_hp_gain":0,"max_hp_loss":0,"event_name":"Big Fish","floor":2,"gold_loss":0,"cards_obtained":["Regret"]},{"damage_healed":0,"gold_gain":0,"player_choice":"Success","damage_taken":12,"relics_obtained":["Kunai"],"max_hp_gain":0,"max_hp_loss":0,"event_name":"Scrap Ooze","floor":3,"gold_loss":0},{"cards_removed":["Regret"],"damage_healed":0,"gold_gain":0,"player_choice":"Card Removal","damage_taken":0,"max_hp_gain":0,"max_hp_loss":0,"event_name":"The Cleric","floor":4,"gold_loss":50},{"damage_healed":0,"gold_gain":0,"player_choice":"Got Potions","damage_taken":0,"max_hp_gain":0,"max_hp_loss":0,"event_name":"Lab","floor":13,"gold_loss":0}],"is_beta":false,"boss_relics":[{"not_picked":["Eternal Feather","Orrery"],"picked":"White Beast Statue"}],"items_purged_floors":[],"is_endless":false,"potions_floor_spawned":[6,14,16,18,20],"killed_by":"3 Cultists","ascension_level":10}