{"path_per_floor":["M","M","?","M","M","R","E","M","T","R","?","$","?","M","R","B",null,"M","$","?","$","?","R","M","R","T","R","M","?","$","M","R","B",null,"M","?","$","?","?","R","M","?","T","R"],"character_chosen":"IRONCLAD","items_purchased":["Singing Bowl","Body Slam","Demon Form","Limit Break","Jack Of All Trades"],"gold_per_floor":[111,124,124,141,156,156,181,193,263,263,263,88,88,108,108,212,212,229,154,154,1,1,1,16,16,16,16,27,27,27,41,41,146,146,164,164,4,57,57,57,75,75,102,102],"floor_reached":45,"campfire_rested":4,"playtime":1845,"current_hp_per_floor":[79,77,82,85,81,81,76,82,82,82,65,65,62,49,75,37,89,77,77,77,77,62,62,61,61,61,61,63,63,63,48,64,33,66,68,68,68,27,44,64,42,42,42,63],"items_purged":["Strike_R"],"gold":102,"score":503,"play_id":"43b8e23d-3cee-4b2b-94dc-6af0520606be","local_time":"20180314230116","is_prod":false,"is_daily":false,"is_ascension_mode":true,"campfire_upgraded":5,"timestamp":1521093676,"path_taken":["M","M","?","?","M","R","E","M","T","R","?","$","?","?","R","BOSS","M","$","?","?","?","R","M","R","T","R","M","?","?","M","R","BOSS","M","?","$","?","?","R","M","?","T","R","E"],"build_version":"2018-03-09","purchased_purges":1,"victory":false,"master_deck":["Defend_R+1","Defend_R+1","Defend_R+1","Bash+1","Whirlwind+1","Flex+1","Heavy Blade+1","Shockwave+1","Pommel Strike","Body Slam+1","Thunderclap+1","Demon Form+1","Bite+1","Bite+1","Bite","Bite","Bite+1","Shrug It Off","True Grit","Limit Break","Jack Of All Trades","Disarm"],"max_hp_per_floor":[80,80,85,85,85,85,85,85,85,85,85,85,85,87,87,89,89,89,89,89,89,62,62,64,64,64,64,64,64,64,64,64,66,66,68,68,68,68,68,68,70,70,70,70],"relics":["Black Blood","Bronze Scales","Omamori","Blue Candle","Singing Bowl","Dodecahedron","War Paint","Mark of Pain","Charon\u0027s Ashes","Whetstone"],"card_choices":[{"not_picked":["Cleave","Flame Barrier"],"picked":"Whirlwind"},{"not_picked":["Wild Strike","Armaments"],"picked":"Flex"},{"not_picked":["Ghostly Armor","Warcry"],"picked":"Heavy Blade"},{"not_picked":["Iron Wave","Body Slam"],"picked":"Shockwave"},{"not_picked":["Clash","Heavy Blade"],"picked":"Pommel Strike"},{"not_picked":["Perfected Strike","Body Slam"],"picked":"Thunderclap"},{"not_picked":["Rampage","Clothesline"],"picked":"Shrug It Off"},{"not_picked":["Armaments","Clothesline"],"picked":"True Grit"},{"not_picked":["Sword Boomerang","Combust"],"picked":"Disarm"}],"player_experience":181799,"potions_floor_usage":[16,33,33,38,45],"damage_taken":[{"damage":7,"enemies":"2 Louse","floor":1,"turns":3},{"damage":8,"enemies":"Jaw Worm","floor":2,"turns":4},{"damage":1,"enemies":"Cultist","floor":4,"turns":3},{"damage":10,"enemies":"Exordium Wildlife","floor":5,"turns":4},{"damage":11,"enemies":"3 Sentries","floor":7,"turns":3},{"damage":0,"enemies":"Large Slime","floor":8,"turns":5},{"damage":21,"enemies":"Gremlin Gang","floor":14,"turns":3},{"damage":46,"enemies":"Hexaghost","floor":16,"turns":9},{"damage":22,"enemies":"Chosen","floor":18,"turns":4},{"damage":15,"enemies":"Shell Parasite","floor":24,"turns":5},{"damage":15,"enemies":"Snecko","floor":28,"turns":5},{"damage":36,"enemies":"Snake Plant","floor":31,"turns":4},{"damage":61,"enemies":"Automaton","floor":33,"turns":8},{"damage":6,"enemies":"Orb Walker","floor":35,"turns":3},{"damage":56,"enemies":"Mysterious Sphere","floor":38,"turns":5},{"damage":40,"enemies":"3 Darklings","floor":41,"turns":3},{"damage":76,"enemies":"2 Orb Walkers","floor":45,"turns":5}],"event_choices":[{"event_name":"Big Fish","player_choice":"Donut","floor":3,"damage_taken":0},{"event_name":"Shining Light","player_choice":"Entered Light","floor":11,"damage_taken":0},{"event_name":"Scrap Ooze","player_choice":"success","floor":13,"damage_taken":3},{"event_name":"Back to Basics","player_choice":"Simplicity","floor":20,"damage_taken":0},{"event_name":"Vampires","player_choice":"Became a vampire","floor":22,"damage_taken":0},{"event_name":"Accursed Blacksmith","player_choice":"Forge","floor":29,"damage_taken":0},{"event_name":"Mysterious Sphere","player_choice":"Fight","floor":38,"damage_taken":0},{"event_name":"Winding Halls","player_choice":"Writhe","floor":39,"damage_taken":0},{"event_name":"Tomb of Lord Red Mask","player_choice":"Ignored","floor":42,"damage_taken":0}],"boss_relics":[{"not_picked":["Calling Bell","Ectoplasm"],"picked":"Black Blood"},{"not_picked":["Cursed Key","Snecko Eye"],"picked":"Mark of Pain"}],"potions_floor_spawned":[2,5,8,14,31,35],"seed_played":"4247446215215403111","killed_by":"2 Orb Walkers","ascension_level":2,"is_trial":false}