{"gold_per_floor":[109,75,75,25,100,100,25,25,50,63,37,76,99,123,123,123],"floor_reached":16,"playtime":559,"items_purged":["Injury"],"score":148,"play_id":"4662937e-e123-4aec-88af-9a652444aa4a","local_time":"20181013015339","is_ascension_mode":true,"campfire_choices":[{"data":"Entrench","floor":6,"key":"SMITH"},{"floor":15,"key":"REST"}],"neow_cost":"CURSE","seed_source_timestamp":83122361889300,"circlet_count":0,"master_deck":["Strike_R","Strike_R","Strike_R","Strike_R","Defend_R","Defend_R","Defend_R","Defend_R","Bash","Heavy Blade","Entrench+1","Rampage","Flex","Body Slam"],"relics":["Burning Blood","Golden Idol","Art of War","Bag of Preparation"],"potions_floor_usage":[12,14],"damage_taken":[{"damage":7,"enemies":"Cultist","floor":1,"turns":4},{"damage":7,"enemies":"Jaw Worm","floor":10,"turns":4},{"damage":16,"enemies":"Gremlin Nob","floor":12,"turns":3},{"damage":6,"enemies":"2 Louse","floor":13,"turns":2},{"damage":26,"enemies":"Gremlin Gang","floor":14,"turns":6},{"damage":95,"enemies":"Slime Boss","floor":16,"turns":10}],"seed_played":"-8520870453602591996","potions_obtained":[{"floor":1,"key":"SteroidPotion"},{"floor":12,"key":"SteroidPotion"}],"is_trial":false,"path_per_floor":["M","$","?","?","?","R","$","?","T","M","$","E","M","M","R"],"character_chosen":"IRONCLAD","items_purchased":["Entrench","Flex"],"campfire_rested":1,"item_purchase_floors":[2,11],"current_hp_per_floor":[95,95,95,95,84,84,84,84,84,83,83,73,73,53,81,0],"gold":123,"neow_bonus":"TWENTY_PERCENT_HP_BONUS","is_prod":false,"is_daily":false,"chose_seed":false,"campfire_upgraded":1,"win_rate":0,"timestamp":1539388419,"path_taken":["M","$","?","?","?","R","$","?","T","M","?","E","M","M","R","BOSS"],"build_version":"2018-10-11","purchased_purges":1,"victory":false,"max_hp_per_floor":[96,96,96,96,96,96,96,96,96,96,96,96,96,96,96,96],"card_choices":[{"not_picked":["Blood for Blood","Body Slam"],"picked":"Heavy Blade","floor":1},{"not_picked":["Havoc","Anger"],"picked":"Rampage","floor":10},{"not_picked":["Wild Strike","Armaments"],"picked":"Body Slam","floor":12},{"not_picked":["Evolve","Clothesline","Dual Wield"],"picked":"SKIP","floor":13},{"not_picked":["Anger","Rampage","Headbutt"],"picked":"SKIP","floor":14}],"player_experience":689432,"relics_obtained":[{"floor":9,"key":"Art of War"},{"floor":12,"key":"Bag of Preparation"}],"event_choices":[{"event_name":"Golden Idol","player_choice":"Take Wound","floor":3,"damage_taken":0},{"event_name":"The Cleric","player_choice":"Card Removal","floor":4,"damage_taken":0},{"event_name":"World of Goop","player_choice":"Gather Gold","floor":5,"damage_taken":0},{"event_name":"Living Wall","player_choice":"Forget","floor":8,"damage_taken":0}],"is_beta":false,"boss_relics":[],"items_purged_floors":[7],"is_endless":false,"potions_floor_spawned":[1,12],"killed_by":"Slime Boss","ascension_level":5}