{"gold_per_floor":[17,33,33,44,44,44,76,76,123,137,164,164,164,190,190,295,295,315,325,325,40,40,40,67,81,81,81,95,115,125,148,148,148],"floor_reached":33,"playtime":2177,"items_purged":[],"score":424,"play_id":"8e2b40d7-5681-48be-88fb-12a08a6f391e","local_time":"20190125200205","is_ascension_mode":true,"campfire_choices":[{"floor":6,"key":"REST"},{"floor":8,"key":"REST"},{"floor":13,"key":"REST"},{"data":"Lockon","floor":15,"key":"SMITH"},{"floor":23,"key":"RECALL"},{"floor":27,"key":"REST"},{"floor":32,"key":"REST"}],"neow_cost":"NO_GOLD","seed_source_timestamp":179570987493600,"circlet_count":0,"master_deck":["Strike_B","Strike_B+1","Defend_B","Defend_B","Defend_B","Zap","Dualcast","Stack","Cold Snap+1","Glacier","Static Discharge","Lockon+1","Buffer","Capacitor","Creative AI","Recycle","Leap+1","Defragment","Lockon+1","Self Repair","Amplify","Double Energy","White Noise+1"],"relics":["Cracked Core","Whetstone","Orichalcum","Dead Branch","Bottled Lightning","Fusion Hammer","Lee\u0027s Waffle","Vajra","Pantograph","Potion Belt"],"potions_floor_usage":[16,19,24,24,28,29,29],"damage_taken":[{"damage":10,"enemies":"Cultist","floor":1,"turns":4},{"damage":15,"enemies":"Small Slimes","floor":2,"turns":5},{"damage":0,"enemies":"2 Louse","floor":4,"turns":2},{"damage":33,"enemies":"Lagavulin","floor":7,"turns":12},{"damage":0,"enemies":"Looter","floor":10,"turns":4},{"damage":2,"enemies":"Gremlin Nob","floor":11,"turns":3},{"damage":8,"enemies":"Lagavulin","floor":14,"turns":7},{"damage":17,"enemies":"The Guardian","floor":16,"turns":11},{"damage":24,"enemies":"Chosen","floor":18,"turns":5},{"damage":6,"enemies":"3 Byrds","floor":19,"turns":9},{"damage":59,"enemies":"Slavers","floor":24,"turns":8},{"damage":5,"enemies":"Snecko","floor":25,"turns":8},{"damage":31,"enemies":"Cultist and Chosen","floor":28,"turns":12},{"damage":4,"enemies":"Sentry and Sphere","floor":29,"turns":13},{"damage":32,"enemies":"3 Cultists","floor":30,"turns":6},{"damage":107,"enemies":"Collector","floor":33,"turns":7}],"seed_played":"372938132161732207","potions_obtained":[{"floor":2,"key":"GamblersBrew"},{"floor":7,"key":"GamblersBrew"},{"floor":10,"key":"Strength Potion"},{"floor":14,"key":"Regen Potion"},{"floor":18,"key":"Weak Potion"},{"floor":19,"key":"SteroidPotion"},{"floor":25,"key":"Poison Potion"},{"floor":28,"key":"AttackPotion"}],"is_trial":false,"path_per_floor":["M","M","?","M","$","R","E","R","T","M","E","?","R","E","R","B",null,"M","M","?","$","?","R","E","M","T","R","M","M","M","T","R","B"],"character_chosen":"DEFECT","items_purchased":["Lee\u0027s Waffle","Defragment"],"campfire_rested":5,"item_purchase_floors":[21,21],"current_hp_per_floor":[58,43,43,43,43,65,32,54,54,54,52,57,80,72,72,55,74,50,44,29,92,83,83,39,34,34,61,37,47,22,22,49,0],"gold":148,"neow_bonus":"REMOVE_TWO","is_prod":false,"is_daily":false,"chose_seed":false,"campfire_upgraded":1,"win_rate":0,"timestamp":1548442925,"path_taken":["M","?","?","M","$","R","E","R","T","M","E","?","R","E","R","BOSS","M","M","?","$","?","R","E","M","T","R","M","?","M","?","R","BOSS"],"build_version":"2019-01-23","purchased_purges":0,"victory":false,"max_hp_per_floor":[75,75,75,75,75,75,75,75,75,75,75,80,80,80,80,80,80,80,80,85,92,92,92,92,92,92,92,92,92,92,92,92,92],"card_choices":[{"not_picked":["Conserve Battery","Ball Lightning"],"picked":"Stack","floor":1},{"not_picked":["Barrage","Gash"],"picked":"Cold Snap","floor":2},{"not_picked":["Steam","Barrage"],"picked":"Glacier","floor":4},{"not_picked":["Genetic Algorithm","Compile Driver"],"picked":"Static Discharge","floor":7},{"not_picked":["Leap","Stack"],"picked":"Lockon","floor":10},{"not_picked":["Scrape","Consume"],"picked":"Buffer","floor":11},{"not_picked":["Rebound","Sweeping Beam"],"picked":"Capacitor","floor":14},{"not_picked":["Core Surge","Fission"],"picked":"Creative AI","floor":16},{"not_picked":["Barrage","Cold Snap"],"picked":"Recycle","floor":18},{"not_picked":["Coolheaded","Barrage"],"picked":"Leap+1","floor":19},{"not_picked":["Cold Snap","Beam Cell"],"picked":"Lockon+1","floor":24},{"not_picked":["Stack","Streamline"],"picked":"Self Repair","floor":25},{"not_picked":["Compile Driver","BootSequence"],"picked":"Amplify","floor":28},{"not_picked":["Doom and Gloom","Gash+1"],"picked":"Double Energy","floor":29},{"not_picked":["Go for the Eyes","Scrape"],"picked":"White Noise+1","floor":30}],"player_experience":1291628,"relics_obtained":[{"floor":7,"key":"Whetstone"},{"floor":9,"key":"Orichalcum"},{"floor":11,"key":"Dead Branch"},{"floor":14,"key":"Bottled Lightning"},{"floor":24,"key":"Vajra"},{"floor":26,"key":"Pantograph"},{"floor":31,"key":"Potion Belt"}],"event_choices":[{"cards_removed":["Defend_B"],"damage_healed":0,"gold_gain":0,"player_choice":"Forget","damage_taken":0,"max_hp_gain":0,"max_hp_loss":0,"event_name":"Living Wall","floor":3,"gold_loss":0},{"damage_healed":0,"gold_gain":0,"player_choice":"Donut","damage_taken":0,"max_hp_gain":5,"max_hp_loss":0,"event_name":"Big Fish","floor":12,"gold_loss":0},{"damage_healed":0,"gold_gain":0,"player_choice":"Shed Blood","damage_taken":20,"max_hp_gain":5,"max_hp_loss":0,"event_name":"Forgotten Altar","floor":20,"gold_loss":0},{"damage_healed":0,"gold_gain":0,"player_choice":"","damage_taken":9,"max_hp_gain":0,"max_hp_loss":0,"event_name":"Knowing Skull","floor":22,"potions_obtained":[],"gold_loss":0,"cards_obtained":[]}],"is_beta":false,"boss_relics":[{"not_picked":["Calling Bell","Cursed Key"],"picked":"Fusion Hammer"}],"items_purged_floors":[],"is_endless":false,"potions_floor_spawned":[2,7,10,14,18,19,25,28],"killed_by":"Collector","ascension_level":8}