{"gold_per_floor":[111,129,129,48,323,323,346,369,369,369,385,398,398,421,421,421],"floor_reached":16,"playtime":480,"items_purged":[],"score":160,"play_id":"d685cecd-7130-4d2a-9192-ed37fd3d0265","local_time":"20190418210043","is_ascension_mode":true,"campfire_choices":[{"data":"Forethought","floor":6,"key":"SMITH"},{"floor":10,"key":"REST"},{"floor":13,"key":"REST"},{"floor":15,"key":"REST"}],"neow_cost":"NONE","seed_source_timestamp":87196078726500,"circlet_count":0,"master_deck":["AscendersBane","Strike_R","Strike_R","Strike_R","Strike_R","Strike_R","Defend_R","Defend_R","Defend_R","Defend_R","Bash","Seeing Red","Offering","Forethought+1","Regret","Dropkick","Headbutt","Headbutt","Thunderclap","Metallicize","Metallicize","Metallicize","Corruption"],"relics":["Burning Blood","Golden Idol","Dream Catcher"],"potions_floor_usage":[2,12,16],"damage_taken":[{"damage":1,"enemies":"Cultist","floor":1,"turns":4},{"damage":8,"enemies":"Small Slimes","floor":2,"turns":5},{"damage":15,"enemies":"Jaw Worm","floor":7,"turns":4},{"damage":23,"enemies":"Red Slaver","floor":8,"turns":4},{"damage":16,"enemies":"Blue Slaver","floor":11,"turns":3},{"damage":0,"enemies":"3 Louse","floor":12,"turns":1},{"damage":60,"enemies":"Gremlin Gang","floor":14,"turns":6},{"damage":51,"enemies":"Slime Boss","floor":16,"turns":6}],"seed_played":"-1712372656314205202","potions_obtained":[{"floor":0,"key":"FearPotion"},{"floor":0,"key":"Dexterity Potion"},{"floor":1,"key":"SkillPotion"},{"floor":2,"key":"Explosive Potion"}],"is_trial":false,"path_per_floor":["M","M","?","$","?","R","M","M","T","R","M","M","R","M","R","B"],"character_chosen":"IRONCLAD","items_purchased":["Forethought"],"campfire_rested":3,"item_purchase_floors":[4],"current_hp_per_floor":[73,71,53,53,53,53,44,27,27,49,39,45,67,13,35,0],"gold":421,"neow_bonus":"THREE_SMALL_POTIONS","is_prod":false,"is_daily":false,"chose_seed":false,"campfire_upgraded":1,"win_rate":0,"timestamp":1555614043,"path_taken":["M","?","?","$","?","R","M","M","T","R","M","M","R","M","R","BOSS"],"build_version":"2019-01-23","purchased_purges":0,"victory":false,"max_hp_per_floor":[75,75,75,75,75,75,75,75,75,75,75,75,75,75,75,75],"card_choices":[{"not_picked":["Wild Strike","True Grit"],"picked":"Seeing Red","floor":1},{"not_picked":["Flex","Clothesline"],"picked":"Offering","floor":2},{"not_picked":["Burning Pact","Warcry"],"picked":"Dropkick","floor":7},{"not_picked":["Clothesline","Thunderclap"],"picked":"Headbutt","floor":8},{"not_picked":["Pommel Strike","Cleave"],"picked":"Headbutt","floor":10},{"not_picked":["Carnage","Shrug It Off"],"picked":"Thunderclap","floor":11},{"not_picked":["Power Through","Thunderclap"],"picked":"Metallicize","floor":12},{"not_picked":["True Grit","Twin Strike"],"picked":"Metallicize","floor":13},{"not_picked":["True Grit","Cleave"],"picked":"Metallicize","floor":14},{"not_picked":["Iron Wave","Searing Blow"],"picked":"Corruption","floor":15}],"player_experience":1733337,"relics_obtained":[{"floor":9,"key":"Dream Catcher"}],"event_choices":[{"damage_healed":0,"gold_gain":0,"player_choice":"Take Damage","damage_taken":18,"relics_obtained":["Golden Idol"],"max_hp_gain":0,"max_hp_loss":0,"event_name":"Golden Idol","floor":3,"gold_loss":0},{"damage_healed":0,"gold_gain":275,"player_choice":"Desecrate","damage_taken":0,"max_hp_gain":0,"max_hp_loss":0,"event_name":"Golden Shrine","floor":5,"gold_loss":0,"cards_obtained":["Regret"]}],"is_beta":false,"boss_relics":[],"items_purged_floors":[],"is_endless":false,"potions_floor_spawned":[1,2,11],"killed_by":"Slime Boss","ascension_level":14}