{"gold_per_floor":[111,111,121,140,157,183,183,258,283,311,311,11,11,23,23,123,123,138,138,152,152,99,125,125,160,185,200,220,180,197,208,208,310,310,328,344,355,211,229,229,229,241,241,341,341,341,369,382,382,382],"floor_reached":50,"playtime":2670,"items_purged":[],"score":550,"play_id":"d0ac52db-286b-4b60-b1ea-a3b10d5342ee","local_time":"20190514011134","is_ascension_mode":true,"campfire_choices":[{"floor":7,"key":"REST"},{"floor":11,"key":"REST"},{"floor":13,"key":"REST"},{"floor":15,"key":"REST"},{"floor":24,"key":"REST"},{"floor":32,"key":"REST"},{"floor":40,"key":"REST"},{"floor":45,"key":"REST"},{"data":"Armaments","floor":49,"key":"SMITH"}],"neow_cost":"NONE","seed_source_timestamp":128383607749159,"circlet_count":0,"master_deck":["Strike_R","Strike_R","Strike_R","Defend_R+1","Defend_R+1","Defend_R","Defend_R","Bash","Rampage","Evolve","Disarm","Dark Embrace","Cleave","Shrug It Off","Battle Trance","Cleave","Ghostly Armor","Spot Weakness","Juggernaut","Corruption","Burning Pact","Shrug It Off","True Grit","Flame Barrier+1","Metallicize","Havoc+1","Offering","Entrench+1","Madness","Madness","Inflame+1","Armaments+1"],"relics":["Eternal Feather","War Paint","Dream Catcher","Pen Nib","Bird Faced Urn","Busted Crown","Happy Flower","Centennial Puzzle","Orichalcum","Sozu","Vajra","Gremlin Horn","Girya","Charon\u0027s Ashes"],"potions_floor_usage":[28,28,28,50],"damage_taken":[{"damage":5,"enemies":"2 Louse","floor":1,"turns":4},{"damage":3,"enemies":"Jaw Worm","floor":3,"turns":4},{"damage":1,"enemies":"Cultist","floor":4,"turns":4},{"damage":8,"enemies":"Large Slime","floor":5,"turns":7},{"damage":38,"enemies":"3 Sentries","floor":6,"turns":11},{"damage":41,"enemies":"Lagavulin","floor":10,"turns":9},{"damage":8,"enemies":"Lots of Slimes","floor":14,"turns":3},{"damage":71,"enemies":"Slime Boss","floor":16,"turns":14},{"damage":6,"enemies":"Shell Parasite","floor":18,"turns":7},{"damage":23,"enemies":"3 Byrds","floor":20,"turns":5},{"damage":45,"enemies":"Slavers","floor":23,"turns":6},{"damage":28,"enemies":"Book of Stabbing","floor":25,"turns":7},{"damage":18,"enemies":"Centurion and Healer","floor":27,"turns":8},{"damage":7,"enemies":"3 Cultists","floor":28,"turns":5},{"damage":5,"enemies":"Cultist and Chosen","floor":30,"turns":7},{"damage":1,"enemies":"Snecko","floor":31,"turns":4},{"damage":24,"enemies":"Champ","floor":33,"turns":17},{"damage":16,"enemies":"3 Shapes","floor":35,"turns":4},{"damage":16,"enemies":"3 Darklings","floor":36,"turns":5},{"damage":22,"enemies":"Spire Growth","floor":37,"turns":6},{"damage":16,"enemies":"4 Shapes","floor":39,"turns":5},{"damage":21,"enemies":"Transient","floor":42,"turns":5},{"damage":13,"enemies":"Mind Bloom Boss Battle","floor":44,"turns":7},{"damage":15,"enemies":"Reptomancer","floor":47,"turns":4},{"damage":6,"enemies":"Maw","floor":48,"turns":7},{"damage":87,"enemies":"Time Eater","floor":50,"turns":8}],"seed_played":"4503264794410268844","potions_obtained":[{"floor":1,"key":"SteroidPotion"},{"floor":5,"key":"Weak Potion"},{"floor":10,"key":"Poison Potion"},{"floor":28,"key":"Energy Potion"},{"floor":33,"key":"Dexterity Potion"}],"is_trial":false,"path_per_floor":["M","?","M","M","M","E","R","?","T","E","R","$","R","M","R","B",null,"M","?","M","?","$","E","R","E","T","M","M","$","M","M","R","B",null,"M","M","M","$","M","R","?","M","T","?","R","?","E","M","R","B"],"character_chosen":"IRONCLAD","items_purchased":["Bird Faced Urn","Shrug It Off","Metallicize","Vajra"],"campfire_rested":8,"item_purchase_floors":[12,22,29,38],"current_hp_per_floor":[75,75,72,71,63,25,58,47,47,6,39,39,72,64,80,9,80,77,69,48,48,48,9,45,21,21,9,6,6,7,10,49,33,80,64,54,38,38,28,67,57,40,40,33,75,75,70,76,80,0],"gold":382,"neow_bonus":"BOSS_RELIC","is_prod":false,"is_daily":false,"chose_seed":false,"campfire_upgraded":1,"win_rate":0,"timestamp":1557810694,"path_taken":["M","?","M","M","M","E","R","?","T","E","R","$","R","M","R","BOSS","M","?","?","?","$","E","R","E","T","M","M","$","M","M","R","BOSS","M","?","M","$","M","R","?","M","T","?","R","?","E","M","R","BOSS"],"build_version":"2019-01-23","purchased_purges":0,"victory":false,"max_hp_per_floor":[80,80,80,80,80,80,80,80,80,80,80,80,80,80,80,80,80,80,80,80,80,80,80,80,80,80,80,80,80,80,80,80,80,80,80,80,80,80,80,80,80,80,80,80,80,80,80,80,80,80],"card_choices":[{"not_picked":["Battle Trance","Warcry"],"picked":"Rampage","floor":1},{"not_picked":["Wild Strike","Iron Wave"],"picked":"Evolve","floor":3},{"not_picked":["Flame Barrier","Clash"],"picked":"Disarm","floor":4},{"not_picked":["Thunderclap","Bloodletting"],"picked":"Dark Embrace","floor":5},{"not_picked":["Ghostly Armor","Sword Boomerang"],"picked":"Cleave","floor":6},{"not_picked":["Twin Strike","Clash"],"picked":"Shrug It Off","floor":10},{"not_picked":["Searing Blow","Perfected Strike"],"picked":"Battle Trance","floor":11},{"not_picked":["Exhume","Pommel Strike"],"picked":"Cleave","floor":13},{"not_picked":["Clash","Twin Strike"],"picked":"Ghostly Armor","floor":14},{"not_picked":["Blood for Blood","True Grit"],"picked":"Spot Weakness","floor":15},{"not_picked":["Double Tap","Exhume"],"picked":"Juggernaut","floor":16},{"not_picked":[],"picked":"Corruption","floor":18},{"not_picked":[],"picked":"Burning Pact","floor":20},{"not_picked":[],"picked":"True Grit","floor":23},{"not_picked":[],"picked":"Flame Barrier+1","floor":24},{"not_picked":["Corruption"],"picked":"SKIP","floor":25},{"not_picked":["Spot Weakness"],"picked":"SKIP","floor":27},{"not_picked":["Heavy Blade"],"picked":"SKIP","floor":28},{"not_picked":[],"picked":"Havoc+1","floor":30},{"not_picked":["Evolve"],"picked":"SKIP","floor":31},{"not_picked":[],"picked":"Offering","floor":33},{"not_picked":["Armaments"],"picked":"SKIP","floor":35},{"not_picked":[],"picked":"Entrench+1","floor":36},{"not_picked":["Wild Strike"],"picked":"SKIP","floor":37},{"not_picked":["Carnage+1"],"picked":"SKIP","floor":39},{"not_picked":["Twin Strike+1"],"picked":"SKIP","floor":42},{"not_picked":[],"picked":"Inflame+1","floor":47},{"not_picked":[],"picked":"Armaments","floor":48}],"player_experience":58145,"relics_obtained":[{"floor":6,"key":"War Paint"},{"floor":9,"key":"Dream Catcher"},{"floor":10,"key":"Pen Nib"},{"floor":23,"key":"Happy Flower"},{"floor":25,"key":"Centennial Puzzle"},{"floor":26,"key":"Orichalcum"},{"floor":43,"key":"Gremlin Horn"},{"floor":44,"key":"Girya"},{"floor":47,"key":"Charon\u0027s Ashes"}],"event_choices":[{"damage_healed":0,"gold_gain":0,"player_choice":"Ignored","damage_taken":0,"max_hp_gain":0,"max_hp_loss":0,"event_name":"Liars Game","floor":2,"gold_loss":0},{"damage_healed":0,"gold_gain":75,"player_choice":"Gather Gold","damage_taken":11,"max_hp_gain":0,"max_hp_loss":0,"event_name":"World of Goop","floor":8,"gold_loss":0},{"damage_healed":0,"gold_gain":0,"player_choice":"","damage_taken":8,"max_hp_gain":0,"max_hp_loss":0,"event_name":"Knowing Skull","floor":19,"potions_obtained":[],"gold_loss":0,"cards_obtained":[]},{"cards_removed":["Strike_R"],"damage_healed":0,"gold_gain":0,"player_choice":"Purged","damage_taken":0,"max_hp_gain":0,"max_hp_loss":0,"event_name":"Purifier","floor":21,"gold_loss":0},{"damage_healed":0,"gold_gain":0,"player_choice":"Embrace Madness","damage_taken":10,"max_hp_gain":0,"max_hp_loss":0,"event_name":"Winding Halls","floor":41,"gold_loss":0,"cards_obtained":["Madness","Madness"]},{"damage_healed":0,"gold_gain":0,"player_choice":"Fight","damage_taken":0,"max_hp_gain":0,"max_hp_loss":0,"event_name":"MindBloom","floor":44,"gold_loss":0},{"cards_removed":["Strike_R"],"damage_healed":0,"gold_gain":0,"player_choice":"Removed Attack","damage_taken":0,"max_hp_gain":0,"max_hp_loss":0,"event_name":"Falling","floor":46,"gold_loss":0}],"is_beta":false,"boss_relics":[{"not_picked":["Black Star","Empty Cage"],"picked":"Busted Crown"},{"not_picked":["Runic Pyramid","Runic Dome"],"picked":"Sozu"}],"items_purged_floors":[],"is_endless":false,"potions_floor_spawned":[1,5,10,16,20,25,28,31,33,39,44,47,48],"killed_by":"Time Eater","ascension_level":1}