{"gold_per_floor":[119,129,31,44,44,44,70,70,70,95,95,20,31,31,31,136,136,155,155,170,182,195,195,208,234,234,234],"floor_reached":27,"playtime":1720,"items_purged":["Strike_B"],"score":279,"play_id":"c98071e6-9be0-459d-86d1-47cda9132e1e","local_time":"20190408153711","is_ascension_mode":true,"campfire_choices":[{"data":"Core Surge","floor":6,"key":"SMITH"},{"data":"Zap","floor":8,"key":"SMITH"},{"floor":11,"key":"REST"},{"data":"Coolheaded","floor":15,"key":"SMITH"},{"data":"Blizzard","floor":23,"key":"SMITH"}],"neow_cost":"NONE","seed_source_timestamp":671486745467500,"circlet_count":0,"master_deck":["Strike_B","Strike_B","Defend_B","Defend_B","Defend_B","Defend_B","Zap+1","Dualcast","Core Surge+1","Cold Snap","Blizzard+1","Ball Lightning","Conserve Battery","Capacitor","Conserve Battery","Reinforced Body","Coolheaded+1","Machine Learning","Turbo+1","Glacier","Dark Shackles","Redo","Steam+1","Ball Lightning","Rip and Tear"],"relics":["Cracked Core","Turnip","Symbiotic Virus","Orichalcum","Black Star","Sundial","Prayer Wheel","Matryoshka"],"potions_floor_usage":[25,25,25],"damage_taken":[{"damage":0,"enemies":"Cultist","floor":1,"turns":3},{"damage":5,"enemies":"Jaw Worm","floor":2,"turns":3},{"damage":10,"enemies":"Small Slimes","floor":4,"turns":2},{"damage":16,"enemies":"Gremlin Nob","floor":7,"turns":3},{"damage":26,"enemies":"Lagavulin","floor":10,"turns":6},{"damage":1,"enemies":"Blue Slaver","floor":13,"turns":2},{"damage":3,"enemies":"The Guardian","floor":16,"turns":12},{"damage":4,"enemies":"Chosen","floor":18,"turns":5},{"damage":1,"enemies":"Shell Parasite","floor":20,"turns":6},{"damage":15,"enemies":"Centurion and Healer","floor":21,"turns":16},{"damage":19,"enemies":"Snecko","floor":22,"turns":7},{"damage":0,"enemies":"Cultist and Chosen","floor":24,"turns":7},{"damage":39,"enemies":"Slavers","floor":25,"turns":9},{"damage":22,"enemies":"Centurion and Healer","floor":27,"turns":3}],"seed_played":"1177535857187479311","potions_obtained":[{"floor":2,"key":"Regen Potion"},{"floor":10,"key":"Dexterity Potion"},{"floor":16,"key":"SkillPotion"}],"is_trial":false,"path_per_floor":["M","M","$","M","?","R","E","R","T","E","R","$","M","$","R","B",null,"M","?","M","M","M","R","M","E","T","M"],"character_chosen":"DEFECT","items_purchased":["Ball Lightning","Reinforced Body"],"campfire_rested":1,"item_purchase_floors":[3,12],"current_hp_per_floor":[75,70,70,60,60,60,44,44,44,18,40,40,39,39,39,36,75,71,71,70,55,36,36,36,12,12,0],"gold":234,"neow_bonus":"ONE_RANDOM_RARE_CARD","is_prod":false,"is_daily":false,"chose_seed":false,"campfire_upgraded":4,"win_rate":0,"timestamp":1554763031,"path_taken":["M","M","$","M","?","R","E","R","T","E","R","$","?","?","R","BOSS","M","?","M","M","?","R","?","E","T","M"],"build_version":"2019-01-23","purchased_purges":1,"victory":false,"max_hp_per_floor":[75,75,75,75,75,75,75,75,75,75,75,75,75,75,75,75,75,75,75,75,75,75,75,75,75,75,75],"card_choices":[{"not_picked":["Rebound","Turbo"],"picked":"Cold Snap","floor":1},{"not_picked":["Rebound","Beam Cell"],"picked":"Blizzard","floor":2},{"not_picked":["Fusion","Leap"],"picked":"Conserve Battery","floor":4},{"not_picked":["Rebound","Beam Cell"],"picked":"Capacitor","floor":7},{"not_picked":["Tempest","Meteor Strike"],"picked":"Conserve Battery","floor":10},{"not_picked":["Aggregate","Tempest"],"picked":"Coolheaded","floor":13},{"not_picked":["Thunder Strike","Meteor Strike"],"picked":"Machine Learning","floor":16},{"not_picked":["Coolheaded","Blizzard"],"picked":"Turbo+1","floor":18},{"not_picked":["Rebound","Chaos"],"picked":"Redo","floor":20},{"not_picked":["Aggregate","Heatsinks+1"],"picked":"Steam+1","floor":21},{"not_picked":["Compile Driver","Hologram"],"picked":"Ball Lightning","floor":22},{"not_picked":["Stack+1","Conserve Battery","Fusion"],"picked":"SKIP","floor":24},{"not_picked":["Blizzard","Leap"],"picked":"Rip and Tear","floor":25}],"player_experience":294638,"relics_obtained":[{"floor":7,"key":"Turnip"},{"floor":9,"key":"Symbiotic Virus"},{"floor":10,"key":"Orichalcum"},{"floor":25,"key":"Sundial"},{"floor":25,"key":"Prayer Wheel"},{"floor":26,"key":"Matryoshka"}],"event_choices":[{"cards_removed":["Strike_B"],"damage_healed":0,"gold_gain":0,"player_choice":"Purged","damage_taken":0,"max_hp_gain":0,"max_hp_loss":0,"event_name":"Purifier","floor":5,"gold_loss":0},{"damage_healed":0,"gold_gain":0,"player_choice":"2 cards matched","damage_taken":0,"max_hp_gain":0,"max_hp_loss":0,"event_name":"Match and Keep!","floor":19,"gold_loss":0,"cards_obtained":["Glacier","Dark Shackles"]}],"is_beta":false,"boss_relics":[{"not_picked":["Philosopher\u0027s Stone","Calling Bell"],"picked":"Black Star"}],"items_purged_floors":[3],"is_endless":false,"potions_floor_spawned":[2,10,16,20],"killed_by":"Centurion and Healer","ascension_level":3}