{"gold_per_floor":[114,16,16,16,16,16,31,46,46,61,76,76,91,106,106,206,206,221,236,24,39,54,54,54,69,69,84,99,99,114,129,129,129],"floor_reached":33,"playtime":6049,"items_purged":["Dualcast"],"score":297,"play_id":"6d757c87-32b3-4609-a065-8352b6a10cb5","local_time":"20190103094933","daily_mods":["Specialized","Diverse","DeadlyEvents"],"is_ascension_mode":false,"campfire_choices":[{"data":"All Out Attack","floor":6,"key":"SMITH"},{"floor":12,"key":"REST"},{"data":"Riddle With Holes","floor":15,"key":"SMITH"},{"floor":23,"key":"REST"},{"floor":29,"key":"REST"},{"data":"Uppercut","floor":32,"key":"SMITH"}],"neow_cost":"","seed_source_timestamp":0,"circlet_count":0,"master_deck":["Strike_B+1","Strike_B+1","Strike_B+1","Strike_B+1","Defend_B+1","Defend_B+1","Defend_B+1","Zap","Shrug It Off","Shrug It Off+1","Shrug It Off","Shrug It Off","Shrug It Off","Steam","Wild Strike","Riddle With Holes+1","All Out Attack+1","Dagger Spray","Dagger Spray","Twin Strike","Steam","Anger","Dagger Spray","Corpse Explosion","Anger","Dagger Throw","Sweeping Beam","Steam","Finesse","Headbutt","Thunderclap+1","Iron Wave","Ghostly Armor+1","Uppercut+1","Dagger Throw"],"special_seed":17899,"relics":["Cracked Core","Sundial","The Courier","Philosopher\u0027s Stone","Bottled Flame"],"potions_floor_usage":[16,19,19,22,28,33,33],"damage_taken":[{"damage":0,"enemies":"Jaw Worm","floor":1,"turns":4},{"damage":0,"enemies":"2 Louse","floor":7,"turns":2},{"damage":0,"enemies":"Small Slimes","floor":8,"turns":2},{"damage":1,"enemies":"Blue Slaver","floor":10,"turns":3},{"damage":0,"enemies":"Red Slaver","floor":11,"turns":3},{"damage":0,"enemies":"Large Slime","floor":13,"turns":5},{"damage":0,"enemies":"3 Louse","floor":14,"turns":3},{"damage":19,"enemies":"Slime Boss","floor":16,"turns":7},{"damage":0,"enemies":"Chosen","floor":18,"turns":4},{"damage":2,"enemies":"2 Thieves","floor":19,"turns":3},{"damage":26,"enemies":"Chosen and Byrds","floor":21,"turns":5},{"damage":28,"enemies":"Snake Plant","floor":22,"turns":3},{"damage":6,"enemies":"Cultist and Chosen","floor":25,"turns":3},{"damage":3,"enemies":"Snecko","floor":27,"turns":4},{"damage":19,"enemies":"Centurion and Healer","floor":28,"turns":4},{"damage":8,"enemies":"Snake Plant","floor":30,"turns":5},{"damage":4,"enemies":"Snecko","floor":31,"turns":4},{"damage":47,"enemies":"Collector","floor":33,"turns":7}],"seed_played":"6069031500032485637","potions_obtained":[{"floor":1,"key":"FocusPotion"},{"floor":10,"key":"Block Potion"},{"floor":11,"key":"Block Potion"},{"floor":13,"key":"Strength Potion"},{"floor":21,"key":"Poison Potion"},{"floor":27,"key":"Regen Potion"},{"floor":30,"key":"SpeedPotion"},{"floor":31,"key":"FocusPotion"}],"is_trial":false,"path_per_floor":["M","$","?","?","?","R","M","M","T","M","M","R","M","M","R","B",null,"M","M","$","M","M","R","?","M","T","M","M","R","M","M","R","B"],"character_chosen":"DEFECT","items_purchased":["Wild Strike","Riddle With Holes","Sweeping Beam","Steam","Finesse"],"campfire_rested":3,"item_purchase_floors":[2,2,20,20,20],"current_hp_per_floor":[75,75,68,53,53,53,53,53,53,52,52,74,74,74,74,55,75,75,73,73,47,19,41,41,35,35,32,25,47,39,35,35,0],"gold":129,"neow_bonus":"","is_prod":false,"is_daily":true,"chose_seed":false,"campfire_upgraded":3,"win_rate":0,"timestamp":1546537773,"path_taken":["M","$","?","?","?","R","M","M","T","M","M","R","M","M","R","BOSS","M","M","$","M","M","R","?","M","T","M","?","R","M","M","R","BOSS"],"build_version":"2018-12-20","purchased_purges":1,"victory":false,"max_hp_per_floor":[75,75,75,75,75,75,75,75,75,75,75,75,75,75,75,75,75,75,75,75,75,75,75,75,75,75,75,75,75,75,75,75,75],"card_choices":[{"not_picked":["Cloak And Dagger","Go for the Eyes"],"picked":"Steam","floor":1},{"not_picked":["Catalyst","Cleave"],"picked":"Dagger Spray","floor":7},{"not_picked":["Backstab","Quick Slash"],"picked":"Dagger Spray","floor":8},{"not_picked":["True Grit","Darkness"],"picked":"Twin Strike","floor":10},{"not_picked":["Expertise","Dark Embrace"],"picked":"Steam","floor":11},{"not_picked":["Warcry","Slice"],"picked":"Anger","floor":13},{"not_picked":["Footwork","Steam Power"],"picked":"Dagger Spray","floor":14},{"not_picked":["Barricade","Brutality"],"picked":"Corpse Explosion","floor":16},{"not_picked":["Cleave","Whirlwind"],"picked":"Anger","floor":18},{"not_picked":["Fusion","Blade Dance+1"],"picked":"Dagger Throw","floor":19},{"not_picked":["Distraction","Reaper"],"picked":"Headbutt","floor":21},{"not_picked":["Havoc","Tactician+1"],"picked":"Thunderclap+1","floor":22},{"not_picked":["Lockon","Expertise","True Grit"],"picked":"SKIP","floor":25},{"not_picked":["Compile Driver","Shrug It Off"],"picked":"Iron Wave","floor":27},{"not_picked":["Sucker Punch+1","Blood for Blood"],"picked":"Ghostly Armor+1","floor":28},{"not_picked":["Crippling Poison","Dropkick"],"picked":"Uppercut","floor":30},{"not_picked":["Streamline","Acrobatics+1"],"picked":"Dagger Throw","floor":31}],"player_experience":366625,"relics_obtained":[{"floor":9,"key":"The Courier"},{"floor":26,"key":"Bottled Flame"}],"event_choices":[{"damage_healed":0,"gold_gain":0,"player_choice":"Success","damage_taken":7,"relics_obtained":["Sundial"],"max_hp_gain":0,"max_hp_loss":0,"event_name":"Scrap Ooze","floor":3,"gold_loss":0},{"damage_healed":0,"gold_gain":0,"player_choice":"Entered Light","damage_taken":15,"max_hp_gain":0,"max_hp_loss":0,"event_name":"Shining Light","floor":4,"gold_loss":0,"cards_upgraded":["Shrug It Off","Defend_B"]},{"damage_healed":0,"gold_gain":0,"cards_transformed":["Defend_B"],"player_choice":"Change","damage_taken":0,"max_hp_gain":0,"max_hp_loss":0,"event_name":"Living Wall","floor":5,"gold_loss":0,"cards_obtained":["All Out Attack"]},{"damage_healed":0,"gold_gain":0,"player_choice":"Simplicity","damage_taken":0,"max_hp_gain":0,"max_hp_loss":0,"event_name":"Back to Basics","floor":24,"gold_loss":0,"cards_upgraded":["Strike_B","Strike_B","Strike_B","Strike_B","Defend_B","Defend_B"]}],"is_beta":false,"boss_relics":[{"not_picked":["Tiny House","FrozenCore"],"picked":"Philosopher\u0027s Stone"}],"items_purged_floors":[20],"is_endless":false,"potions_floor_spawned":[1,10,11,13,21,27,30,31],"killed_by":"Collector","ascension_level":0}