{"gold_per_floor":[110,185,210,53,3,38,38,38,38,38,69,69,99,109,109,109],"floor_reached":16,"playtime":418,"items_purged":[],"score":230,"play_id":"b4d9b28d-1db6-4b85-8220-6152073db449","local_time":"20190122190023","is_ascension_mode":true,"campfire_choices":[{"floor":10,"key":"REST"},{"floor":15,"key":"REST"}],"neow_cost":"NONE","seed_source_timestamp":1095919523890800,"circlet_count":0,"master_deck":["Strike_B","Strike_B","Strike_B","Strike_B","Defend_B","Defend_B","Defend_B+1","Defend_B","Zap+1","Dualcast","Reprogram","Turbo","Redo","Buffer","Regret","Redo"],"relics":["Cracked Core","NeowsBlessing","Anchor","Juzu Bracelet","Vajra","Bag of Preparation","Pear","Gremlin Horn","Lantern"],"potions_floor_usage":[16],"damage_taken":[{"damage":0,"enemies":"Small Slimes","floor":1,"turns":1},{"damage":0,"enemies":"Gremlin Nob","floor":6,"turns":1},{"damage":0,"enemies":"3 Sentries","floor":11,"turns":1},{"damage":48,"enemies":"Lagavulin","floor":13,"turns":8},{"damage":0,"enemies":"Jaw Worm","floor":14,"turns":2},{"damage":51,"enemies":"Hexaghost","floor":16,"turns":9}],"seed_played":"7775514603118444502","potions_obtained":[{"floor":13,"key":"Explosive Potion"}],"is_trial":false,"path_per_floor":["M","?","T","$","$","E","$","?","T","R","E","?","E","M","R","B"],"character_chosen":"DEFECT","items_purchased":["Juzu Bracelet","Turbo"],"campfire_rested":2,"item_purchase_floors":[4,5],"current_hp_per_floor":[68,57,57,57,57,57,57,42,42,64,74,74,26,26,51,0],"gold":109,"neow_bonus":"THREE_ENEMY_KILL","is_prod":false,"is_daily":false,"chose_seed":false,"campfire_upgraded":0,"win_rate":0,"timestamp":1548180023,"path_taken":["M","?","?","?","$","E","$","?","T","R","E","?","E","M","R","BOSS"],"build_version":"2019-01-17v2","purchased_purges":0,"victory":false,"max_hp_per_floor":[75,75,75,75,75,75,75,75,75,75,85,85,85,85,85,85],"card_choices":[{"not_picked":["Compile Driver","Steam"],"picked":"Reprogram","floor":1},{"not_picked":["Chaos","Hologram"],"picked":"Redo","floor":6},{"not_picked":["Chaos","Rebound"],"picked":"Buffer","floor":11},{"not_picked":["Stack","Barrage","Blizzard"],"picked":"SKIP","floor":13},{"not_picked":["Steam","Beam Cell"],"picked":"Redo","floor":14}],"player_experience":1274979,"relics_obtained":[{"floor":3,"key":"Anchor"},{"floor":6,"key":"Vajra"},{"floor":9,"key":"Bag of Preparation"},{"floor":11,"key":"Pear"},{"floor":13,"key":"Lantern"}],"event_choices":[{"damage_healed":0,"gold_gain":75,"player_choice":"Gather Gold","damage_taken":11,"max_hp_gain":0,"max_hp_loss":0,"event_name":"World of Goop","floor":2,"gold_loss":0},{"damage_healed":0,"gold_gain":0,"player_choice":"Entered Light","damage_taken":15,"max_hp_gain":0,"max_hp_loss":0,"event_name":"Shining Light","floor":8,"gold_loss":0,"cards_upgraded":["Defend_B","Zap"]},{"damage_healed":0,"gold_gain":0,"player_choice":"Box","damage_taken":0,"relics_obtained":["Gremlin Horn"],"max_hp_gain":0,"max_hp_loss":0,"event_name":"Big Fish","floor":12,"gold_loss":0,"cards_obtained":["Regret"]}],"is_beta":false,"boss_relics":[],"items_purged_floors":[],"is_endless":false,"potions_floor_spawned":[13],"killed_by":"Hexaghost","ascension_level":8}