{"path_per_floor":["M","$","?","?","$","R","E","R","T","M","?","E","R","$","R","B",null,"M","M","$","T","M","R","M","T","T","M","E","R","?","M","R"],"character_chosen":"THE_SILENT","items_purchased":["Dagger Spray","Sucker Punch","Terror","Footwork"],"gold_per_floor":[114,16,16,16,16,16,49,49,76,90,90,125,125,25,25,128,128,148,165,93,93,110,110,122,177,177,191,220,220,220,236,236],"floor_reached":33,"campfire_rested":3,"playtime":1449,"current_hp_per_floor":[70,70,63,63,63,63,49,49,49,49,49,47,47,47,68,36,70,70,70,70,70,64,64,55,55,55,31,24,45,45,45,65],"items_purged":["Strike_G"],"gold":236,"score":325,"play_id":"47e87f88-924a-44b7-b434-05003016a6d8","local_time":"20180313223355","is_prod":false,"is_daily":false,"is_ascension_mode":true,"campfire_upgraded":4,"timestamp":1521005635,"path_taken":["M","$","?","?","$","R","E","R","T","M","?","E","R","?","R","BOSS","M","?","$","?","M","R","?","?","T","M","E","R","?","?","R","BOSS"],"build_version":"2018-03-09","purchased_purges":1,"victory":false,"master_deck":["Defend_G","Defend_G","Defend_G","Defend_G","Defend_G","Strike_G","Strike_G","Survivor","Neutralize+1","Backstab","Dash+1","Dagger Spray+1","Calculated Gamble","Escape Plan","Infinite Blades","Neutralize","Die Die Die","Sucker Punch","Terror","Storm of Steel","Dash","Well Laid Plans+1","Footwork+1","Cloak And Dagger","Acrobatics+1","Outmaneuver+1","Backflip"],"max_hp_per_floor":[70,70,70,70,70,70,70,70,70,70,70,70,70,70,70,70,70,70,70,70,70,70,70,70,70,70,70,70,70,67,67,67],"relics":["Ring of the Snake","Orichalcum","Oddly Smooth Stone","Bag of Preparation","Mummified Hand","Cursed Key","Tiny Chest","Sundial","Letter Opener"],"card_choices":[{"not_picked":["Acrobatics","Endless Agony"],"picked":"Dash"},{"not_picked":["PiercingWail","Prepared"],"picked":"Escape Plan"},{"not_picked":["Dagger Spray","Bane"],"picked":"Infinite Blades"},{"not_picked":["Acrobatics","Cloak And Dagger"],"picked":"Die Die Die"},{"not_picked":["Grand Finale","A Thousand Cuts"],"picked":"Storm of Steel"},{"not_picked":["Dagger Spray","Quick Slash"],"picked":"Dash"},{"not_picked":["Heel Hook","Leg Sweep"],"picked":"Well Laid Plans"},{"not_picked":["Calculated Gamble","Bane"],"picked":"Cloak And Dagger"},{"not_picked":["Masterful Stab","Quick Slash"],"picked":"Acrobatics"},{"not_picked":["After Image","PiercingWail"],"picked":"Outmaneuver"},{"not_picked":["Choke","Slice"],"picked":"Backflip"}],"player_experience":178673,"potions_floor_usage":[33],"damage_taken":[{"damage":0,"enemies":"Small Slimes","floor":1,"turns":3},{"damage":14,"enemies":"3 Sentries","floor":7,"turns":7},{"damage":0,"enemies":"Jaw Worm","floor":10,"turns":2},{"damage":2,"enemies":"Gremlin Nob","floor":12,"turns":4},{"damage":32,"enemies":"Hexaghost","floor":16,"turns":9},{"damage":0,"enemies":"3 Byrds","floor":18,"turns":3},{"damage":0,"enemies":"Chosen","floor":19,"turns":4},{"damage":6,"enemies":"Snecko","floor":22,"turns":5},{"damage":9,"enemies":"Centurion and Healer","floor":24,"turns":6},{"damage":24,"enemies":"Slaver and Parasite","floor":27,"turns":7},{"damage":7,"enemies":"Book of Stabbing","floor":28,"turns":6},{"damage":0,"enemies":"3 Cultists","floor":31,"turns":4},{"damage":72,"enemies":"Champ","floor":33,"turns":11}],"event_choices":[{"event_name":"Scrap Ooze","player_choice":"success","floor":3,"damage_taken":7},{"event_name":"Transmorgrifier","player_choice":"Transform","floor":4,"damage_taken":0},{"event_name":"Match and Keep!","player_choice":"1 cards matched","floor":11,"damage_taken":0},{"event_name":"Fountain of Cleansing","player_choice":"Removed Curse","floor":30,"damage_taken":0}],"boss_relics":[{"not_picked":["Tiny House","Pandora\u0027s Box"],"picked":"Cursed Key"}],"potions_floor_spawned":[1,10,19,22,24,28],"seed_played":"-6631023574923017523","killed_by":"Champ","ascension_level":4,"is_trial":false}