{"gold_per_floor":[367,1,19,119,26,26,41,67,67,79,79,95,115,148,148,246,246,263,42,53,53],"floor_reached":21,"playtime":913,"items_purged":["Writhe"],"score":386,"play_id":"0723fab0-f1b7-4acb-b945-74d07613951e","local_time":"20190414193441","is_ascension_mode":true,"campfire_choices":[{"data":"Forethought","floor":6,"key":"SMITH"},{"data":"Sunder","floor":11,"key":"SMITH"},{"floor":15,"key":"REST"}],"neow_cost":"TEN_PERCENT_HP_LOSS","seed_source_timestamp":327209812268500,"circlet_count":0,"master_deck":["AscendersBane","Strike_B","Strike_B","Strike_B","Strike_B","Defend_B","Defend_B","Defend_B","Defend_B","Zap","Dualcast","Chill","Sunder+1","Doom and Gloom","Redo","Hologram","Forethought+1","Conserve Battery","Double Energy","Seek","Redo","Undo","Meteor Strike","Parasite","Doubt"],"relics":["Cracked Core","Toolbox","DataDisk","Pear","Symbiotic Virus","Calling Bell","Centennial Puzzle","Blue Candle","Nunchaku","Regal Pillow"],"potions_floor_usage":[14,14],"damage_taken":[{"damage":9,"enemies":"Small Slimes","floor":1,"turns":3},{"damage":0,"enemies":"Cultist","floor":3,"turns":2},{"damage":0,"enemies":"2 Louse","floor":7,"turns":2},{"damage":10,"enemies":"3 Sentries","floor":8,"turns":3},{"damage":2,"enemies":"Red Slaver","floor":10,"turns":3},{"damage":0,"enemies":"Gremlin Gang","floor":12,"turns":3},{"damage":13,"enemies":"3 Louse","floor":13,"turns":2},{"damage":29,"enemies":"Gremlin Nob","floor":14,"turns":4},{"damage":0,"enemies":"Slime Boss","floor":16,"turns":7},{"damage":38,"enemies":"2 Thieves","floor":18,"turns":4},{"damage":13,"enemies":"Spheric Guardian","floor":20,"turns":4},{"damage":33,"enemies":"Cultist and Chosen","floor":21,"turns":4}],"seed_played":"-8903851888054650144","potions_obtained":[{"floor":1,"key":"Poison Potion"},{"floor":3,"key":"Energy Potion"},{"floor":13,"key":"SkillPotion"}],"is_trial":false,"path_per_floor":["M","$","M","?","$","R","M","E","T","M","R","M","M","E","R","B",null,"M","$","M","M"],"character_chosen":"DEFECT","items_purchased":["Sunder","Doom and Gloom","Toolbox","Redo","Forethought","Regal Pillow"],"campfire_rested":1,"item_purchase_floors":[2,2,2,2,5,19],"current_hp_per_floor":[59,59,59,59,59,59,59,49,59,57,57,57,44,15,38,38,68,30,30,17,0],"gold":53,"neow_bonus":"TWO_FIFTY_GOLD","is_prod":false,"is_daily":false,"chose_seed":false,"campfire_upgraded":2,"win_rate":0,"timestamp":1555263281,"path_taken":["M","$","M","?","$","R","M","E","T","M","R","M","M","E","R","BOSS","M","$","M","M"],"build_version":"2019-01-23","purchased_purges":1,"victory":false,"max_hp_per_floor":[68,68,68,68,68,68,68,68,78,78,78,78,78,78,78,78,78,78,78,78,78],"card_choices":[{"not_picked":["Turbo","Rebound"],"picked":"Chill","floor":1},{"not_picked":["Cold Snap","Skim"],"picked":"Hologram","floor":3},{"not_picked":["Sweeping Beam","Rebound"],"picked":"Conserve Battery","floor":7},{"not_picked":["Compile Driver","Streamline"],"picked":"Double Energy","floor":8},{"not_picked":["Cold Snap","Streamline","Leap"],"picked":"SKIP","floor":10},{"not_picked":["Cold Snap","Stack"],"picked":"Seek","floor":12},{"not_picked":["Fusion","Conserve Battery"],"picked":"Redo","floor":13},{"not_picked":["Ball Lightning","Lockon"],"picked":"Undo","floor":14},{"not_picked":["Buffer","All For One"],"picked":"Meteor Strike","floor":16},{"not_picked":["Leap","Coolheaded","Beam Cell+1"],"picked":"SKIP","floor":18},{"not_picked":["Beam Cell","Compile Driver","Coolheaded"],"picked":"SKIP","floor":20}],"player_experience":1701433,"relics_obtained":[{"floor":8,"key":"DataDisk"},{"floor":9,"key":"Pear"},{"floor":14,"key":"Symbiotic Virus"},{"floor":17,"key":"Centennial Puzzle"},{"floor":17,"key":"Blue Candle"},{"floor":17,"key":"Nunchaku"}],"event_choices":[{"damage_healed":0,"gold_gain":100,"player_choice":"Gold","damage_taken":0,"max_hp_gain":0,"max_hp_loss":0,"event_name":"Wheel of Change","floor":4,"gold_loss":0}],"is_beta":false,"boss_relics":[{"not_picked":["Black Star","Eternal Feather"],"picked":"Calling Bell"}],"items_purged_floors":[19],"is_endless":false,"potions_floor_spawned":[1,3,10,13],"killed_by":"Cultist and Chosen","ascension_level":12}