{"gold_per_floor":[115,115,125,125,139,157,186,186,210,230,230,246,266,292,292,392,392,408,426,56,68,79,109,128,128],"floor_reached":25,"playtime":2440,"items_purged":[],"score":300,"play_id":"60eb4d21-3c06-4339-a043-84a7262f5f06","local_time":"20181124012255","is_ascension_mode":true,"campfire_choices":[{"floor":11,"key":"REST"},{"floor":15,"key":"REST"}],"neow_cost":"NONE","seed_source_timestamp":87322948874267,"circlet_count":0,"master_deck":["Strike_R","Strike_R","Strike_R","Strike_R","Strike_R","Defend_R","Defend_R+1","Defend_R","Defend_R","Flex","Thunderclap","Perfected Strike","Shrug It Off","Heavy Blade","Shrug It Off","Entrench","Clothesline","Cleave","Bludgeon","Disarm+1","Armaments","Impervious","Feed","Finesse","Warcry","Juggernaut","Flame Barrier","Warcry"],"relics":["Fusion Hammer","Pen Nib","Lantern","Oddly Smooth Stone","Pear","Black Star","Mummified Hand","Kunai"],"potions_floor_usage":[7,7,16,21,21,21,22,23,24,24],"damage_taken":[{"damage":4,"enemies":"Jaw Worm","floor":1,"turns":4},{"damage":0,"enemies":"Small Slimes","floor":3,"turns":2},{"damage":0,"enemies":"Cultist","floor":5,"turns":3},{"damage":10,"enemies":"Lots of Slimes","floor":6,"turns":4},{"damage":10,"enemies":"Lagavulin","floor":7,"turns":5},{"damage":14,"enemies":"Gremlin Gang","floor":10,"turns":4},{"damage":4,"enemies":"Blue Slaver","floor":12,"turns":2},{"damage":2,"enemies":"Exordium Thugs","floor":13,"turns":4},{"damage":12,"enemies":"Gremlin Nob","floor":14,"turns":4},{"damage":12,"enemies":"Slime Boss","floor":16,"turns":8},{"damage":21,"enemies":"Spheric Guardian","floor":18,"turns":4},{"damage":19,"enemies":"3 Byrds","floor":19,"turns":7},{"damage":4,"enemies":"Snake Plant","floor":21,"turns":4},{"damage":3,"enemies":"Centurion and Healer","floor":22,"turns":3},{"damage":24,"enemies":"Book of Stabbing","floor":23,"turns":5},{"damage":28,"enemies":"Shelled Parasite and Fungi","floor":24,"turns":8},{"damage":31,"enemies":"Gremlin Leader","floor":25,"turns":6}],"seed_played":"4752181383546608846","potions_obtained":[{"floor":5,"key":"Dexterity Potion"},{"floor":6,"key":"Dexterity Potion"},{"floor":13,"key":"BloodPotion"},{"floor":14,"key":"PowerPotion"},{"floor":19,"key":"EntropicBrew"},{"floor":21,"key":"Fruit Juice"},{"floor":22,"key":"Regen Potion"}],"is_trial":false,"path_per_floor":["M","?","M","?","M","M","E","?","T","M","R","M","M","E","R","B",null,"M","M","$","M","M","E","M","E"],"character_chosen":"IRONCLAD","items_purchased":["Impervious","Feed","Finesse"],"campfire_rested":2,"item_purchase_floors":[20,20,20],"current_hp_per_floor":[76,60,60,53,53,43,33,33,33,19,43,39,37,35,62,50,90,69,50,50,58,55,31,26,0],"gold":128,"neow_bonus":"BOSS_RELIC","is_prod":false,"is_daily":false,"chose_seed":false,"campfire_upgraded":0,"win_rate":0,"timestamp":1542990175,"path_taken":["M","?","M","?","M","M","E","?","T","M","R","M","?","E","R","BOSS","M","M","$","M","M","E","M","E"],"build_version":"2018-11-15","purchased_purges":0,"victory":false,"max_hp_per_floor":[80,80,80,80,80,80,80,80,80,80,80,80,80,90,90,90,90,90,90,90,93,93,93,101,101],"card_choices":[{"not_picked":["Havoc","Sever Soul"],"picked":"Flex","floor":1},{"not_picked":["Clash","Anger","Sword Boomerang"],"picked":"SKIP","floor":3},{"not_picked":["Pommel Strike","Evolve"],"picked":"Thunderclap","floor":5},{"not_picked":["Anger","Heavy Blade"],"picked":"Perfected Strike","floor":6},{"not_picked":["Combust","Shockwave"],"picked":"Shrug It Off","floor":7},{"not_picked":["Brutality","True Grit"],"picked":"Shrug It Off","floor":10},{"not_picked":["Dual Wield","Clothesline"],"picked":"Entrench","floor":12},{"not_picked":["Thunderclap","Flex"],"picked":"Clothesline","floor":13},{"not_picked":["Twin Strike","Clash"],"picked":"Cleave","floor":14},{"not_picked":["Berserk","Dark Embrace"],"picked":"Bludgeon","floor":16},{"not_picked":["Clothesline","Anger"],"picked":"Disarm+1","floor":18},{"not_picked":["Flex+1","True Grit"],"picked":"Armaments","floor":19},{"not_picked":["Carnage","Twin Strike"],"picked":"Warcry","floor":21},{"not_picked":["Thunderclap","True Grit+1"],"picked":"Juggernaut","floor":22},{"not_picked":["Hemokinesis","Burning Pact+1"],"picked":"Flame Barrier","floor":23},{"not_picked":["Dropkick","Sever Soul+1"],"picked":"Warcry","floor":24}],"player_experience":42643,"relics_obtained":[{"floor":7,"key":"Lantern"},{"floor":9,"key":"Oddly Smooth Stone"},{"floor":14,"key":"Pear"},{"floor":23,"key":"Mummified Hand"},{"floor":23,"key":"Kunai"}],"event_choices":[{"damage_healed":0,"gold_gain":0,"player_choice":"Entered Light","damage_taken":16,"max_hp_gain":0,"max_hp_loss":0,"event_name":"Shining Light","floor":2,"gold_loss":0,"cards_upgraded":["Defend_R","Bash"]},{"damage_healed":0,"gold_gain":0,"player_choice":"Success","damage_taken":7,"relics_obtained":["Pen Nib"],"max_hp_gain":0,"max_hp_loss":0,"event_name":"Scrap Ooze","floor":4,"gold_loss":0},{"damage_healed":0,"gold_gain":0,"cards_transformed":["Bash"],"player_choice":"Transformed","damage_taken":0,"max_hp_gain":0,"max_hp_loss":0,"event_name":"Transmorgrifier","floor":8,"gold_loss":0,"cards_obtained":["Heavy Blade"]}],"is_beta":false,"boss_relics":[{"not_picked":["Cursed Key","Calling Bell"],"picked":"Black Star"}],"items_purged_floors":[],"is_endless":false,"potions_floor_spawned":[5,6,13,14,19,21,22],"killed_by":"Gremlin Leader","ascension_level":3}