{"gold_per_floor":[115,128,303,303,314,341,341,5,29,29,4,4,4,20,20,141,141,159,159,178,178,188,188,208,53,123,123,133,162,162,176,176,277,277,290,290,302,302,302,302,302,302],"floor_reached":42,"playtime":101743,"items_purged":["Pain"],"score":582,"play_id":"50f3bb3c-8293-445a-b191-c3776e0cfa99","local_time":"20190120222653","is_ascension_mode":true,"campfire_choices":[{"floor":7,"key":"REST"},{"floor":10,"key":"REST"},{"floor":15,"key":"REST"},{"floor":23,"key":"REST"},{"floor":27,"key":"REST"},{"data":"Calculated Gamble","floor":30,"key":"SMITH"},{"floor":32,"key":"REST"},{"floor":40,"key":"REST"}],"neow_cost":"CURSE","seed_source_timestamp":830242953165400,"circlet_count":0,"master_deck":["Defend_G+1","Defend_G+1","Defend_G+1","Defend_G+1","Defend_G+1","Strike_G+1","Strike_G+1","Strike_G+1","Strike_G+1","Strike_G+1","Survivor","Neutralize","Venomology","Backflip","Calculated Gamble+1","All Out Attack","Burst","Deadly Poison","Setup","Wraith Form v2","Bouncing Flask","Blur","Venomology","Terror+1","Deadly Poison+1","A Thousand Cuts","Calculated Gamble+1","Madness+1","Madness+1"],"relics":["Ring of the Snake","WarpedTongs","Bronze Scales","Pear","Omamori","Bloody Idol","Busted Crown","Toxic Egg 2","Blood Vial","Calling Bell","PreservedInsect","Kunai","Pocketwatch"],"potions_floor_usage":[1,2,2,5,6,6,14,16,16,16,18,20,22,22,22,28,28,29,29,29,31,31,33,33,33,33,35,35,38,38,42,42,42,42],"damage_taken":[{"damage":16,"enemies":"Small Slimes","floor":1,"turns":4},{"damage":4,"enemies":"2 Louse","floor":2,"turns":6},{"damage":7,"enemies":"Cultist","floor":5,"turns":3},{"damage":35,"enemies":"3 Sentries","floor":6,"turns":8},{"damage":4,"enemies":"Red Slaver","floor":14,"turns":3},{"damage":33,"enemies":"The Guardian","floor":16,"turns":9},{"damage":41,"enemies":"Spheric Guardian","floor":18,"turns":7},{"damage":1,"enemies":"3 Byrds","floor":20,"turns":3},{"damage":8,"enemies":"3 Cultists","floor":22,"turns":5},{"damage":5,"enemies":"Snake Plant","floor":24,"turns":4},{"damage":5,"enemies":"Cultist and Chosen","floor":28,"turns":7},{"damage":15,"enemies":"Book of Stabbing","floor":29,"turns":5},{"damage":31,"enemies":"Centurion and Healer","floor":31,"turns":8},{"damage":39,"enemies":"Collector","floor":33,"turns":10},{"damage":23,"enemies":"3 Darklings","floor":35,"turns":6},{"damage":7,"enemies":"Orb Walker","floor":37,"turns":4},{"damage":0,"enemies":"Jaw Worm Horde","floor":38,"turns":2},{"damage":78,"enemies":"Nemesis","floor":42,"turns":8}],"seed_played":"3092968207942519837","potions_obtained":[{"floor":1,"key":"GamblersBrew"},{"floor":6,"key":"SteroidPotion"},{"floor":14,"key":"FearPotion"},{"floor":16,"key":"Weak Potion"},{"floor":18,"key":"Strength Potion"},{"floor":20,"key":"GhostInAJar"},{"floor":24,"key":"EssenceOfSteel"},{"floor":31,"key":"Explosive Potion"},{"floor":35,"key":"Explosive Potion"}],"is_trial":false,"path_per_floor":["M","M","?","?","M","E","R","$","T","R","$","?","$","M","R","B",null,"M","?","M","?","M","R","M","$","T","R","M","E","R","M","R","B",null,"M","?","M","M","?","R","?","E"],"character_chosen":"THE_SILENT","items_purchased":["Pear","Deadly Poison","Venomology"],"campfire_rested":7,"item_purchase_floors":[8,11,25],"current_hp_per_floor":[47,43,43,43,36,1,22,32,32,56,56,56,56,52,76,43,71,30,30,29,29,26,50,50,50,55,79,79,69,69,45,69,52,73,57,57,57,59,49,73,73,0],"gold":302,"neow_bonus":"THREE_RARE_CARDS","is_prod":false,"is_daily":false,"chose_seed":false,"campfire_upgraded":1,"win_rate":0,"timestamp":1548019613,"path_taken":["M","M","?","?","?","E","R","?","T","R","$","?","$","M","R","BOSS","M","?","M","?","M","R","M","$","T","R","M","E","R","M","R","BOSS","M","?","M","?","?","R","?","E"],"build_version":"2019-01-17v2","purchased_purges":1,"victory":false,"max_hp_per_floor":[70,70,70,70,70,70,70,80,80,80,80,80,80,80,80,80,80,80,80,80,80,80,80,80,80,80,80,80,80,80,80,80,80,80,80,80,80,80,80,80,80,80],"card_choices":[{"not_picked":["Envenom","Storm of Steel"],"picked":"Venomology","floor":0},{"not_picked":["Leg Sweep","Quick Slash"],"picked":"Backflip","floor":1},{"not_picked":["Tactician","Blade Dance"],"picked":"Calculated Gamble","floor":2},{"not_picked":["Bane","Prepared"],"picked":"All Out Attack","floor":5},{"not_picked":["Setup","Leg Sweep"],"picked":"Burst","floor":6},{"not_picked":["Infinite Blades","Leg Sweep"],"picked":"Setup","floor":14},{"not_picked":["Burst","Storm of Steel"],"picked":"Wraith Form v2","floor":16},{"not_picked":[],"picked":"Bouncing Flask","floor":18},{"not_picked":[],"picked":"Blur","floor":20},{"not_picked":["Sucker Punch"],"picked":"SKIP","floor":22},{"not_picked":["Dodge and Roll"],"picked":"SKIP","floor":24},{"not_picked":[],"picked":"Terror+1","floor":28},{"not_picked":[],"picked":"Deadly Poison+1","floor":29},{"not_picked":["Dodge and Roll+1"],"picked":"SKIP","floor":31},{"not_picked":[],"picked":"A Thousand Cuts","floor":33},{"not_picked":[],"picked":"Calculated Gamble+1","floor":35},{"not_picked":["Reflex+1"],"picked":"SKIP","floor":37}],"player_experience":1115899,"relics_obtained":[{"floor":6,"key":"Bronze Scales"},{"floor":9,"key":"Omamori"},{"floor":26,"key":"Toxic Egg 2"},{"floor":29,"key":"Blood Vial"},{"floor":34,"key":"PreservedInsect"},{"floor":34,"key":"Kunai"},{"floor":34,"key":"Pocketwatch"}],"event_choices":[{"damage_healed":0,"gold_gain":175,"player_choice":"AGREE","damage_taken":0,"max_hp_gain":0,"max_hp_loss":0,"event_name":"Liars Game","floor":3,"gold_loss":0,"cards_obtained":["Doubt"]},{"damage_healed":0,"gold_gain":0,"player_choice":"Rummage","damage_taken":0,"relics_obtained":["WarpedTongs"],"max_hp_gain":0,"max_hp_loss":0,"event_name":"Accursed Blacksmith","floor":4,"gold_loss":0,"cards_obtained":["Pain"]},{"damage_healed":0,"gold_gain":0,"player_choice":"Take Wound","damage_taken":0,"relics_obtained":["Golden Idol"],"max_hp_gain":0,"max_hp_loss":0,"event_name":"Golden Idol","floor":12,"gold_loss":0,"cards_obtained":["Injury"]},{"damage_healed":0,"gold_gain":0,"player_choice":"Simplicity","damage_taken":0,"max_hp_gain":0,"max_hp_loss":0,"event_name":"Back to Basics","floor":19,"gold_loss":0,"cards_upgraded":["Defend_G","Defend_G","Defend_G","Defend_G","Defend_G","Strike_G","Strike_G","Strike_G","Strike_G","Strike_G"]},{"damage_healed":0,"gold_gain":0,"player_choice":"Gave Idol","damage_taken":0,"relics_obtained":["Bloody Idol"],"max_hp_gain":0,"max_hp_loss":0,"event_name":"Forgotten Altar","floor":21,"relics_lost":["Golden Idol"],"gold_loss":0},{"cards_removed":["Injury","Injury","Pain","Doubt"],"damage_healed":0,"gold_gain":0,"player_choice":"Removed Curses","damage_taken":0,"max_hp_gain":0,"max_hp_loss":0,"event_name":"Fountain of Cleansing","floor":36,"gold_loss":0},{"damage_healed":0,"gold_gain":0,"player_choice":"Embrace Madness","damage_taken":10,"max_hp_gain":0,"max_hp_loss":0,"event_name":"Winding Halls","floor":39,"gold_loss":0,"cards_obtained":["Madness","Madness"]},{"damage_healed":0,"gold_gain":0,"player_choice":"Ignored","damage_taken":0,"max_hp_gain":0,"max_hp_loss":0,"event_name":"Mysterious Sphere","floor":41,"gold_loss":0}],"is_beta":false,"boss_relics":[{"not_picked":["Ring of the Serpent","White Beast Statue"],"picked":"Busted Crown"},{"not_picked":["Empty Cage","Astrolabe"],"picked":"Calling Bell"}],"items_purged_floors":[8],"is_endless":false,"potions_floor_spawned":[1,6,14,16,18,20,24,31,35],"killed_by":"Nemesis","ascension_level":8}