{"gold_per_floor":[114,129,19,34,34,34,49,64,64,79,94,109,1,16,16,116,166,181,256,271,286,301,331,331,346,371,371,401,416,515,530,530,630,630,645,302,317,2,17,17,47,47,47,77,77,92,107,122,122,122],"floor_reached":51,"playtime":3192,"items_purged":[],"score":974,"play_id":"32cda505-357e-4053-93e3-e81c7f747235","local_time":"20190101202057","daily_mods":["Insanity","Colorless Cards","Terminal"],"is_ascension_mode":false,"campfire_choices":[{"data":"Mind Blast","floor":6,"key":"SMITH"},{"data":"Dramatic Entrance","floor":15,"key":"SMITH"},{"data":"After Image","floor":27,"key":"SMITH"},{"data":"Infinite Blades","floor":32,"key":"SMITH"},{"data":"Apotheosis","floor":40,"key":"SMITH"},{"data":"Infinite Blades","floor":49,"key":"SMITH"}],"neow_cost":"","seed_source_timestamp":450121563178156,"circlet_count":0,"master_deck":["Dagger Spray","Deadly Poison","Acrobatics","Slice","Expertise","PiercingWail","Blade Dance","Deflect","Dagger Spray","Finisher","Expertise","Mind Blast+1","Sucker Punch","Leg Sweep","Dodge and Roll","PanicButton","Jack Of All Trades","PiercingWail","Terror","Bane","Acrobatics","Deadly Poison","Cloak And Dagger","Dagger Throw","Flying Knee","Deadly Poison","PiercingWail","Masterful Stab","Caltrops","Dodge and Roll","Well Laid Plans","All Out Attack","Infinite Blades","Deflect","Quick Slash","Dodge and Roll","Slice","Trip","PiercingWail","Quick Slash","Calculated Gamble","Skewer","Good Instincts","Infinite Blades+1","Bane","Underhanded Strike","Crippling Poison","Underhanded Strike","Cloak And Dagger","Leg Sweep","Discovery","Choke","Good Instincts","Underhanded Strike","Masterful Stab","Pain","Flying Knee","Infinite Blades+1","PiercingWail","Dagger Spray","Panache","Cloak And Dagger","Dramatic Entrance+1","Dark Shackles","Thinking Ahead","Expertise","Slice","Madness","Adrenaline","Blade Dance","Backstab","After Image+1","Night Terror","Good Instincts","Prepared","Panacea","Apotheosis+1","Prepared","Panacea","Thinking Ahead","Noxious Fumes","Deadly Poison","Slice+1","Enlightenment","Transmutation","Prepared","Dagger Spray+1","Acrobatics+1","Finesse","Doubt","Distraction","Neutralize+1","Discovery","Infinite Blades+1","Finesse","Poisoned Stab+1"],"special_seed":17898,"relics":["Ring of the Snake","WarpedTongs","Meat on the Bone","Tiny House","Darkstone Periapt","Regal Pillow","Blood Vial","Thread and Needle","Cursed Key","Mummified Hand","Tingsha","Molten Egg 2"],"potions_floor_usage":[16,23,28,31,33,35,39,41,47,48,50,50,50],"damage_taken":[{"damage":0,"enemies":"Jaw Worm","floor":1,"turns":1},{"damage":0,"enemies":"Cultist","floor":2,"turns":1},{"damage":0,"enemies":"2 Louse","floor":4,"turns":2},{"damage":0,"enemies":"2 Fungi Beasts","floor":7,"turns":2},{"damage":0,"enemies":"Blue Slaver","floor":8,"turns":1},{"damage":3,"enemies":"Exordium Wildlife","floor":10,"turns":2},{"damage":0,"enemies":"Lots of Slimes","floor":11,"turns":3},{"damage":0,"enemies":"Looter","floor":12,"turns":1},{"damage":0,"enemies":"Gremlin Gang","floor":14,"turns":2},{"damage":9,"enemies":"The Guardian","floor":16,"turns":6},{"damage":0,"enemies":"Shell Parasite","floor":18,"turns":1},{"damage":1,"enemies":"3 Byrds","floor":20,"turns":4},{"damage":0,"enemies":"Centurion and Healer","floor":21,"turns":4},{"damage":6,"enemies":"3 Cultists","floor":22,"turns":4},{"damage":4,"enemies":"Slavers","floor":23,"turns":3},{"damage":0,"enemies":"Shelled Parasite and Fungi","floor":25,"turns":1},{"damage":0,"enemies":"Book of Stabbing","floor":28,"turns":2},{"damage":0,"enemies":"Snake Plant","floor":29,"turns":1},{"damage":4,"enemies":"Cultist and Chosen","floor":31,"turns":2},{"damage":21,"enemies":"Automaton","floor":33,"turns":8},{"damage":1,"enemies":"3 Shapes","floor":35,"turns":1},{"damage":0,"enemies":"Orb Walker","floor":37,"turns":1},{"damage":0,"enemies":"Sphere and 2 Shapes","floor":39,"turns":2},{"damage":1,"enemies":"Giant Head","floor":41,"turns":6},{"damage":6,"enemies":"Reptomancer","floor":44,"turns":4},{"damage":0,"enemies":"Transient","floor":46,"turns":5},{"damage":0,"enemies":"Spire Growth","floor":47,"turns":2},{"damage":7,"enemies":"3 Darklings","floor":48,"turns":4},{"damage":32,"enemies":"Time Eater","floor":50,"turns":10}],"seed_played":"-1260152558293365806","potions_obtained":[{"floor":4,"key":"AttackPotion"},{"floor":7,"key":"LiquidBronze"},{"floor":11,"key":"Explosive Potion"},{"floor":12,"key":"Block Potion"},{"floor":17,"key":"GhostInAJar"},{"floor":23,"key":"PowerPotion"},{"floor":28,"key":"EssenceOfSteel"},{"floor":31,"key":"Weak Potion"},{"floor":33,"key":"PowerPotion"},{"floor":37,"key":"Fire Potion"},{"floor":44,"key":"Ancient Potion"},{"floor":46,"key":"EssenceOfSteel"},{"floor":47,"key":"Regen Potion"},{"floor":48,"key":"Block Potion"}],"is_trial":false,"path_per_floor":["M","M","$","M","?","R","M","M","T","M","M","M","$","M","R","B",null,"M","T","M","M","M","E","?","M","T","R","E","M","?","M","R","B",null,"M","$","M","$","M","R","E","?","T","E","?","M","M","M","R","B",null],"character_chosen":"THE_SILENT","items_purchased":["Good Instincts","Underhanded Strike","Cloak And Dagger","Dramatic Entrance","Panacea","Thinking Ahead","Noxious Fumes","Deadly Poison","Enlightenment","Transmutation","Prepared"],"campfire_rested":0,"item_purchase_floors":[3,3,13,13,36,36,36,36,38,38,38],"current_hp_per_floor":[68,67,66,65,64,63,62,61,60,57,57,57,56,55,54,45,57,56,55,54,53,47,43,43,43,43,43,45,45,44,40,40,33,40,39,38,37,36,35,34,33,32,37,31,31,33,33,26,26,23],"gold":122,"neow_bonus":"","is_prod":false,"is_daily":true,"chose_seed":false,"campfire_upgraded":6,"win_rate":0,"timestamp":1546402857,"path_taken":["M","M","$","M","?","R","M","M","T","M","M","M","$","M","R","BOSS","M","?","M","M","M","E","?","M","T","R","E","M","?","M","R","BOSS","M","$","M","$","M","R","E","?","T","E","?","M","?","M","R","BOSS"],"build_version":"2018-12-20","purchased_purges":0,"victory":true,"max_hp_per_floor":[68,67,66,65,64,63,62,61,60,59,58,57,56,55,54,53,57,56,55,54,53,52,51,50,49,48,47,46,45,44,43,42,41,40,39,38,37,36,35,34,33,32,37,36,35,34,33,32,31,30],"card_choices":[{"not_picked":["Cloak And Dagger","Bane"],"picked":"Discovery","floor":1},{"not_picked":["Dodge and Roll","Concentrate"],"picked":"Choke","floor":2},{"not_picked":["Sucker Punch","Dagger Spray"],"picked":"Masterful Stab","floor":4},{"not_picked":["Dodge and Roll","Outmaneuver"],"picked":"Flying Knee","floor":7},{"not_picked":["Poisoned Stab","Impatience"],"picked":"Infinite Blades","floor":8},{"not_picked":["Blade Dance","Dagger Throw"],"picked":"PiercingWail","floor":10},{"not_picked":["Bandage Up","Flying Knee"],"picked":"Dagger Spray","floor":11},{"not_picked":["Dagger Spray","Outmaneuver"],"picked":"Panache","floor":12},{"not_picked":["Tactician","Poisoned Stab"],"picked":"Dark Shackles","floor":14},{"not_picked":["Bullet Time","Phantasmal Killer"],"picked":"Thinking Ahead","floor":16},{"not_picked":["Blade Dance","Poisoned Stab"],"picked":"Expertise","floor":17},{"not_picked":["Sucker Punch","Infinite Blades"],"picked":"Slice","floor":18},{"not_picked":["Quick Slash","Backflip+1"],"picked":"Madness","floor":20},{"not_picked":["Sucker Punch","Setup+1"],"picked":"Adrenaline","floor":21},{"not_picked":["Quick Slash","Dagger Throw"],"picked":"Blade Dance","floor":22},{"not_picked":["Dagger Spray+1","Cloak And Dagger+1"],"picked":"Backstab","floor":23},{"not_picked":["Caltrops+1","Deadly Poison"],"picked":"Night Terror","floor":25},{"not_picked":["Blade Dance","Flying Knee"],"picked":"Good Instincts","floor":28},{"not_picked":["Leg Sweep","Acrobatics"],"picked":"Prepared","floor":29},{"not_picked":["Predator","Expertise"],"picked":"Panacea","floor":31},{"not_picked":["Malaise","Grand Finale"],"picked":"Apotheosis","floor":33},{"not_picked":["Poisoned Stab","Blade Dance"],"picked":"Prepared","floor":35},{"not_picked":["Outmaneuver","Impatience+1"],"picked":"Slice+1","floor":37},{"not_picked":["Backflip+1","Flying Knee"],"picked":"Dagger Spray+1","floor":39},{"not_picked":["Sucker Punch","Storm of Steel"],"picked":"Acrobatics+1","floor":41},{"not_picked":["Discovery","Thinking Ahead"],"picked":"Finesse","floor":42},{"not_picked":["Envenom","Riddle With Holes"],"picked":"Distraction","floor":44},{"not_picked":["Blade Dance","Accuracy"],"picked":"Infinite Blades","floor":46},{"not_picked":["Dodge and Roll","Bane+1"],"picked":"Finesse","floor":47},{"not_picked":["Deadly Poison","Bouncing Flask+1"],"picked":"Poisoned Stab+1","floor":48}],"player_experience":329450,"relics_obtained":[{"floor":9,"key":"Meat on the Bone"},{"floor":19,"key":"Darkstone Periapt"},{"floor":23,"key":"Regal Pillow"},{"floor":26,"key":"Blood Vial"},{"floor":28,"key":"Thread and Needle"},{"floor":41,"key":"Mummified Hand"},{"floor":43,"key":"Tingsha"},{"floor":44,"key":"Molten Egg 2"}],"event_choices":[{"damage_healed":0,"gold_gain":0,"player_choice":"Rummage","damage_taken":0,"relics_obtained":["WarpedTongs"],"max_hp_gain":0,"max_hp_loss":0,"event_name":"Accursed Blacksmith","floor":5,"gold_loss":0,"cards_obtained":["Pain"]},{"damage_healed":0,"gold_gain":0,"player_choice":"Read","damage_taken":0,"max_hp_gain":0,"max_hp_loss":0,"event_name":"The Library","floor":24,"gold_loss":0,"cards_obtained":["After Image"]},{"damage_healed":0,"gold_gain":99,"player_choice":"Stole From Cult","damage_taken":0,"max_hp_gain":0,"max_hp_loss":0,"event_name":"Nest","floor":30,"gold_loss":0},{"damage_healed":0,"gold_gain":0,"player_choice":"Memory 1","damage_taken":0,"max_hp_gain":0,"max_hp_loss":0,"event_name":"SensoryStone","floor":42,"gold_loss":0},{"damage_healed":0,"gold_gain":0,"player_choice":"2 cards matched","damage_taken":0,"max_hp_gain":0,"max_hp_loss":0,"event_name":"Match and Keep!","floor":45,"gold_loss":0,"cards_obtained":["Neutralize","Discovery"]}],"is_beta":false,"boss_relics":[{"not_picked":["Snecko Eye","Sozu"],"picked":"Tiny House"},{"not_picked":["Runic Dome","Coffee Dripper"],"picked":"Cursed Key"}],"items_purged_floors":[],"is_endless":false,"potions_floor_spawned":[4,7,11,12,21,23,25,28,31,33,37,44,46,47,48],"ascension_level":0}