{"gold_per_floor":[17,17,17,17,29,29,64,79,103,103],"floor_reached":10,"playtime":377,"items_purged":[],"score":99,"play_id":"1f42bb8b-268b-4446-9ecd-ffcc7f9017fa","local_time":"20190127174412","is_ascension_mode":true,"campfire_choices":[{"floor":6,"key":"REST"}],"neow_cost":"NO_GOLD","seed_source_timestamp":345899633417400,"circlet_count":0,"master_deck":["AscendersBane","Strike_R","Strike_R","Strike_R","Strike_R","Strike_R","Defend_R","Defend_R","Defend_R+1","Defend_R+1","Bash","Rampage","Pommel Strike","Decay","Feel No Pain","Headbutt","Dual Wield","Armaments","Flex"],"relics":["Burning Blood","Prayer Wheel","Smiling Mask","Lantern"],"potions_floor_usage":[5,7],"damage_taken":[{"damage":12,"enemies":"2 Louse","floor":1,"turns":4},{"damage":9,"enemies":"Jaw Worm","floor":5,"turns":3},{"damage":41,"enemies":"3 Sentries","floor":7,"turns":10},{"damage":8,"enemies":"Cultist","floor":8,"turns":3},{"damage":46,"enemies":"Lagavulin","floor":10,"turns":5}],"seed_played":"8257711474280817732","potions_obtained":[{"floor":1,"key":"GamblersBrew"},{"floor":5,"key":"SteroidPotion"}],"is_trial":false,"path_per_floor":["M","?","?","$","M","R","E","M","T","E"],"character_chosen":"IRONCLAD","items_purchased":[],"campfire_rested":1,"item_purchase_floors":[],"current_hp_per_floor":[66,50,50,50,47,71,36,34,34,0],"gold":103,"neow_bonus":"ONE_RARE_RELIC","is_prod":false,"is_daily":false,"chose_seed":false,"campfire_upgraded":0,"win_rate":0,"timestamp":1548607452,"path_taken":["M","?","?","$","?","R","E","M","T","E"],"build_version":"2019-01-23","purchased_purges":0,"victory":false,"max_hp_per_floor":[80,80,80,80,80,80,80,80,80,80],"card_choices":[{"not_picked":["Heavy Blade","Evolve"],"picked":"Rampage","floor":1},{"not_picked":["Pummel","Reckless Charge"],"picked":"Pommel Strike","floor":1},{"not_picked":["Intimidate","Ghostly Armor"],"picked":"Feel No Pain","floor":5},{"not_picked":["Flex","Armaments"],"picked":"Headbutt","floor":5},{"not_picked":["Battle Trance","Iron Wave"],"picked":"Dual Wield","floor":7},{"not_picked":["Perfected Strike","Clash"],"picked":"Armaments","floor":8},{"not_picked":["Clothesline","Feel No Pain"],"picked":"Flex","floor":8}],"player_experience":1339591,"relics_obtained":[{"floor":7,"key":"Smiling Mask"},{"floor":9,"key":"Lantern"}],"event_choices":[{"damage_healed":0,"gold_gain":0,"player_choice":"Entered Light","damage_taken":16,"max_hp_gain":0,"max_hp_loss":0,"event_name":"Shining Light","floor":2,"gold_loss":0,"cards_upgraded":["Defend_R","Defend_R"]},{"damage_healed":0,"gold_gain":0,"player_choice":"Cursed","damage_taken":0,"max_hp_gain":0,"max_hp_loss":0,"event_name":"Wheel of Change","floor":3,"gold_loss":0,"cards_obtained":["Decay"]}],"is_beta":false,"boss_relics":[],"items_purged_floors":[],"is_endless":false,"potions_floor_spawned":[1,5],"killed_by":"Lagavulin","ascension_level":10}