{"gold_per_floor":[11,23,23,23,34,34,68,68,68,143,143,160,160,14,14,109,109,120,89,89,89,100,100],"floor_reached":23,"playtime":883,"items_purged":[],"score":302,"play_id":"0eb09cab-04f0-4db3-9c10-5d2cd5f8ea9c","local_time":"20190315230716","is_ascension_mode":true,"campfire_choices":[{"floor":6,"key":"REST"},{"data":"Seeing Red","floor":8,"key":"SMITH"},{"floor":13,"key":"REST"},{"data":"Fiend Fire","floor":15,"key":"SMITH"}],"neow_cost":"NO_GOLD","seed_source_timestamp":102968837416100,"circlet_count":0,"master_deck":["AscendersBane","Strike_R","Strike_R+1","Strike_R","Strike_R","Defend_R+1","Defend_R","Defend_R","Defend_R","Bash","Seeing Red+1","Shockwave","Carnage","Rampage","Flame Barrier","Fiend Fire+1","Dark Embrace","Battle Trance","Disarm","Cleave","Warcry+1","Fiend Fire+1","Reckless Charge"],"relics":["Burning Blood","Charon\u0027s Ashes","Turnip","Prayer Wheel","Eternal Feather"],"potions_floor_usage":[7,12,16,19,20],"damage_taken":[{"damage":15,"enemies":"Cultist","floor":1,"turns":5},{"damage":9,"enemies":"Jaw Worm","floor":2,"turns":5},{"damage":3,"enemies":"2 Louse","floor":5,"turns":4},{"damage":23,"enemies":"3 Sentries","floor":7,"turns":5},{"damage":9,"enemies":"Red Slaver","floor":12,"turns":2},{"damage":49,"enemies":"The Guardian","floor":16,"turns":8},{"damage":5,"enemies":"3 Byrds","floor":18,"turns":5},{"damage":26,"enemies":"2 Thieves","floor":19,"turns":5},{"damage":20,"enemies":"Colosseum Slavers","floor":20,"turns":3},{"damage":18,"enemies":"Shelled Parasite and Fungi","floor":22,"turns":2},{"damage":26,"enemies":"Book of Stabbing","floor":23,"turns":4}],"seed_played":"8790403294357276801","potions_obtained":[{"floor":4,"key":"PowerPotion"},{"floor":4,"key":"Fire Potion"},{"floor":7,"key":"Fruit Juice"},{"floor":16,"key":"SkillPotion"},{"floor":18,"key":"Dexterity Potion"}],"is_trial":false,"path_per_floor":["M","M","?","?","M","R","E","R","T","?","?","M","R","$","R","B",null,"M","M","?","?","M","E"],"character_chosen":"IRONCLAD","items_purchased":["Fiend Fire"],"campfire_rested":2,"item_purchase_floors":[14],"current_hp_per_floor":[63,60,44,44,47,71,54,54,54,43,43,45,70,70,70,27,71,72,52,38,38,26,0],"gold":100,"neow_bonus":"ONE_RARE_RELIC","is_prod":false,"is_daily":false,"chose_seed":false,"campfire_upgraded":2,"win_rate":0,"timestamp":1552687636,"path_taken":["M","M","?","?","?","R","E","R","T","?","?","?","R","?","R","BOSS","M","?","?","?","M","E"],"build_version":"2019-01-23","purchased_purges":0,"victory":false,"max_hp_per_floor":[80,80,80,80,80,80,80,80,80,80,80,85,85,85,85,85,85,85,85,85,85,85,85],"card_choices":[{"not_picked":["Clothesline","Dropkick","Body Slam"],"picked":"SKIP","floor":1},{"not_picked":["Pommel Strike","Cleave"],"picked":"Seeing Red","floor":2},{"not_picked":["Shrug It Off","Armaments"],"picked":"Shockwave","floor":5},{"not_picked":["Iron Wave","Sword Boomerang"],"picked":"Carnage","floor":7},{"not_picked":["Wild Strike","Clothesline"],"picked":"Rampage","floor":12},{"not_picked":["Shockwave","Bloodletting"],"picked":"Flame Barrier","floor":12},{"not_picked":["Brutality","Immolate"],"picked":"Dark Embrace","floor":16},{"not_picked":["Spot Weakness","Headbutt"],"picked":"Battle Trance","floor":18},{"not_picked":["Perfected Strike","Wild Strike"],"picked":"Disarm","floor":18},{"not_picked":["Shockwave","Bloodletting+1"],"picked":"Cleave","floor":19},{"not_picked":["Iron Wave","Twin Strike"],"picked":"Warcry+1","floor":19},{"not_picked":["Combust","Body Slam"],"picked":"Reckless Charge","floor":22},{"not_picked":["Hemokinesis+1","Sever Soul","Body Slam"],"picked":"SKIP","floor":22}],"player_experience":1520089,"relics_obtained":[{"floor":7,"key":"Turnip"},{"floor":9,"key":"Prayer Wheel"}],"event_choices":[{"damage_healed":0,"gold_gain":0,"player_choice":"Entered Light","damage_taken":16,"max_hp_gain":0,"max_hp_loss":0,"event_name":"Shining Light","floor":3,"gold_loss":0,"cards_upgraded":["Defend_R","Strike_R"]},{"damage_healed":0,"gold_gain":0,"player_choice":"Got Potions","damage_taken":0,"max_hp_gain":0,"max_hp_loss":0,"event_name":"Lab","floor":4,"gold_loss":0},{"damage_healed":0,"gold_gain":75,"player_choice":"Gather Gold","damage_taken":11,"max_hp_gain":0,"max_hp_loss":0,"event_name":"World of Goop","floor":10,"gold_loss":0},{"cards_removed":["Strike_R"],"damage_healed":0,"gold_gain":0,"player_choice":"Offered Basic","damage_taken":0,"max_hp_gain":0,"max_hp_loss":0,"event_name":"Bonfire Elementals","floor":11,"gold_loss":0},{"damage_healed":0,"gold_gain":0,"player_choice":"Fight","damage_taken":0,"max_hp_gain":0,"max_hp_loss":0,"event_name":"Colosseum","floor":20,"gold_loss":0},{"damage_healed":0,"gold_gain":0,"player_choice":"Fled From Nobs","damage_taken":0,"max_hp_gain":0,"max_hp_loss":0,"event_name":"Colosseum","floor":20,"gold_loss":0},{"damage_healed":0,"gold_gain":0,"player_choice":"Copied","damage_taken":0,"max_hp_gain":0,"max_hp_loss":0,"event_name":"Duplicator","floor":21,"gold_loss":0,"cards_obtained":["Fiend Fire"]}],"is_beta":false,"boss_relics":[{"not_picked":["Sozu","Snecko Eye"],"picked":"Eternal Feather"}],"items_purged_floors":[],"is_endless":false,"potions_floor_spawned":[7,16,18,20],"killed_by":"Book of Stabbing","ascension_level":12}