{"gold_per_floor":[109,59,59,71,71,71,104,124,124,157,175,175,175,190,190,286,286,302,315,331,10,10,10,25,25,51,64,64,74,74,92,92,196,196,208,208,222,65,78,78,109,109,109,109,124,124,137,137],"floor_reached":48,"playtime":2779,"items_purged":[],"score":724,"play_id":"c2f58182-9397-4f2e-9714-7ce335527e0b","local_time":"20190112134934","is_ascension_mode":true,"campfire_choices":[{"data":"Combust","floor":6,"key":"SMITH"},{"floor":13,"key":"REST"},{"data":"Double Tap","floor":15,"key":"SMITH"},{"floor":23,"key":"REST"},{"floor":25,"key":"REST"},{"floor":32,"key":"REST"},{"floor":40,"key":"REST"},{"floor":44,"key":"REST"}],"neow_cost":"NONE","seed_source_timestamp":210902525788200,"circlet_count":0,"master_deck":["Strike_R+1","Strike_R+1","Defend_R+1","Defend_R+1","Defend_R+1","Defend_R+1","Bash+1","Double Tap+1","Combust+1","Seeing Red","Thunderclap","Battle Trance","Blood for Blood+1","Bludgeon","Disarm+1","Apotheosis","Infernal Blade","Rage","Juggernaut","Flex+1","Inflame","Juggernaut","Double Tap"],"relics":["Burning Blood","Gremlin Horn","Bag of Marbles","Anchor","Omamori","Eternal Feather","Pen Nib","Red Skull","Whetstone","Fusion Hammer","Vajra","Dream Catcher","Juzu Bracelet"],"potions_floor_usage":[10,16,19,20,24,24,29,33,41,48],"damage_taken":[{"damage":2,"enemies":"Jaw Worm","floor":1,"turns":3},{"damage":8,"enemies":"Cultist","floor":4,"turns":3},{"damage":31,"enemies":"3 Sentries","floor":7,"turns":8},{"damage":1,"enemies":"2 Louse","floor":8,"turns":2},{"damage":34,"enemies":"Lagavulin","floor":10,"turns":6},{"damage":2,"enemies":"2 Fungi Beasts","floor":11,"turns":2},{"damage":2,"enemies":"Gremlin Gang","floor":14,"turns":3},{"damage":63,"enemies":"Hexaghost","floor":16,"turns":7},{"damage":15,"enemies":"2 Thieves","floor":18,"turns":3},{"damage":4,"enemies":"Shell Parasite","floor":19,"turns":2},{"damage":36,"enemies":"Snecko","floor":20,"turns":5},{"damage":23,"enemies":"Centurion and Healer","floor":24,"turns":4},{"damage":15,"enemies":"Snake Plant","floor":27,"turns":3},{"damage":12,"enemies":"Sentry and Sphere","floor":29,"turns":3},{"damage":14,"enemies":"3 Cultists","floor":31,"turns":4},{"damage":72,"enemies":"Automaton","floor":33,"turns":7},{"damage":3,"enemies":"Orb Walker","floor":35,"turns":3},{"damage":21,"enemies":"3 Darklings","floor":37,"turns":3},{"damage":2,"enemies":"4 Shapes","floor":39,"turns":5},{"damage":70,"enemies":"Giant Head","floor":41,"turns":7},{"damage":39,"enemies":"Writhing Mass","floor":45,"turns":4},{"damage":15,"enemies":"Transient","floor":47,"turns":5},{"damage":20,"enemies":"Sphere and 2 Shapes","floor":48,"turns":3}],"seed_played":"7848400938234508302","potions_obtained":[{"floor":7,"key":"Weak Potion"},{"floor":10,"key":"SpeedPotion"},{"floor":11,"key":"FearPotion"},{"floor":12,"key":"Regen Potion"},{"floor":18,"key":"AttackPotion"},{"floor":19,"key":"SpeedPotion"},{"floor":20,"key":"Ancient Potion"},{"floor":27,"key":"Strength Potion"},{"floor":31,"key":"Energy Potion"},{"floor":37,"key":"SteroidPotion"},{"floor":45,"key":"SpeedPotion"}],"is_trial":false,"path_per_floor":["M","?","?","M","?","R","E","M","T","E","M","?","R","M","R","B",null,"M","M","M","$","?","R","M","R","T","M","?","M","?","M","R","B",null,"M","?","M","$","M","R","E","$","T","R","M","?","M","M"],"character_chosen":"IRONCLAD","items_purchased":["Apotheosis","Pen Nib","Vajra"],"campfire_rested":6,"item_purchase_floors":[21,21,38],"current_hp_per_floor":[76,76,76,74,74,74,49,54,54,26,30,30,54,58,58,16,64,55,57,27,27,27,60,43,76,76,67,67,61,61,53,80,14,64,67,67,52,52,56,80,16,16,16,52,19,19,10,0],"gold":137,"neow_bonus":"ONE_RANDOM_RARE_CARD","is_prod":false,"is_daily":false,"chose_seed":false,"campfire_upgraded":2,"win_rate":0,"timestamp":1547297374,"path_taken":["M","?","?","?","?","R","E","M","T","E","M","?","R","M","R","BOSS","M","?","M","$","?","R","M","R","T","?","?","M","?","M","R","BOSS","M","?","M","$","M","R","E","$","T","R","M","?","M","M"],"build_version":"2019-01-10","purchased_purges":0,"victory":false,"max_hp_per_floor":[80,80,80,80,80,80,80,80,80,80,80,80,80,80,80,80,80,80,80,80,80,80,80,80,80,80,80,80,80,80,80,80,80,80,80,80,80,80,80,80,80,80,80,80,80,80,80,80],"card_choices":[{"not_picked":["Clothesline","Sever Soul"],"picked":"Combust","floor":1},{"not_picked":["Carnage","Warcry","Hemokinesis"],"picked":"SKIP","floor":4},{"not_picked":["Warcry","Uppercut","Reckless Charge"],"picked":"SKIP","floor":7},{"not_picked":["Twin Strike","Evolve"],"picked":"Seeing Red","floor":8},{"not_picked":["Warcry","Clash"],"picked":"Thunderclap","floor":10},{"not_picked":["Sentinel","Iron Wave"],"picked":"Battle Trance","floor":11},{"not_picked":["Sword Boomerang","Anger"],"picked":"Blood for Blood","floor":14},{"not_picked":["Double Tap","Offering"],"picked":"Bludgeon","floor":16},{"not_picked":["Perfected Strike+1","Body Slam","Headbutt"],"picked":"SKIP","floor":18},{"not_picked":["Clothesline","Armaments","Shrug It Off"],"picked":"SKIP","floor":19},{"not_picked":["Feel No Pain+1","Rampage+1"],"picked":"Disarm+1","floor":20},{"not_picked":["Anger","Warcry"],"picked":"Infernal Blade","floor":24},{"not_picked":["Perfected Strike","Clash+1","Shrug It Off"],"picked":"SKIP","floor":27},{"not_picked":["Warcry+1","Carnage","Wild Strike"],"picked":"SKIP","floor":29},{"not_picked":["Uppercut+1","True Grit","Warcry"],"picked":"SKIP","floor":31},{"not_picked":["Berserk","Bludgeon"],"picked":"Juggernaut","floor":33},{"not_picked":["Fire Breathing+1","Rampage+1"],"picked":"Flex+1","floor":35},{"not_picked":["Pommel Strike","Clash+1","Anger"],"picked":"SKIP","floor":37},{"not_picked":["Evolve","True Grit"],"picked":"Inflame","floor":39},{"not_picked":["Wild Strike","Evolve+1"],"picked":"Juggernaut","floor":41},{"not_picked":["Headbutt","Flex+1","Metallicize+1"],"picked":"SKIP","floor":45},{"not_picked":["Thunderclap+1","Hemokinesis","Combust"],"picked":"SKIP","floor":47}],"player_experience":1098992,"relics_obtained":[{"floor":3,"key":"Gremlin Horn"},{"floor":7,"key":"Bag of Marbles"},{"floor":9,"key":"Anchor"},{"floor":10,"key":"Omamori"},{"floor":26,"key":"Whetstone"},{"floor":41,"key":"Dream Catcher"},{"floor":43,"key":"Juzu Bracelet"}],"event_choices":[{"cards_removed":["Strike_R"],"damage_healed":0,"gold_gain":0,"player_choice":"Card Removal","damage_taken":0,"max_hp_gain":0,"max_hp_loss":0,"event_name":"The Cleric","floor":2,"gold_loss":50},{"damage_healed":0,"gold_gain":0,"player_choice":"Relic","damage_taken":0,"max_hp_gain":0,"max_hp_loss":0,"event_name":"Wheel of Change","floor":3,"gold_loss":0},{"damage_healed":0,"gold_gain":0,"player_choice":"Ignored","damage_taken":0,"max_hp_gain":0,"max_hp_loss":0,"event_name":"Shining Light","floor":5,"gold_loss":0},{"damage_healed":0,"gold_gain":0,"player_choice":"Got Potions","damage_taken":0,"max_hp_gain":0,"max_hp_loss":0,"event_name":"Lab","floor":12,"gold_loss":0},{"damage_healed":0,"gold_gain":0,"player_choice":"Gave Potion","damage_taken":0,"relics_obtained":["Red Skull"],"max_hp_gain":0,"max_hp_loss":0,"event_name":"WeMeetAgain","floor":22,"gold_loss":0},{"damage_healed":0,"gold_gain":0,"player_choice":"Simplicity","damage_taken":0,"max_hp_gain":0,"max_hp_loss":0,"event_name":"Back to Basics","floor":28,"gold_loss":0,"cards_upgraded":["Strike_R","Strike_R","Strike_R","Strike_R","Defend_R","Defend_R","Defend_R","Defend_R"]},{"damage_healed":0,"gold_gain":0,"cards_transformed":["Strike_R","Strike_R"],"player_choice":"Became Test Subject","damage_taken":0,"max_hp_gain":0,"max_hp_loss":0,"event_name":"Drug Dealer","floor":30,"gold_loss":0,"cards_obtained":["Rage","Carnage"]},{"damage_healed":0,"gold_gain":0,"player_choice":"Ignored","damage_taken":0,"max_hp_gain":0,"max_hp_loss":0,"event_name":"Tomb of Lord Red Mask","floor":36,"gold_loss":0},{"damage_healed":0,"gold_gain":0,"cards_transformed":["Carnage"],"player_choice":"Transformed","damage_taken":0,"max_hp_gain":0,"max_hp_loss":0,"event_name":"Transmorgrifier","floor":46,"gold_loss":0,"cards_obtained":["Double Tap"]}],"is_beta":false,"boss_relics":[{"not_picked":["Runic Pyramid","White Beast Statue"],"picked":"Eternal Feather"},{"not_picked":["Runic Dome","Black Blood"],"picked":"Fusion Hammer"}],"items_purged_floors":[],"is_endless":false,"potions_floor_spawned":[7,10,11,14,18,19,20,27,31,37,45],"killed_by":"Sphere and 2 Shapes","ascension_level":9}