{"gold_per_floor":[112,27,27,102,152,178,16,27,27,53,66,66,66],"floor_reached":13,"playtime":213,"items_purged":["Strike_G"],"score":232,"play_id":"bb2dc9ce-5977-4d7c-a5ad-22f890c9755f","local_time":"20190513181558","is_ascension_mode":true,"campfire_choices":[{"floor":12,"key":"REST"}],"neow_cost":"NONE","seed_source_timestamp":270430047010450,"circlet_count":0,"master_deck":["AscendersBane","Defend_G","Defend_G","Defend_G","Defend_G","Defend_G","Strike_G","Strike_G","Strike_G","Strike_G","Survivor","Neutralize","PiercingWail","Calculated Gamble","Terror","Footwork","Dash","Bouncing Flask","Endless Agony"],"special_seed":0,"relics":["Ring of the Snake","NeowsBlessing","Dream Catcher","Blue Candle","Bottled Lightning","Boot"],"potions_floor_usage":[10],"damage_taken":[{"damage":0.0,"enemies":"Small Slimes","floor":1.0,"turns":1.0},{"damage":0,"enemies":"3 Sentries","floor":6,"turns":1},{"damage":0,"enemies":"Jaw Worm","floor":8,"turns":1},{"damage":15,"enemies":"Lagavulin","floor":10,"turns":10},{"damage":0,"enemies":"2 Louse","floor":11,"turns":3},{"damage":20,"enemies":"3 Sentries","floor":13,"turns":4}],"seed_played":"823580547524145800","potions_obtained":[{"floor":6,"key":"Strength Potion"},{"floor":10,"key":"Weak Potion"}],"is_trial":false,"path_per_floor":["M","$","?","?","?","E","$","M","T","E","M","R","E"],"character_chosen":"THE_SILENT","items_purchased":["Calculated Gamble","Footwork"],"campfire_rested":1,"item_purchase_floors":[2,7],"current_hp_per_floor":[59,59,33,22,16,16,16,16,16,1,1,20,0],"gold":66,"neow_bonus":"THREE_ENEMY_KILL","is_prod":false,"is_daily":false,"chose_seed":false,"campfire_upgraded":0,"win_rate":0,"timestamp":1557742558,"path_taken":["M","$","?","?","?","E","$","?","T","E","M","R","E"],"build_version":"2019-01-23","purchased_purges":1,"victory":false,"max_hp_per_floor":[66,66,66,66,66,66,66,66,66,66,66,66,66],"card_choices":[{"not_picked":["Setup","Backflip"],"picked":"PiercingWail","floor":1.0},{"not_picked":["Deflect","Poisoned Stab"],"picked":"Terror","floor":6},{"not_picked":["Expertise","Cloak And Dagger"],"picked":"Dash","floor":8},{"not_picked":["Blur","Expertise"],"picked":"Bouncing Flask","floor":10},{"not_picked":["Dagger Throw","Choke","Riddle With Holes"],"picked":"SKIP","floor":11},{"not_picked":["Prepared","Backflip"],"picked":"Endless Agony","floor":12}],"player_experience":1645777,"relics_obtained":[{"floor":6,"key":"Blue Candle"},{"floor":9,"key":"Bottled Lightning"},{"floor":10,"key":"Boot"}],"event_choices":[{"damage_healed":0.0,"max_hp_gain":0.0,"max_hp_loss":0.0,"gold_gain":0.0,"event_name":"Scrap Ooze","player_choice":"Success","floor":3.0,"gold_loss":0.0,"damage_taken":26.0,"relics_obtained":["Dream Catcher"]},{"damage_healed":0.0,"max_hp_gain":0.0,"max_hp_loss":0.0,"gold_gain":75.0,"event_name":"World of Goop","player_choice":"Gather Gold","floor":4.0,"gold_loss":0.0,"damage_taken":11.0},{"damage_healed":0,"gold_gain":50,"player_choice":"Touch","damage_taken":6,"max_hp_gain":0,"max_hp_loss":0,"event_name":"FaceTrader","floor":5,"gold_loss":0}],"is_beta":false,"boss_relics":[],"items_purged_floors":[7],"is_endless":false,"potions_floor_spawned":[6,10],"killed_by":"3 Sentries","ascension_level":20}