{"gold_per_floor":[114,114,129,129,79,79,91,123,123,48,68,68,93,110,110,208,208,218,218,229,229,245,245,277,277,277,306,306,320,335,364,364,364],"floor_reached":33,"playtime":1900,"items_purged":["Strike_R"],"score":412,"play_id":"e732bd10-5c7e-4ef5-94e7-95e7f330200e","local_time":"20181202150938","is_ascension_mode":true,"campfire_choices":[{"data":"Armaments","floor":6,"key":"SMITH"},{"floor":12,"key":"REST"},{"data":"True Grit","floor":15,"key":"SMITH"},{"floor":23,"key":"REST"},{"floor":25,"key":"REST"},{"floor":32,"key":"REST"}],"neow_cost":"NONE","seed_source_timestamp":618273772197500,"circlet_count":0,"master_deck":["Strike_R","Strike_R","Defend_R","Defend_R","Defend_R","Defend_R","Bash","Blind","Armaments+1","Flex","Cleave","Clash","True Grit+1","Reaper+1","Inflame+1","Heavy Blade+1","Flex+1","Juggernaut","Dropkick","Spot Weakness","Body Slam","Feel No Pain"],"relics":["Black Blood","Magic Flower","Bird Faced Urn","Odd Mushroom","Shuriken","Meat on the Bone","Prayer Wheel","Bag of Marbles","PreservedInsect"],"potions_floor_usage":[13,16,16,18,24,27,30,31],"damage_taken":[{"damage":4,"enemies":"2 Louse","floor":1,"turns":4},{"damage":4,"enemies":"Jaw Worm","floor":3,"turns":5},{"damage":0,"enemies":"Cultist","floor":7,"turns":3},{"damage":46,"enemies":"Gremlin Nob","floor":8,"turns":5},{"damage":6,"enemies":"Looter","floor":11,"turns":4},{"damage":10,"enemies":"The Mushroom Lair","floor":13,"turns":3},{"damage":0,"enemies":"2 Fungi Beasts","floor":14,"turns":4},{"damage":41,"enemies":"Hexaghost","floor":16,"turns":10},{"damage":37,"enemies":"Shell Parasite","floor":18,"turns":8},{"damage":45,"enemies":"Spheric Guardian","floor":20,"turns":7},{"damage":41,"enemies":"Shelled Parasite and Fungi","floor":22,"turns":6},{"damage":96,"enemies":"Book of Stabbing","floor":24,"turns":7},{"damage":53,"enemies":"Gremlin Leader","floor":27,"turns":7},{"damage":36,"enemies":"Snecko","floor":29,"turns":6},{"damage":37,"enemies":"Centurion and Healer","floor":30,"turns":5},{"damage":70,"enemies":"Slavers","floor":31,"turns":6},{"damage":99,"enemies":"Automaton","floor":33,"turns":8}],"seed_played":"4117252491480103333","potions_obtained":[{"floor":3,"key":"LiquidBronze"},{"floor":11,"key":"Strength Potion"},{"floor":13,"key":"SkillPotion"},{"floor":14,"key":"SteroidPotion"},{"floor":16,"key":"Fire Potion"},{"floor":22,"key":"Regen Potion"},{"floor":27,"key":"Weak Potion"},{"floor":29,"key":"Fire Potion"},{"floor":30,"key":"Swift Potion"}],"is_trial":false,"path_per_floor":["M","?","M","?","?","R","M","E","T","$","M","R","?","M","R","B",null,"M","?","M","?","M","R","E","R","T","E","?","M","M","E","R","B"],"character_chosen":"IRONCLAD","items_purchased":[],"campfire_rested":4,"item_purchase_floors":[],"current_hp_per_floor":[74,67,69,69,69,69,75,35,35,35,38,62,61,70,70,38,70,48,48,33,59,36,60,17,41,41,65,65,65,69,62,80,0],"gold":364,"neow_bonus":"RANDOM_COLORLESS","is_prod":false,"is_daily":false,"chose_seed":false,"campfire_upgraded":2,"win_rate":0,"timestamp":1543759778,"path_taken":["M","?","M","?","?","R","M","E","T","?","?","R","?","M","R","BOSS","M","?","?","?","M","R","E","R","T","E","?","?","M","E","R","BOSS"],"build_version":"2018-11-15","purchased_purges":1,"victory":false,"max_hp_per_floor":[80,80,80,80,80,80,80,80,80,80,80,80,80,80,80,80,80,80,80,80,80,80,80,80,80,80,80,80,80,80,80,80,80],"card_choices":[{"not_picked":["Anger","Pommel Strike"],"picked":"Armaments","floor":1},{"not_picked":["Reckless Charge","Shrug It Off"],"picked":"Flex","floor":3},{"not_picked":["Berserk","True Grit"],"picked":"Cleave","floor":7},{"not_picked":["Twin Strike","Combust"],"picked":"Clash","floor":8},{"not_picked":["Pommel Strike","Havoc","Burning Pact"],"picked":"SKIP","floor":11},{"not_picked":["Burning Pact","Feel No Pain"],"picked":"True Grit","floor":14},{"not_picked":["Limit Break","Fiend Fire"],"picked":"Reaper","floor":16},{"not_picked":["Body Slam","Reckless Charge"],"picked":"Inflame+1","floor":18},{"not_picked":["Clash","Perfected Strike"],"picked":"Heavy Blade+1","floor":20},{"not_picked":["Warcry","True Grit"],"picked":"Flex+1","floor":22},{"not_picked":["Clash+1","Sword Boomerang+1"],"picked":"Juggernaut","floor":24},{"not_picked":["Warcry","Wild Strike"],"picked":"Dropkick","floor":27},{"not_picked":["Anger+1","Iron Wave"],"picked":"Spot Weakness","floor":29},{"not_picked":["Uppercut","Flame Barrier"],"picked":"Body Slam","floor":29},{"not_picked":["Sword Boomerang","Twin Strike+1"],"picked":"Feel No Pain","floor":30},{"not_picked":["Iron Wave","Intimidate","Infernal Blade"],"picked":"SKIP","floor":30},{"not_picked":["Body Slam","Shrug It Off","Clash+1"],"picked":"SKIP","floor":31}],"player_experience":1035887,"relics_obtained":[{"floor":8,"key":"Magic Flower"},{"floor":9,"key":"Bird Faced Urn"},{"floor":13,"key":"Odd Mushroom"},{"floor":24,"key":"Shuriken"},{"floor":26,"key":"Meat on the Bone"},{"floor":27,"key":"Prayer Wheel"},{"floor":31,"key":"PreservedInsect"}],"event_choices":[{"cards_removed":["Strike_R"],"damage_healed":0,"gold_gain":0,"player_choice":"Card Removal","damage_taken":7,"max_hp_gain":0,"max_hp_loss":0,"event_name":"Golden Wing","floor":2,"gold_loss":0},{"damage_healed":0,"gold_gain":0,"player_choice":"Ignored","damage_taken":0,"max_hp_gain":0,"max_hp_loss":0,"event_name":"Shining Light","floor":4,"gold_loss":0},{"cards_removed":["Strike_R"],"damage_healed":0,"gold_gain":0,"player_choice":"Card Removal","damage_taken":0,"max_hp_gain":0,"max_hp_loss":0,"event_name":"The Cleric","floor":5,"gold_loss":50},{"damage_healed":0,"gold_gain":0,"player_choice":"Fought Mushrooms","damage_taken":0,"max_hp_gain":0,"max_hp_loss":0,"event_name":"Mushrooms","floor":13,"gold_loss":0},{"damage_healed":0,"gold_gain":0,"player_choice":"Forge","damage_taken":0,"max_hp_gain":0,"max_hp_loss":0,"event_name":"Accursed Blacksmith","floor":19,"gold_loss":0,"cards_upgraded":["Reaper"]},{"damage_healed":26,"gold_gain":0,"player_choice":"Heal","damage_taken":0,"max_hp_gain":0,"max_hp_loss":0,"event_name":"The Library","floor":21,"gold_loss":0},{"damage_healed":0,"gold_gain":0,"player_choice":"Gave Potion","damage_taken":0,"relics_obtained":["Bag of Marbles"],"max_hp_gain":0,"max_hp_loss":0,"event_name":"WeMeetAgain","floor":28,"gold_loss":0}],"is_beta":false,"boss_relics":[{"not_picked":["Mark of Pain","Busted Crown"],"picked":"Black Blood"}],"items_purged_floors":[10],"is_endless":false,"potions_floor_spawned":[3,11,13,14,16,22,27,29,30],"killed_by":"Automaton","ascension_level":7}