{"gold_per_floor":[110,124,124,10,28,68,68,104,128,128,163,188,211,246,246,367,367,391,410,18,18,43,86,86,117,143,143,183,226,238,263,275,411,423,449,61,75,1,17,17,55,93,93,93,133,0,31,31,31,31,31,31,6,47,47],"floor_reached":55,"playtime":6859,"items_purged":["Injury","Strike_G","Strike_G"],"score":1262,"play_id":"01310d6d-bc26-4192-87b7-44478fa2bae5","local_time":"20190511184921","is_ascension_mode":true,"campfire_choices":[{"data":"Neutralize","floor":7,"key":"SMITH"},{"data":"Adrenaline","floor":10,"key":"SMITH"},{"floor":15,"key":"REST"},{"data":"Footwork","floor":24,"key":"SMITH"},{"data":"Catalyst","floor":27,"key":"SMITH"},{"data":"Noxious Fumes","floor":30,"key":"SMITH"},{"data":"Adrenaline","floor":32,"key":"SMITH"},{"data":"Infinite Blades","floor":40,"key":"SMITH"},{"floor":44,"key":"RECALL"},{"data":"Wraith Form v2","floor":49,"key":"SMITH"},{"data":"Catalyst","floor":52,"key":"SMITH"}],"neow_cost":"NONE","seed_source_timestamp":1981253317289706,"circlet_count":0,"master_deck":["Defend_G","Defend_G","Defend_G","Defend_G","Defend_G","Strike_G","Strike_G","Strike_G","Survivor","Neutralize+1","Terror","Footwork+1","Deadly Poison","Infinite Blades+1","Adrenaline+1","Noxious Fumes+1","Dodge and Roll","Flechettes","Blur","Adrenaline+1","Catalyst+1","Footwork","Escape Plan","Wraith Form v2+1","Deadly Poison+1","Footwork+1","Quick Slash+1","Predator+1","Backstab+1","Caltrops","Dagger Spray+1","Crippling Poison+1","Catalyst+1","Blade Dance+1","Backflip"],"relics":["Ring of the Snake","Golden Idol","PreservedInsect","Centennial Puzzle","Lantern","Oddly Smooth Stone","Bottled Tornado","Black Star","Mummified Hand","WingedGreaves","Anchor","Molten Egg 2","Shuriken","Strawberry","Pear","Kunai","MawBank","Bottled Flame","Philosopher\u0027s Stone","TwistedFunnel","Smiling Mask","Orichalcum","Art of War","Meat on the Bone","Vajra","Red Mask","Mercury Hourglass","Omamori","Nunchaku","Bottled Lightning"],"potions_floor_usage":[23,23,25,54,55,55],"damage_taken":[{"damage":0,"enemies":"Cultist","floor":1,"turns":3},{"damage":7,"enemies":"Small Slimes","floor":2,"turns":5},{"damage":0,"enemies":"Jaw Worm","floor":5,"turns":5},{"damage":16,"enemies":"3 Sentries","floor":6,"turns":10},{"damage":7,"enemies":"Gremlin Nob","floor":8,"turns":3},{"damage":7,"enemies":"3 Sentries","floor":11,"turns":6},{"damage":0,"enemies":"Large Slime","floor":12,"turns":7},{"damage":1,"enemies":"3 Louse","floor":13,"turns":2},{"damage":11,"enemies":"Gremlin Nob","floor":14,"turns":4},{"damage":12,"enemies":"The Guardian","floor":16,"turns":9},{"damage":10,"enemies":"Spheric Guardian","floor":18,"turns":7},{"damage":2,"enemies":"3 Byrds","floor":19,"turns":6},{"damage":8,"enemies":"Snake Plant","floor":22,"turns":6},{"damage":14,"enemies":"Slavers","floor":23,"turns":7},{"damage":0,"enemies":"Gremlin Leader","floor":25,"turns":5},{"damage":17,"enemies":"Book of Stabbing","floor":28,"turns":5},{"damage":8,"enemies":"Slavers","floor":29,"turns":7},{"damage":0,"enemies":"Chosen and Byrds","floor":31,"turns":5},{"damage":1,"enemies":"Champ","floor":33,"turns":8},{"damage":8,"enemies":"3 Darklings","floor":35,"turns":7},{"damage":0,"enemies":"3 Shapes","floor":37,"turns":4},{"damage":4,"enemies":"3 Darklings","floor":39,"turns":4},{"damage":7,"enemies":"Reptomancer","floor":41,"turns":5},{"damage":0,"enemies":"Giant Head","floor":42,"turns":5},{"damage":0,"enemies":"Reptomancer","floor":45,"turns":4},{"damage":0,"enemies":"Nemesis","floor":47,"turns":5},{"damage":51,"enemies":"Awakened One","floor":50,"turns":11},{"damage":0,"enemies":"Shield and Spear","floor":54,"turns":4},{"damage":87,"enemies":"The Heart","floor":55,"turns":6}],"seed_played":"-7836643688942751401","potions_obtained":[{"floor":8,"key":"Ancient Potion"},{"floor":13,"key":"Regen Potion"},{"floor":16,"key":"GhostInAJar"},{"floor":22,"key":"Fire Potion"},{"floor":23,"key":"SpeedPotion"},{"floor":25,"key":"Explosive Potion"},{"floor":35,"key":"Strength Potion"}],"is_trial":false,"path_per_floor":["M","M","?","$","M","E","R","E","T","R","E","M","M","E","R","B",null,"M","M","$","?","M","E","R","E","T","R","E","E","R","M","R","B",null,"M","$","M","$","M","R","E","E","T","R","E","?","E","?","R","B",null,"R","$","E","B"],"character_chosen":"THE_SILENT","items_purchased":["Infinite Blades","Mummified Hand","Footwork","TwistedFunnel","Predator+1","Caltrops","Backflip"],"campfire_rested":1,"item_purchase_floors":[4,20,20,36,36,38,53],"current_hp_per_floor":[70,63,63,63,63,47,47,40,40,40,33,33,32,21,42,30,70,60,58,58,58,50,51,51,51,58,58,51,43,43,43,43,42,87,79,79,79,79,75,75,68,68,68,68,68,68,68,68,68,29,87,87,87,87,0],"gold":47,"neow_bonus":"THREE_CARDS","is_prod":false,"is_daily":false,"chose_seed":false,"campfire_upgraded":9,"win_rate":0,"timestamp":1557618561,"path_taken":["M","M","?","$","M","E","R","E","T","R","E","M","M","E","R","BOSS","M","M","$","?","M","E","R","E","T","R","E","E","R","M","R","BOSS","M","$","M","$","M","R","E","E","T","R","E","?","E","?","R","BOSS","R","$","E","BOSS"],"build_version":"2019-01-23","purchased_purges":3,"victory":false,"max_hp_per_floor":[70,70,70,70,70,70,70,70,70,70,70,70,70,70,70,70,70,70,70,70,70,70,70,70,70,77,77,87,87,87,87,87,87,87,87,87,87,87,87,87,87,87,87,87,87,87,87,87,87,87,87,87,87,87,87],"card_choices":[{"not_picked":["Slice","Flying Knee"],"picked":"Terror","floor":0},{"not_picked":["Cloak And Dagger","Acrobatics"],"picked":"Footwork","floor":1},{"not_picked":["Flying Knee","Blade Dance"],"picked":"Deadly Poison","floor":2},{"not_picked":["Dodge and Roll","Flying Knee"],"picked":"Adrenaline","floor":5},{"not_picked":["Dodge and Roll","Deflect"],"picked":"Noxious Fumes","floor":6},{"not_picked":["Choke","Finisher","Dagger Spray"],"picked":"SKIP","floor":8},{"not_picked":["Infinite Blades","Sucker Punch"],"picked":"Dodge and Roll","floor":11},{"not_picked":["Backstab","Poisoned Stab"],"picked":"Flechettes","floor":12},{"not_picked":["Dagger Throw","Prepared","Outmaneuver"],"picked":"SKIP","floor":13},{"not_picked":["Quick Slash","Accuracy"],"picked":"Blur","floor":14},{"not_picked":["Doppelganger","Burst"],"picked":"Adrenaline","floor":16},{"not_picked":["Terror","Prepared+1","Underhanded Strike+1"],"picked":"SKIP","floor":18},{"not_picked":["Prepared+1","Distraction"],"picked":"Catalyst","floor":19},{"not_picked":["Distraction","Riddle With Holes","Poisoned Stab"],"picked":"SKIP","floor":22},{"not_picked":["Dagger Spray","Riddle With Holes+1","Prepared"],"picked":"SKIP","floor":23},{"not_picked":["Backstab","Blade Dance"],"picked":"Escape Plan","floor":25},{"not_picked":["Accuracy","Underhanded Strike+1"],"picked":"Wraith Form v2","floor":28},{"not_picked":["Die Die Die+1","Deadly Poison+1","Distraction"],"picked":"SKIP","floor":29},{"not_picked":["Die Die Die+1","Distraction"],"picked":"Deadly Poison+1","floor":29},{"not_picked":["Slice+1","Blade Dance"],"picked":"Footwork+1","floor":31},{"not_picked":["Underhanded Strike+1","Flechettes+1"],"picked":"Quick Slash+1","floor":35},{"not_picked":["Deadly Poison+1","Underhanded Strike+1"],"picked":"Backstab+1","floor":37},{"not_picked":["Concentrate+1","Dodge and Roll"],"picked":"Dagger Spray+1","floor":39},{"not_picked":["Accuracy","Corpse Explosion"],"picked":"Crippling Poison+1","floor":41},{"not_picked":["Concentrate+1","Eviscerate+1"],"picked":"Catalyst","floor":42},{"not_picked":["Reflex","Sucker Punch+1"],"picked":"Dodge and Roll+1","floor":45},{"not_picked":["Calculated Gamble","Prepared+1"],"picked":"Blade Dance+1","floor":47},{"not_picked":["Deadly Poison+1","Deflect+1","Distraction"],"picked":"SKIP","floor":54}],"player_experience":289369,"relics_obtained":[{"floor":6,"key":"PreservedInsect"},{"floor":8,"key":"Centennial Puzzle"},{"floor":9,"key":"Lantern"},{"floor":11,"key":"Oddly Smooth Stone"},{"floor":14,"key":"Bottled Tornado"},{"floor":23,"key":"WingedGreaves"},{"floor":23,"key":"Anchor"},{"floor":25,"key":"Molten Egg 2"},{"floor":25,"key":"Shuriken"},{"floor":26,"key":"Strawberry"},{"floor":28,"key":"Pear"},{"floor":28,"key":"Kunai"},{"floor":29,"key":"MawBank"},{"floor":29,"key":"Bottled Flame"},{"floor":41,"key":"Smiling Mask"},{"floor":41,"key":"Orichalcum"},{"floor":42,"key":"Art of War"},{"floor":42,"key":"Meat on the Bone"},{"floor":45,"key":"Vajra"},{"floor":47,"key":"Mercury Hourglass"},{"floor":47,"key":"Omamori"},{"floor":54,"key":"Nunchaku"},{"floor":54,"key":"Bottled Lightning"}],"event_choices":[{"damage_healed":0,"gold_gain":0,"player_choice":"Take Wound","damage_taken":0,"relics_obtained":["Golden Idol"],"max_hp_gain":0,"max_hp_loss":0,"event_name":"Golden Idol","floor":3,"gold_loss":0,"cards_obtained":["Injury"]},{"damage_healed":0,"gold_gain":0,"player_choice":"Ignored","damage_taken":0,"max_hp_gain":0,"max_hp_loss":0,"event_name":"Vampires","floor":21,"gold_loss":0},{"damage_healed":0,"gold_gain":0,"player_choice":"Paid","damage_taken":0,"relics_obtained":["Red Mask"],"max_hp_gain":0,"max_hp_loss":0,"event_name":"Tomb of Lord Red Mask","floor":46,"gold_loss":133},{"cards_removed":["Dodge and Roll"],"damage_healed":0,"gold_gain":0,"player_choice":"Removed Skill","damage_taken":0,"max_hp_gain":0,"max_hp_loss":0,"event_name":"Falling","floor":48,"gold_loss":0}],"is_beta":false,"boss_relics":[{"not_picked":["Sozu","HoveringKite"],"picked":"Black Star"},{"not_picked":["Pandora\u0027s Box","Coffee Dripper"],"picked":"Philosopher\u0027s Stone"}],"items_purged_floors":[4,20,36],"is_endless":false,"potions_floor_spawned":[8,13,16,19,22,23,25,35,39],"killed_by":"The Heart","ascension_level":3}