{"gold_per_floor":[117,42,42,42,42,42,69,69,69,80,95,5,18,38,38,139,139,151,151,1,1,1,1,57,57,131,144,144,144,156,186,186,186],"floor_reached":33,"playtime":1578,"items_purged":["Strike_R","Regret"],"score":337,"play_id":"779e9d25-9d9b-44c8-bd8d-ffe4cdf62d6b","local_time":"20181008141115","is_ascension_mode":true,"campfire_choices":[{"data":"Demon Form","floor":6,"key":"SMITH"},{"floor":8,"key":"REST"},{"data":"Armaments","floor":15,"key":"SMITH"},{"floor":23,"key":"REST"},{"floor":25,"key":"REST"},{"floor":29,"key":"REST"},{"floor":32,"key":"REST"}],"neow_cost":"NONE","seed_source_timestamp":5473286928800,"circlet_count":0,"master_deck":["Strike_R","Defend_R","Defend_R","Defend_R","Defend_R","Bash","Demon Form+1","Body Slam","Flex","Armaments+1","Heavy Blade","Enlightenment","Cleave","Whirlwind","Reaper","Twin Strike","Battle Trance","Dark Embrace","Rage+1"],"relics":["Burning Blood","Mummified Hand","Anchor","Sundial","Mark of Pain","Ice Cream","Tiny Chest","Singing Bowl","Champion Belt"],"potions_floor_usage":[7,16,16,24,33,33],"damage_taken":[{"damage":4,"enemies":"2 Louse","floor":1,"turns":3},{"damage":50,"enemies":"3 Sentries","floor":7,"turns":9},{"damage":10,"enemies":"Jaw Worm","floor":10,"turns":5},{"damage":3,"enemies":"Cultist","floor":11,"turns":4},{"damage":2,"enemies":"2 Fungi Beasts","floor":13,"turns":4},{"damage":0,"enemies":"Blue Slaver","floor":14,"turns":2},{"damage":53,"enemies":"The Guardian","floor":16,"turns":8},{"damage":41,"enemies":"Chosen","floor":18,"turns":5},{"damage":72,"enemies":"Slavers","floor":24,"turns":5},{"damage":27,"enemies":"Shell Parasite","floor":27,"turns":4},{"damage":17,"enemies":"Centurion and Healer","floor":30,"turns":6},{"damage":35,"enemies":"Book of Stabbing","floor":31,"turns":4},{"damage":86,"enemies":"Collector","floor":33,"turns":8}],"seed_played":"-4014953990071705972","potions_obtained":[{"floor":1,"key":"FearPotion"},{"floor":10,"key":"Poison Potion"},{"floor":13,"key":"Poison Potion"},{"floor":24,"key":"Explosive Potion"},{"floor":31,"key":"Explosive Potion"}],"is_trial":false,"path_per_floor":["M","$","?","?","?","R","E","R","T","M","M","$","M","M","R","B",null,"M","?","$","?","$","R","E","R","T","M","?","R","M","E","R"],"character_chosen":"IRONCLAD","items_purchased":["Enlightenment","SteroidPotion"],"campfire_rested":5,"item_purchase_floors":[12,20],"current_hp_per_floor":[80,80,73,73,73,73,29,53,53,49,52,52,56,62,62,15,80,45,30,30,30,30,55,19,44,44,30,30,56,55,32,58,0],"gold":186,"neow_bonus":"ONE_RANDOM_RARE_CARD","is_prod":false,"is_daily":false,"chose_seed":false,"campfire_upgraded":2,"win_rate":0,"timestamp":1539000675,"path_taken":["M","$","?","?","?","R","E","R","T","?","M","$","?","?","R","BOSS","M","?","$","?","$","R","E","R","T","M","?","R","M","E","R","BOSS"],"build_version":"2018-10-04v2","purchased_purges":2,"victory":false,"max_hp_per_floor":[80,80,80,80,80,80,80,80,80,80,80,80,80,80,80,80,80,80,85,85,85,85,85,85,85,85,87,87,87,87,89,89,89],"card_choices":[{"not_picked":["Battle Trance","Searing Blow"],"picked":"Body Slam","floor":1},{"not_picked":["Sword Boomerang","Body Slam"],"picked":"Flex","floor":7},{"not_picked":["Perfected Strike","Wild Strike"],"picked":"Armaments","floor":10},{"not_picked":["Fiend Fire","Twin Strike"],"picked":"Heavy Blade","floor":11},{"not_picked":["Carnage","Perfected Strike"],"picked":"Cleave","floor":13},{"not_picked":["Twin Strike","True Grit"],"picked":"Whirlwind","floor":14},{"not_picked":["Brutality","Fiend Fire"],"picked":"Reaper","floor":16},{"not_picked":["Searing Blow+1","Blood for Blood"],"picked":"Twin Strike","floor":18},{"not_picked":["Perfected Strike","Sentinel"],"picked":"Battle Trance","floor":24},{"not_picked":["Hemokinesis+1","Dual Wield","Cleave"],"picked":"Singing Bowl","floor":27},{"not_picked":["Sever Soul","Reckless Charge"],"picked":"Rage+1","floor":30},{"not_picked":["Anger","Blood for Blood","Headbutt"],"picked":"Singing Bowl","floor":31}],"player_experience":582478,"relics_obtained":[{"floor":7,"key":"Anchor"},{"floor":9,"key":"Sundial"},{"floor":24,"key":"Tiny Chest"},{"floor":26,"key":"Singing Bowl"},{"floor":31,"key":"Champion Belt"}],"event_choices":[{"event_name":"Golden Wing","player_choice":"Card Removal","floor":3,"damage_taken":0},{"event_name":"Living Wall","player_choice":"Forget","floor":4,"damage_taken":0},{"event_name":"Big Fish","player_choice":"Box","floor":5,"damage_taken":0},{"event_name":"Forgotten Altar","player_choice":"Shed Blood","floor":19,"damage_taken":0},{"event_name":"The Mausoleum","player_choice":"Yes","floor":21,"damage_taken":0},{"event_name":"Transmorgrifier","player_choice":"Transform","floor":28,"damage_taken":0}],"is_beta":false,"boss_relics":[{"not_picked":["Tiny House","Velvet Choker"],"picked":"Mark of Pain"}],"items_purged_floors":[2,20],"is_endless":false,"potions_floor_spawned":[1,10,13,24,31],"killed_by":"Collector","ascension_level":4}