{"gold_per_floor":[116,127,137,137,87,121,296,311,335,335],"floor_reached":10,"playtime":320,"items_purged":[],"score":102,"play_id":"2d9be56b-6d73-4aa6-86e7-9661582793b6","local_time":"20190126212335","is_ascension_mode":true,"campfire_choices":[],"neow_cost":"TEN_PERCENT_HP_LOSS","seed_source_timestamp":272719912893000,"circlet_count":0,"master_deck":["AscendersBane","Strike_R","Strike_R","Strike_R","Strike_R","Defend_R","Defend_R","Defend_R","Defend_R","Bash","Twin Strike","Sword Boomerang","Flex","Limit Break","Flame Barrier"],"relics":["Burning Blood","Du-Vu Doll","Omamori","Potion Belt"],"potions_floor_usage":[],"damage_taken":[{"damage":0,"enemies":"Cultist","floor":1,"turns":4},{"damage":0,"enemies":"Small Slimes","floor":2,"turns":3},{"damage":0,"enemies":"Jaw Worm","floor":3,"turns":3},{"damage":46,"enemies":"Lagavulin","floor":6,"turns":6},{"damage":7,"enemies":"3 Louse","floor":8,"turns":4},{"damage":33,"enemies":"Lots of Slimes","floor":10,"turns":3}],"seed_played":"9001532821328006846","potions_obtained":[{"floor":6,"key":"FearPotion"}],"is_trial":false,"path_per_floor":["M","M","M","$","?","E","?","M","T","M"],"character_chosen":"IRONCLAD","items_purchased":[],"campfire_rested":0,"item_purchase_floors":[],"current_hp_per_floor":[72,72,72,72,72,32,32,31,31,0],"gold":335,"neow_bonus":"ONE_RARE_RELIC","is_prod":false,"is_daily":false,"chose_seed":false,"campfire_upgraded":0,"win_rate":0,"timestamp":1548534215,"path_taken":["M","M","?","$","?","E","?","M","T","M"],"build_version":"2019-01-23","purchased_purges":0,"victory":false,"max_hp_per_floor":[72,72,72,72,72,72,72,72,72,72],"card_choices":[{"not_picked":["Havoc","Wild Strike"],"picked":"Twin Strike","floor":1},{"not_picked":["Combust","Entrench"],"picked":"Sword Boomerang","floor":2},{"not_picked":["Thunderclap","Rage"],"picked":"Flex","floor":3},{"not_picked":["Anger","Body Slam"],"picked":"Limit Break","floor":6},{"not_picked":["Second Wind","Twin Strike"],"picked":"Flame Barrier","floor":8}],"player_experience":1324101,"relics_obtained":[{"floor":6,"key":"Omamori"},{"floor":9,"key":"Potion Belt"}],"event_choices":[{"cards_removed":["Strike_R"],"damage_healed":0,"gold_gain":0,"player_choice":"Card Removal","damage_taken":0,"max_hp_gain":0,"max_hp_loss":0,"event_name":"The Cleric","floor":5,"gold_loss":50},{"damage_healed":0,"gold_gain":175,"player_choice":"AGREE","damage_taken":0,"max_hp_gain":0,"max_hp_loss":0,"event_name":"Liars Game","floor":7,"gold_loss":0,"cards_obtained":["Doubt"]}],"is_beta":false,"boss_relics":[],"items_purged_floors":[],"is_endless":false,"potions_floor_spawned":[6],"killed_by":"Lots of Slimes","ascension_level":10}