{"gold_per_floor":[109,128,128,128,145,145,145,155,181,213,213,28,44,54,54,149,149,164,164,164,180,180,180,199,114,114,126,54,79,79,96,96,198,198,215,233,21,34,44,44,70,85,85,85,98,98,98,113,113,113],"floor_reached":50,"playtime":3549,"items_purged":[],"score":620,"play_id":"46c056ca-dc10-4514-8736-976381544fa3","local_time":"20181013010306","is_ascension_mode":true,"campfire_choices":[{"floor":6,"key":"REST"},{"floor":11,"key":"REST"},{"data":"Chaos","floor":15,"key":"SMITH"},{"floor":23,"key":"REST"},{"floor":30,"key":"REST"},{"data":"Defragment","floor":32,"key":"SMITH"},{"floor":40,"key":"REST"},{"data":"Chrysalis","floor":46,"key":"SMITH"},{"floor":49,"key":"REST"}],"neow_cost":"","seed_source_timestamp":77096947951700,"circlet_count":0,"master_deck":["Zap","Dualcast","Aggregate","Rebound","Ball Lightning","Conserve Battery+1","Chaos+1","Defragment+1","Glacier","Chill","Fission+1","Ball Lightning","Coolheaded+1","Melter","BootSequence","Compile Driver","Glacier","Streamline+1","Hologram","Compile Driver","Sunder","Leap+1","Static Discharge","Leap","Turbo+1","Meteor Strike","Stack","Turbo","Chrysalis+1","Beam Cell+1","Hologram+1","Undo+1","White Noise","Madness","Madness"],"relics":["FrozenCore","Orichalcum","WarpedTongs","Vajra","Blood Vial","Bag of Marbles","Pandora\u0027s Box","Cables","Bottled Flame","War Paint","Omamori","The Courier"],"potions_floor_usage":[16,16,24,29,29,33,35,39,41,42],"damage_taken":[{"damage":7,"enemies":"Jaw Worm","floor":1,"turns":3},{"damage":6,"enemies":"2 Louse","floor":2,"turns":2},{"damage":5,"enemies":"Cultist","floor":5,"turns":3},{"damage":12,"enemies":"3 Louse","floor":8,"turns":3},{"damage":20,"enemies":"Gremlin Nob","floor":10,"turns":4},{"damage":0,"enemies":"Gremlin Gang","floor":13,"turns":3},{"damage":0,"enemies":"Blue Slaver","floor":14,"turns":4},{"damage":15,"enemies":"Hexaghost","floor":16,"turns":8},{"damage":0,"enemies":"Spheric Guardian","floor":18,"turns":2},{"damage":11,"enemies":"2 Thieves","floor":21,"turns":3},{"damage":10,"enemies":"Shelled Parasite and Fungi","floor":24,"turns":4},{"damage":0,"enemies":"Snecko","floor":27,"turns":5},{"damage":16,"enemies":"Slavers","floor":29,"turns":5},{"damage":0,"enemies":"3 Cultists","floor":31,"turns":5},{"damage":44,"enemies":"Automaton","floor":33,"turns":11},{"damage":0,"enemies":"3 Darklings","floor":35,"turns":5},{"damage":0,"enemies":"3 Shapes","floor":36,"turns":3},{"damage":18,"enemies":"3 Darklings","floor":38,"turns":4},{"damage":53,"enemies":"Transient","floor":39,"turns":5},{"damage":10,"enemies":"2 Orb Walkers","floor":41,"turns":6},{"damage":0,"enemies":"Sphere and 2 Shapes","floor":42,"turns":3},{"damage":6,"enemies":"3 Darklings","floor":45,"turns":6},{"damage":37,"enemies":"Transient","floor":48,"turns":5},{"damage":81,"enemies":"Time Eater","floor":50,"turns":6}],"seed_played":"7232734362691085565","potions_obtained":[{"floor":1,"key":"Energy Potion"},{"floor":5,"key":"Dexterity Potion"},{"floor":10,"key":"Swift Potion"},{"floor":24,"key":"Weak Potion"},{"floor":27,"key":"Dexterity Potion"},{"floor":29,"key":"Dexterity Potion"},{"floor":33,"key":"AttackPotion"},{"floor":38,"key":"Strength Potion"},{"floor":39,"key":"Poison Potion"},{"floor":41,"key":"Swift Potion"}],"is_trial":false,"path_per_floor":["M","M","?","?","M","R","?","M","T","E","R","$","M","M","R","B",null,"M","?","?","M","?","R","M","?","T","M","$","E","R","M","R","B",null,"M","M","$","M","M","R","E","M","T","?","M","R","?","M","R"],"character_chosen":"DEFECT","items_purchased":["Defragment","Bag of Marbles","Static Discharge","Chrysalis"],"campfire_rested":6,"item_purchase_floors":[12,12,28,37],"current_hp_per_floor":[68,62,62,62,57,75,75,63,63,43,65,65,67,69,69,56,75,75,75,61,52,52,76,68,68,68,70,70,56,80,80,80,36,80,80,80,80,62,11,35,27,29,29,80,74,74,64,29,53,0],"gold":113,"neow_bonus":"","is_prod":false,"is_daily":false,"chose_seed":false,"campfire_upgraded":3,"win_rate":0,"timestamp":1539385386,"path_taken":["M","M","?","?","M","R","?","M","T","E","R","$","?","M","R","BOSS","M","?","?","M","?","R","M","?","T","?","$","E","R","M","R","BOSS","M","M","$","M","M","R","E","M","T","?","M","R","?","M","R","BOSS"],"build_version":"2018-10-11","purchased_purges":0,"victory":false,"max_hp_per_floor":[75,75,75,75,75,75,75,75,75,75,75,75,75,75,75,75,75,75,75,80,80,80,80,80,80,80,80,80,80,80,80,80,80,80,80,80,80,80,80,80,80,80,80,80,80,80,80,80,80,80],"card_choices":[{"not_picked":["Undo","Fusion"],"picked":"Aggregate","floor":1},{"not_picked":["Barrage","Cold Snap"],"picked":"Rebound","floor":2},{"not_picked":["Stack","Compile Driver"],"picked":"Ball Lightning","floor":5},{"not_picked":["Steam Power","Force Field"],"picked":"Conserve Battery","floor":8},{"not_picked":["All For One","Compile Driver"],"picked":"Chaos","floor":10},{"not_picked":["Reprogram","Stack"],"picked":"Glacier","floor":13},{"not_picked":["Go for the Eyes","Coolheaded"],"picked":"Chill","floor":14},{"not_picked":["Multi-Cast","Core Surge"],"picked":"Fission","floor":16},{"not_picked":["Rebound","Auto Shields"],"picked":"Streamline+1","floor":18},{"not_picked":["Rebound","Reprogram+1"],"picked":"Sunder","floor":21},{"not_picked":["Hologram","Redo"],"picked":"Leap+1","floor":24},{"not_picked":["Coolheaded","Steam","Hologram"],"picked":"SKIP","floor":27},{"not_picked":["Consume","Beam Cell"],"picked":"Leap","floor":29},{"not_picked":["Beam Cell","Barrage"],"picked":"Turbo+1","floor":31},{"not_picked":["Seek","All For One"],"picked":"Meteor Strike","floor":33},{"not_picked":["Hologram+1","Rebound+1"],"picked":"Stack","floor":35},{"not_picked":["Steam","Go for the Eyes+1"],"picked":"Turbo","floor":36},{"not_picked":["Lockon","Machine Learning"],"picked":"Beam Cell+1","floor":38},{"not_picked":["Coolheaded+1","Ball Lightning+1","Beam Cell"],"picked":"SKIP","floor":39},{"not_picked":["Hyperbeam","FTL"],"picked":"Hologram+1","floor":41},{"not_picked":["Go for the Eyes","Stack"],"picked":"Undo+1","floor":42},{"not_picked":["Rip and Tear","Compile Driver"],"picked":"White Noise","floor":45},{"not_picked":["Beam Cell","Reprogram","Go for the Eyes"],"picked":"SKIP","floor":48}],"player_experience":683443,"relics_obtained":[{"floor":9,"key":"Vajra"},{"floor":10,"key":"Blood Vial"},{"floor":26,"key":"Bottled Flame"},{"floor":29,"key":"War Paint"},{"floor":41,"key":"Omamori"},{"floor":43,"key":"The Courier"}],"event_choices":[{"event_name":"Big Fish","player_choice":"Box","floor":3,"damage_taken":0},{"event_name":"Accursed Blacksmith","player_choice":"Rummage","floor":4,"damage_taken":0},{"event_name":"Fountain of Cleansing","player_choice":"Removed Curse","floor":7,"damage_taken":0},{"event_name":"Drug Dealer","player_choice":"Became Test Subject","floor":19,"damage_taken":0},{"event_name":"Forgotten Altar","player_choice":"Shed Blood","floor":20,"damage_taken":0},{"event_name":"Upgrade Shrine","player_choice":"Upgraded","floor":22,"damage_taken":0},{"event_name":"Addict","player_choice":"Obtained Relic","floor":25,"damage_taken":0},{"event_name":"MindBloom","player_choice":"Heal","floor":44,"damage_taken":0},{"event_name":"Winding Halls","player_choice":"Embrace Madness","floor":47,"damage_taken":0}],"is_beta":false,"boss_relics":[{"not_picked":["Fusion Hammer","Calling Bell"],"picked":"Pandora\u0027s Box"},{"not_picked":["Runic Dome","Empty Cage"],"picked":"FrozenCore"}],"items_purged_floors":[],"is_endless":false,"potions_floor_spawned":[1,5,10,13,24,27,29,33,38,39,41],"killed_by":"Time Eater","ascension_level":4}