{"gold_per_floor":[110,124,139,157,50,85,101,101,101,101,165,165,182,68,68,169,169,187,206,206,206,219,219,246,246,269,288,288,288,298,311,311,311],"floor_reached":33,"playtime":4223,"items_purged":[],"score":319,"play_id":"d7e5840a-602d-4a7e-83e1-392ec695d4b3","local_time":"20181124225052","is_ascension_mode":false,"campfire_choices":[{"floor":8,"key":"REST"},{"floor":12,"key":"REST"},{"data":"Crippling Poison","floor":15,"key":"SMITH"},{"floor":23,"key":"REST"},{"floor":25,"key":"REST"},{"data":"Bouncing Flask","floor":28,"key":"SMITH"},{"floor":32,"key":"REST"}],"neow_cost":"NONE","seed_source_timestamp":162815300711288,"circlet_count":0,"master_deck":["Defend_G","Defend_G","Defend_G","Defend_G","Defend_G","Strike_G","Strike_G","Strike_G+1","Survivor","Neutralize","Well Laid Plans","Escape Plan","Dagger Spray+1","Escape Plan","Acrobatics","Leg Sweep","Crippling Poison+1","Blur","Footwork","Bullet Time","Bouncing Flask+1","Caltrops","Burst","Injury","Doppelganger+1","Infinite Blades+1","Deadly Poison","Acrobatics+1","Dash","Burst","Escape Plan"],"relics":["Ring of the Snake","Whetstone","Regal Pillow","Happy Flower","Astrolabe","Mercury Hourglass","Omamori"],"potions_floor_usage":[6,6,11,24,24,33,33],"damage_taken":[{"damage":2,"enemies":"Cultist","floor":1,"turns":4},{"damage":9,"enemies":"Jaw Worm","floor":2,"turns":5},{"damage":2,"enemies":"Small Slimes","floor":3,"turns":4},{"damage":1,"enemies":"3 Louse","floor":4,"turns":4},{"damage":34,"enemies":"Gremlin Nob","floor":6,"turns":8},{"damage":15,"enemies":"Exordium Wildlife","floor":7,"turns":6},{"damage":52,"enemies":"Lagavulin Event","floor":11,"turns":13},{"damage":0,"enemies":"Red Slaver","floor":13,"turns":4},{"damage":0,"enemies":"The Guardian","floor":16,"turns":11},{"damage":12,"enemies":"Spheric Guardian","floor":18,"turns":6},{"damage":21,"enemies":"2 Thieves","floor":19,"turns":5},{"damage":21,"enemies":"Centurion and Healer","floor":22,"turns":8},{"damage":24,"enemies":"Slavers","floor":24,"turns":4},{"damage":13,"enemies":"Sentry and Sphere","floor":27,"turns":5},{"damage":23,"enemies":"Snake Plant","floor":30,"turns":3},{"damage":23,"enemies":"Cultist and Chosen","floor":31,"turns":7},{"damage":51,"enemies":"Champ","floor":33,"turns":10}],"seed_played":"3717343532187988283","potions_obtained":[{"floor":1,"key":"Dexterity Potion"},{"floor":3,"key":"SpeedPotion"},{"floor":4,"key":"GhostInAJar"},{"floor":11,"key":"Explosive Potion"},{"floor":16,"key":"Strength Potion"},{"floor":19,"key":"LiquidBronze"},{"floor":22,"key":"Dexterity Potion"},{"floor":24,"key":"GhostInAJar"},{"floor":31,"key":"AttackPotion"}],"is_trial":false,"path_per_floor":["M","M","M","M","$","E","M","R","T","?","?","R","M","$","R","B",null,"M","M","$","?","M","R","E","R","T","M","R","?","M","M","R","B"],"character_chosen":"THE_SILENT","items_purchased":["Acrobatics","Leg Sweep","Bouncing Flask","Caltrops"],"campfire_rested":5,"item_purchase_floors":[5,5,14,14],"current_hp_per_floor":[75,66,64,63,63,29,14,37,37,56,4,42,42,42,42,42,74,62,41,41,41,20,57,33,70,70,57,57,57,34,11,48,0],"gold":311,"neow_bonus":"TEN_PERCENT_HP_BONUS","is_prod":false,"is_daily":false,"chose_seed":false,"campfire_upgraded":2,"win_rate":0.0,"timestamp":1543067452,"path_taken":["M","?","M","M","$","E","M","R","T","?","?","R","M","$","R","BOSS","M","M","$","?","M","R","E","R","T","M","R","?","M","?","R","BOSS"],"build_version":"2018-11-15","purchased_purges":0,"victory":false,"max_hp_per_floor":[77,77,77,77,77,77,77,77,77,77,77,77,77,77,77,77,74,74,74,74,74,74,74,74,74,74,74,74,74,74,74,74,74],"card_choices":[{"not_picked":["Backstab","Endless Agony"],"picked":"Well Laid Plans","floor":1},{"not_picked":["PiercingWail","Leg Sweep"],"picked":"Escape Plan","floor":2},{"not_picked":["Quick Slash","Dash"],"picked":"Dagger Spray","floor":3},{"not_picked":["Deflect","Dodge and Roll"],"picked":"Escape Plan","floor":4},{"not_picked":["Acrobatics","Poisoned Stab"],"picked":"Crippling Poison","floor":6},{"not_picked":["Deadly Poison","Prepared"],"picked":"Blur","floor":7},{"not_picked":["Underhanded Strike","PiercingWail"],"picked":"Footwork","floor":11},{"not_picked":["Choke","Dagger Spray"],"picked":"Bullet Time","floor":13},{"not_picked":["Die Die Die","Bullet Time"],"picked":"Burst","floor":16},{"not_picked":["Outmaneuver","Quick Slash"],"picked":"Deadly Poison","floor":18},{"not_picked":["Dodge and Roll","Dagger Spray","Heel Hook+1"],"picked":"SKIP","floor":19},{"not_picked":["Sucker Punch","Dodge and Roll"],"picked":"Acrobatics+1","floor":22},{"not_picked":["Unload","Riddle With Holes"],"picked":"Dash","floor":24},{"not_picked":["Blade Dance","Dagger Throw","Quick Slash"],"picked":"SKIP","floor":27},{"not_picked":["Predator","Terror+1","All Out Attack+1"],"picked":"SKIP","floor":30},{"not_picked":["Masterful Stab","Endless Agony"],"picked":"Escape Plan","floor":31}],"player_experience":61318,"relics_obtained":[{"floor":6,"key":"Whetstone"},{"floor":9,"key":"Regal Pillow"},{"floor":11,"key":"Happy Flower"},{"floor":24,"key":"Mercury Hourglass"},{"floor":26,"key":"Omamori"}],"event_choices":[{"damage_healed":19,"gold_gain":0,"player_choice":"Healed and dodged fight","damage_taken":0,"max_hp_gain":0,"max_hp_loss":0,"event_name":"Mushrooms","floor":10,"gold_loss":0,"cards_obtained":["Parasite"]},{"damage_healed":0,"gold_gain":0,"player_choice":"Searched \u00271\u0027 times","damage_taken":0,"max_hp_gain":0,"max_hp_loss":0,"event_name":"Dead Adventurer","floor":11,"gold_loss":0},{"damage_healed":0,"gold_gain":0,"player_choice":"Ignored","damage_taken":0,"max_hp_gain":0,"max_hp_loss":0,"event_name":"Beggar","floor":21,"gold_loss":0},{"damage_healed":0,"gold_gain":0,"player_choice":"Copied","damage_taken":0,"max_hp_gain":0,"max_hp_loss":0,"event_name":"Duplicator","floor":29,"gold_loss":0,"cards_obtained":["Burst"]}],"is_beta":false,"boss_relics":[{"not_picked":["HoveringKite","Black Star"],"picked":"Astrolabe"}],"items_purged_floors":[],"is_endless":false,"potions_floor_spawned":[1,3,4,11,16,19,22,24,31],"killed_by":"Champ","ascension_level":0}