{"gold_per_floor":[18,18,18,18,34,34,61,61,61,91,102,277,277,277,277,351,351,371,382,116,127,127],"floor_reached":22,"playtime":846,"items_purged":["Doubt"],"score":326,"play_id":"30fe75d4-e88e-41c6-ad2c-a0f3efd1a648","local_time":"20190414010109","is_ascension_mode":true,"campfire_choices":[{"data":"Bash","floor":6,"key":"SMITH"},{"data":"Double Tap","floor":8,"key":"SMITH"},{"floor":13,"key":"REST"},{"floor":15,"key":"REST"}],"neow_cost":"NO_GOLD","seed_source_timestamp":260464698765700,"circlet_count":0,"master_deck":["AscendersBane","Strike_R","Strike_R","Defend_R","Defend_R","Defend_R","Defend_R","Bash+1","Double Tap+1","Headbutt","Sentinel","Pommel Strike","Flex","Enlightenment","Double Tap","Transmutation"],"relics":["Burning Blood","Paper Frog","Pear","Pantograph","Bottled Flame","Happy Flower","Busted Crown"],"potions_floor_usage":[11,19],"damage_taken":[{"damage":12,"enemies":"Jaw Worm","floor":1,"turns":2},{"damage":6,"enemies":"Cultist","floor":5,"turns":3},{"damage":10,"enemies":"Gremlin Nob","floor":7,"turns":3},{"damage":35,"enemies":"3 Sentries","floor":10,"turns":9},{"damage":8,"enemies":"Small Slimes","floor":11,"turns":4},{"damage":25,"enemies":"Slime Boss","floor":16,"turns":8},{"damage":9,"enemies":"Chosen","floor":18,"turns":4},{"damage":18,"enemies":"3 Byrds","floor":19,"turns":7},{"damage":28,"enemies":"Centurion and Healer","floor":21,"turns":5},{"damage":54,"enemies":"Snecko","floor":22,"turns":5}],"seed_played":"-2360325804400080947","potions_obtained":[{"floor":1,"key":"SpeedPotion"},{"floor":16,"key":"GamblersBrew"},{"floor":18,"key":"Ancient Potion"}],"is_trial":false,"path_per_floor":["M","?","?","T","M","R","E","R","T","E","M","?","R","?","R","B",null,"M","M","$","M","M"],"character_chosen":"IRONCLAD","items_purchased":["Transmutation"],"campfire_rested":2,"item_purchase_floors":[20],"current_hp_per_floor":[62,62,55,65,65,65,61,61,61,32,30,30,55,55,80,66,80,77,65,65,43,0],"gold":127,"neow_bonus":"TRANSFORM_TWO_CARDS","is_prod":false,"is_daily":false,"chose_seed":false,"campfire_upgraded":2,"win_rate":0,"timestamp":1555196469,"path_taken":["M","?","?","?","?","R","E","R","T","E","?","?","R","?","R","BOSS","M","M","$","?","M"],"build_version":"2019-01-23","purchased_purges":1,"victory":false,"max_hp_per_floor":[75,75,75,85,85,85,85,85,85,85,85,85,85,85,85,85,85,85,85,85,85,85],"card_choices":[{"not_picked":["Sentinel","Perfected Strike","Clothesline"],"picked":"SKIP","floor":1},{"not_picked":["Twin Strike","Second Wind","Heavy Blade"],"picked":"SKIP","floor":5},{"not_picked":["Havoc","Fire Breathing"],"picked":"Pommel Strike","floor":7},{"not_picked":["Inflame","Cleave"],"picked":"Flex","floor":10},{"not_picked":["Warcry","Clothesline","Disarm"],"picked":"SKIP","floor":11},{"not_picked":["Fiend Fire","Barricade"],"picked":"Double Tap","floor":16},{"not_picked":["True Grit"],"picked":"SKIP","floor":18},{"not_picked":["Combust"],"picked":"SKIP","floor":19},{"not_picked":["Anger"],"picked":"SKIP","floor":21}],"player_experience":1694400,"relics_obtained":[{"floor":4,"key":"Pear"},{"floor":7,"key":"Pantograph"},{"floor":9,"key":"Bottled Flame"},{"floor":10,"key":"Happy Flower"}],"event_choices":[{"damage_healed":0,"gold_gain":0,"cards_transformed":["Strike_R"],"player_choice":"Change","damage_taken":0,"max_hp_gain":0,"max_hp_loss":0,"event_name":"Living Wall","floor":2,"gold_loss":0,"cards_obtained":["Sentinel"]},{"damage_healed":0,"gold_gain":0,"player_choice":"Success","damage_taken":7,"relics_obtained":["Paper Frog"],"max_hp_gain":0,"max_hp_loss":0,"event_name":"Scrap Ooze","floor":3,"gold_loss":0},{"damage_healed":0,"gold_gain":175,"player_choice":"AGREE","damage_taken":0,"max_hp_gain":0,"max_hp_loss":0,"event_name":"Liars Game","floor":12,"gold_loss":0,"cards_obtained":["Doubt"]},{"damage_healed":0,"gold_gain":0,"player_choice":"1 cards matched","damage_taken":0,"max_hp_gain":0,"max_hp_loss":0,"event_name":"Match and Keep!","floor":14,"gold_loss":0,"cards_obtained":["Enlightenment"]}],"is_beta":false,"boss_relics":[{"not_picked":["Eternal Feather","Cursed Key"],"picked":"Busted Crown"}],"items_purged_floors":[20],"is_endless":false,"potions_floor_spawned":[1,16,18],"killed_by":"Snecko","ascension_level":14}