{"gold_per_floor":[118,118,132,132,22,47,47,81,108,108,124,124,124,124,124,124],"floor_reached":16,"playtime":957,"items_purged":["Strike_G"],"score":197,"play_id":"0b3a27fc-16e7-4e77-8dca-cbe0a520bf7d","local_time":"20190330213940","is_ascension_mode":true,"campfire_choices":[{"floor":7,"key":"REST"},{"data":"Cloak And Dagger","floor":10,"key":"SMITH"},{"data":"Blade Dance","floor":12,"key":"SMITH"},{"floor":15,"key":"REST"}],"neow_cost":"NONE","seed_source_timestamp":352682939990600,"circlet_count":0,"master_deck":["AscendersBane","Defend_G","Defend_G","Defend_G","Defend_G+1","Defend_G","Strike_G","Strike_G","Strike_G","Survivor","Neutralize","Sucker Punch","Cloak And Dagger+1","Catalyst","Cloak And Dagger+1","Blade Dance+1"],"relics":["Ring of the Snake","NeowsBlessing","Vajra","Thread and Needle","Omamori","Strawberry","Juzu Bracelet"],"potions_floor_usage":[8,16],"damage_taken":[{"damage":0,"enemies":"Jaw Worm","floor":1,"turns":1},{"damage":0,"enemies":"2 Louse","floor":3,"turns":1},{"damage":0,"enemies":"Gremlin Nob","floor":6,"turns":1},{"damage":11,"enemies":"3 Sentries","floor":8,"turns":10},{"damage":0,"enemies":"Cultist","floor":11,"turns":3},{"damage":85,"enemies":"The Guardian","floor":16,"turns":17}],"seed_played":"1339280418807458110","potions_obtained":[{"floor":3,"key":"PowerPotion"},{"floor":11,"key":"GamblersBrew"}],"is_trial":false,"path_per_floor":["M","?","M","?","$","E","R","E","T","R","M","R","?","?","R","B"],"character_chosen":"THE_SILENT","items_purchased":["Catalyst"],"campfire_rested":2,"item_purchase_floors":[5],"current_hp_per_floor":[63,63,63,49,49,49,70,59,59,59,59,59,54,54,77,0],"gold":124,"neow_bonus":"THREE_ENEMY_KILL","is_prod":false,"is_daily":false,"chose_seed":false,"campfire_upgraded":2,"win_rate":0,"timestamp":1553978380,"path_taken":["M","?","M","?","?","E","R","E","T","R","?","R","?","?","R","BOSS"],"build_version":"2019-01-23","purchased_purges":1,"victory":false,"max_hp_per_floor":[70,70,70,70,70,70,70,70,70,70,70,70,77,77,77,77],"card_choices":[{"not_picked":["Reflex","Skewer"],"picked":"Sucker Punch","floor":1},{"not_picked":["Acrobatics","Underhanded Strike"],"picked":"Cloak And Dagger","floor":3},{"not_picked":["Acrobatics","Outmaneuver"],"picked":"Cloak And Dagger","floor":6},{"not_picked":["Sucker Punch","Poisoned Stab"],"picked":"Blade Dance","floor":8},{"not_picked":["Slice","Prepared","All Out Attack"],"picked":"SKIP","floor":11}],"player_experience":1582095,"relics_obtained":[{"floor":6,"key":"Vajra"},{"floor":8,"key":"Thread and Needle"},{"floor":9,"key":"Omamori"}],"event_choices":[{"cards_removed":["Strike_G"],"damage_healed":0,"gold_gain":0,"player_choice":"Forget","damage_taken":0,"max_hp_gain":0,"max_hp_loss":0,"event_name":"Living Wall","floor":2,"gold_loss":0},{"damage_healed":0,"gold_gain":0,"player_choice":"Entered Light","damage_taken":14,"max_hp_gain":0,"max_hp_loss":0,"event_name":"Shining Light","floor":4,"gold_loss":0,"cards_upgraded":["Defend_G","Cloak And Dagger"]},{"damage_healed":0,"gold_gain":0,"player_choice":"Success","damage_taken":12,"relics_obtained":["Strawberry"],"max_hp_gain":0,"max_hp_loss":0,"event_name":"Scrap Ooze","floor":13,"gold_loss":0},{"damage_healed":0,"gold_gain":0,"player_choice":"Box","damage_taken":0,"relics_obtained":["Juzu Bracelet"],"max_hp_gain":0,"max_hp_loss":0,"event_name":"Big Fish","floor":14,"gold_loss":0,"cards_obtained":["Regret"]}],"is_beta":false,"boss_relics":[],"items_purged_floors":[5],"is_endless":false,"potions_floor_spawned":[3,11],"killed_by":"The Guardian","ascension_level":10}