{"gold_per_floor":[116,2,16,29,41,67,80,109,109,136,153,153,166,230,230,328,328,339,42,55,55,68,100,100,135,190,190,205,221,221,249,249,354,354,372,44,54,71,171,199,199,233,233,233,246,246,258,36,36,36],"floor_reached":51,"playtime":4602,"items_purged":["Regret","Shame"],"score":1185,"play_id":"c2ab99aa-4336-404f-81b8-45cad0f17eb8","local_time":"20190414111533","is_ascension_mode":true,"campfire_choices":[{"floor":12,"key":"REST"},{"floor":15,"key":"REST"},{"floor":24,"key":"REST"},{"floor":27,"key":"REST"},{"floor":30,"key":"REST"},{"floor":32,"key":"REST"},{"floor":41,"key":"REST"},{"floor":44,"key":"REST"},{"floor":49,"key":"REST"}],"neow_cost":"CURSE","seed_source_timestamp":234307433837286,"circlet_count":0,"master_deck":["Defend_G","Defend_G","Defend_G","Defend_G","Defend_G","Strike_G","Strike_G","Strike_G+1","Strike_G+1","Strike_G","Survivor","Neutralize","Apotheosis","Good Instincts","Flechettes","Calculated Gamble","Footwork","Noxious Fumes","Dash","Corpse Explosion","Dodge and Roll","Deflect","Distraction","Backflip","Backflip","After Image","Acrobatics","After Image","PiercingWail","Caltrops","Blur","Dagger Spray","Flechettes","Cloak And Dagger+1","Sucker Punch+1","All Out Attack+1","Footwork","Flechettes+1","Infinite Blades","Deflect+1","Dash+1","Bouncing Flask","Choke+1","Accuracy+1","Envenom","Acrobatics","Caltrops","Crippling Poison","Blade Dance","Deflect","Choke+1","Calculated Gamble+1","Blade Dance","Blade Dance+1","Prepared+1","Finisher+1","Noxious Fumes","Cloak And Dagger","Deflect","Envenom"],"relics":["Ring of the Snake","Mango","Dream Catcher","Mummified Hand","Whetstone","Blue Candle","Black Star","Molten Egg 2","Happy Flower","Snake Skull","Smiling Mask","Pantograph","Strawberry","Mercury Hourglass","Juzu Bracelet","Philosopher\u0027s Stone","Oddly Smooth Stone","StoneCalendar","Bronze Scales","Turnip","Lantern","Centennial Puzzle","Pocketwatch"],"potions_floor_usage":[8,14,14,16,20,22,23,23,29,40,45,45,50,50,50],"damage_taken":[{"damage":13,"enemies":"Cultist","floor":1,"turns":6},{"damage":0,"enemies":"Jaw Worm","floor":3,"turns":3},{"damage":0,"enemies":"Small Slimes","floor":4,"turns":3},{"damage":0,"enemies":"3 Louse","floor":5,"turns":6},{"damage":15,"enemies":"3 Sentries","floor":6,"turns":9},{"damage":0,"enemies":"Large Slime","floor":7,"turns":7},{"damage":26,"enemies":"Gremlin Nob","floor":8,"turns":6},{"damage":8,"enemies":"Exordium Thugs","floor":11,"turns":5},{"damage":0,"enemies":"2 Fungi Beasts","floor":13,"turns":2},{"damage":29,"enemies":"Gremlin Nob","floor":14,"turns":4},{"damage":0,"enemies":"Slime Boss","floor":16,"turns":7},{"damage":7,"enemies":"Spheric Guardian","floor":18,"turns":9},{"damage":0,"enemies":"3 Byrds","floor":20,"turns":2},{"damage":10,"enemies":"Centurion and Healer","floor":22,"turns":7},{"damage":16,"enemies":"Gremlin Leader","floor":23,"turns":11},{"damage":5,"enemies":"Book of Stabbing","floor":25,"turns":7},{"damage":24,"enemies":"Snake Plant","floor":28,"turns":6},{"damage":0,"enemies":"Sentry and Sphere","floor":29,"turns":6},{"damage":46,"enemies":"Gremlin Leader","floor":31,"turns":6},{"damage":2,"enemies":"Champ","floor":33,"turns":12},{"damage":14,"enemies":"3 Darklings","floor":35,"turns":4},{"damage":0,"enemies":"3 Shapes","floor":37,"turns":4},{"damage":5,"enemies":"3 Darklings","floor":38,"turns":5},{"damage":0,"enemies":"Mind Bloom Boss Battle","floor":39,"turns":5},{"damage":42,"enemies":"Nemesis","floor":40,"turns":7},{"damage":22,"enemies":"Reptomancer","floor":42,"turns":6},{"damage":25,"enemies":"Writhing Mass","floor":45,"turns":4},{"damage":12,"enemies":"Jaw Worm Horde","floor":47,"turns":3},{"damage":64,"enemies":"Time Eater","floor":50,"turns":9}],"seed_played":"-6943399663402559222","potions_obtained":[{"floor":4,"key":"FearPotion"},{"floor":7,"key":"Weak Potion"},{"floor":8,"key":"SteroidPotion"},{"floor":13,"key":"Fire Potion"},{"floor":16,"key":"AttackPotion"},{"floor":20,"key":"Ancient Potion"},{"floor":22,"key":"Fire Potion"},{"floor":25,"key":"SneckoOil"},{"floor":28,"key":"Fruit Juice"},{"floor":29,"key":"SteroidPotion"},{"floor":35,"key":"Ancient Potion"},{"floor":39,"key":"Explosive Potion"},{"floor":42,"key":"Poison Potion"},{"floor":45,"key":"Fire Potion"}],"is_trial":false,"path_per_floor":["M","$","M","M","M","E","M","E","T","T","M","R","M","?","R","B",null,"M","$","M","?","M","E","R","E","T","R","M","M","R","E","R","B",null,"M","$","M","M","?","E","R","E","T","R","M","?","M","$","R","B",null],"character_chosen":"THE_SILENT","items_purchased":["Calculated Gamble","Caltrops","Blur","Fire Potion","Dagger Spray","Flechettes","Oddly Smooth Stone","Caltrops","Crippling Poison","Noxious Fumes","Cloak And Dagger","Deflect","Energy Potion"],"campfire_rested":9,"item_purchase_floors":[2,19,19,19,19,19,36,36,36,48,48,48,48],"current_hp_per_floor":[50,50,50,50,50,49,49,23,23,23,15,40,40,11,36,36,72,65,65,65,65,55,39,64,59,66,91,67,72,96,50,78,94,96,82,82,82,77,96,54,82,60,60,88,63,96,84,84,96,32],"gold":36,"neow_bonus":"RANDOM_COLORLESS_2","is_prod":false,"is_daily":false,"chose_seed":false,"campfire_upgraded":0,"win_rate":0,"timestamp":1555265733,"path_taken":["M","$","M","M","M","E","M","E","T","?","M","R","M","?","R","BOSS","M","$","M","?","M","E","R","E","T","R","M","M","R","E","R","BOSS","M","$","M","M","?","E","R","E","T","R","M","?","M","$","R","BOSS"],"build_version":"2019-01-23","purchased_purges":2,"victory":true,"max_hp_per_floor":[70,70,70,70,70,84,84,84,84,84,84,84,84,84,84,84,84,84,84,84,84,84,84,84,84,91,91,91,96,96,96,96,96,96,96,96,96,96,96,96,96,96,96,96,96,96,96,96,96,96],"card_choices":[{"not_picked":["Deflect","Slice"],"picked":"Flechettes","floor":1},{"not_picked":["Prepared","Deflect"],"picked":"Footwork","floor":3},{"not_picked":["Sucker Punch","Prepared"],"picked":"Noxious Fumes","floor":4},{"not_picked":["Dodge and Roll","Underhanded Strike"],"picked":"Dash","floor":5},{"not_picked":["Underhanded Strike","Crippling Poison"],"picked":"Corpse Explosion","floor":6},{"not_picked":["Distraction","Underhanded Strike"],"picked":"Dodge and Roll","floor":7},{"not_picked":["Poisoned Stab","Outmaneuver"],"picked":"Deflect","floor":8},{"not_picked":["Underhanded Strike","Dagger Throw"],"picked":"Distraction","floor":11},{"not_picked":["Accuracy","Quick Slash"],"picked":"Backflip","floor":12},{"not_picked":["Dodge and Roll","Underhanded Strike"],"picked":"Backflip","floor":13},{"not_picked":["Bane","Slice"],"picked":"After Image","floor":14},{"not_picked":["Finisher","Tactician"],"picked":"Acrobatics","floor":15},{"not_picked":["Grand Finale","Doppelganger"],"picked":"After Image","floor":16},{"not_picked":["Outmaneuver","Acrobatics+1"],"picked":"PiercingWail","floor":18},{"not_picked":["Escape Plan","Dagger Throw"],"picked":"Cloak And Dagger+1","floor":20},{"not_picked":["Underhanded Strike+1","Concentrate"],"picked":"Sucker Punch+1","floor":22},{"not_picked":["Blade Dance+1","Riddle With Holes+1"],"picked":"All Out Attack+1","floor":23},{"not_picked":["Skewer+1","Sucker Punch+1"],"picked":"Footwork","floor":24},{"not_picked":["Blade Dance","Underhanded Strike+1"],"picked":"Flechettes+1","floor":25},{"not_picked":["Burst","Dagger Throw+1"],"picked":"Infinite Blades","floor":27},{"not_picked":["Dagger Spray+1","Quick Slash+1"],"picked":"Deflect+1","floor":28},{"not_picked":["Underhanded Strike+1","Accuracy"],"picked":"Dash+1","floor":29},{"not_picked":["Underhanded Strike+1","Wraith Form v2"],"picked":"Bouncing Flask","floor":30},{"not_picked":["Deadly Poison","Underhanded Strike+1"],"picked":"Choke+1","floor":31},{"not_picked":["Acrobatics","Bane+1"],"picked":"Accuracy+1","floor":32},{"not_picked":["A Thousand Cuts","Doppelganger"],"picked":"Envenom","floor":33},{"not_picked":["Masterful Stab+1","Underhanded Strike+1"],"picked":"Acrobatics","floor":35},{"not_picked":["Prepared","Riddle With Holes+1"],"picked":"Blade Dance","floor":37},{"not_picked":["Underhanded Strike+1","Acrobatics"],"picked":"Deflect","floor":38},{"not_picked":["Sucker Punch+1","Dagger Spray+1"],"picked":"Choke+1","floor":39},{"not_picked":["All Out Attack+1","Outmaneuver+1"],"picked":"Calculated Gamble+1","floor":40},{"not_picked":["Underhanded Strike+1","Quick Slash+1"],"picked":"Blade Dance","floor":41},{"not_picked":["Choke+1","Bullet Time"],"picked":"Blade Dance+1","floor":42},{"not_picked":["Deadly Poison","Quick Slash+1"],"picked":"Prepared+1","floor":44},{"not_picked":["Dagger Throw+1","Outmaneuver+1","Slice+1"],"picked":"SKIP","floor":45},{"not_picked":["Bane+1","Dagger Throw+1"],"picked":"Finisher+1","floor":47},{"not_picked":["Finisher+1","Quick Slash+1"],"picked":"Envenom","floor":49}],"player_experience":1358100,"relics_obtained":[{"floor":6,"key":"Mango"},{"floor":8,"key":"Dream Catcher"},{"floor":9,"key":"Mummified Hand"},{"floor":10,"key":"Whetstone"},{"floor":14,"key":"Blue Candle"},{"floor":23,"key":"Happy Flower"},{"floor":23,"key":"Snake Skull"},{"floor":25,"key":"Smiling Mask"},{"floor":25,"key":"Pantograph"},{"floor":26,"key":"Strawberry"},{"floor":31,"key":"Mercury Hourglass"},{"floor":31,"key":"Juzu Bracelet"},{"floor":39,"key":"StoneCalendar"},{"floor":40,"key":"Bronze Scales"},{"floor":40,"key":"Turnip"},{"floor":42,"key":"Lantern"},{"floor":42,"key":"Centennial Puzzle"},{"floor":43,"key":"Pocketwatch"}],"event_choices":[{"damage_healed":0,"gold_gain":0,"player_choice":"Searched \u00272\u0027 times","damage_taken":0,"max_hp_gain":0,"max_hp_loss":0,"event_name":"Dead Adventurer","floor":14,"gold_loss":0},{"damage_healed":0,"gold_gain":0,"player_choice":"Stole Relic","damage_taken":0,"relics_obtained":["Molten Egg 2"],"max_hp_gain":0,"max_hp_loss":0,"event_name":"Addict","floor":21,"gold_loss":0,"cards_obtained":["Shame"]},{"damage_healed":0,"gold_gain":0,"player_choice":"Fight","damage_taken":0,"max_hp_gain":0,"max_hp_loss":0,"event_name":"MindBloom","floor":39,"gold_loss":0},{"damage_healed":33,"gold_gain":0,"player_choice":"Full Heal","damage_taken":0,"max_hp_gain":0,"max_hp_loss":0,"event_name":"Wheel of Change","floor":46,"gold_loss":0}],"is_beta":false,"boss_relics":[{"not_picked":["Calling Bell","HoveringKite"],"picked":"Black Star"},{"not_picked":["Lizard Tail","Eternal Feather"],"picked":"Philosopher\u0027s Stone"}],"items_purged_floors":[2,36],"is_endless":false,"potions_floor_spawned":[4,7,8,13,16,20,22,25,28,29,35,39,42,45],"ascension_level":7}