{"gold_per_floor":[119,394,394,412,428,428,461,461,461,461,493,458,469,9,9,9],"floor_reached":16,"playtime":659,"items_purged":["Regret"],"score":135,"play_id":"1d4fa2c4-1ed6-429a-8772-f91bd738caaf","local_time":"20181029214635","is_ascension_mode":true,"campfire_choices":[{"data":"Dual Wield","floor":6,"key":"SMITH"},{"floor":10,"key":"REST"},{"floor":15,"key":"REST"}],"neow_cost":"NONE","seed_source_timestamp":1917432570100,"circlet_count":0,"master_deck":["Strike_R","Strike_R","Strike_R","Strike_R","Strike_R","Defend_R","Defend_R","Defend_R","Defend_R","Bash","Inflame","Regret","Anger","Dual Wield+1","Rage","Shrug It Off","Second Wind","Fiend Fire","Corruption"],"relics":["Burning Blood","Charon\u0027s Ashes","Mummified Hand","Bottled Lightning","Letter Opener","Orichalcum"],"potions_floor_usage":[1,4,7,7,16,16],"damage_taken":[{"damage":2,"enemies":"Jaw Worm","floor":1,"turns":4},{"damage":15,"enemies":"Cultist","floor":4,"turns":4},{"damage":3,"enemies":"2 Louse","floor":5,"turns":2},{"damage":42,"enemies":"3 Sentries","floor":7,"turns":7},{"damage":69,"enemies":"Gremlin Nob","floor":11,"turns":6},{"damage":13,"enemies":"2 Fungi Beasts","floor":13,"turns":4},{"damage":51,"enemies":"The Guardian","floor":16,"turns":7}],"seed_played":"4094871004817571575","potions_obtained":[{"floor":0,"key":"Regen Potion"},{"floor":0,"key":"Block Potion"},{"floor":0,"key":"SkillPotion"},{"floor":1,"key":"Swift Potion"},{"floor":11,"key":"PowerPotion"},{"floor":13,"key":"LiquidBronze"}],"is_trial":false,"path_per_floor":["M","?","?","M","M","R","E","?","T","R","E","?","M","$","R"],"character_chosen":"IRONCLAD","items_purchased":["Fiend Fire","Orichalcum","Corruption"],"campfire_rested":2,"item_purchase_floors":[14,14,14],"current_hp_per_floor":[80,80,80,71,74,74,50,50,50,74,11,31,24,24,48,0],"gold":9,"neow_bonus":"THREE_SMALL_POTIONS","is_prod":false,"is_daily":false,"chose_seed":false,"campfire_upgraded":1,"win_rate":0,"timestamp":1540845995,"path_taken":["M","?","?","M","M","R","E","?","T","R","E","?","M","$","R","BOSS"],"build_version":"2018-10-25v2","purchased_purges":1,"victory":false,"max_hp_per_floor":[80,80,80,80,80,80,80,80,80,80,80,80,80,80,80,80],"card_choices":[{"not_picked":["Burning Pact","Shockwave"],"picked":"Inflame","floor":1},{"not_picked":["Heavy Blade","Intimidate"],"picked":"Anger","floor":4},{"not_picked":["Headbutt","Perfected Strike"],"picked":"Dual Wield","floor":5},{"not_picked":["Brutality","Whirlwind"],"picked":"Rage","floor":7},{"not_picked":["Rampage","Rage"],"picked":"Shrug It Off","floor":11},{"not_picked":["Reckless Charge","Flex"],"picked":"Second Wind","floor":13}],"player_experience":803119,"relics_obtained":[{"floor":7,"key":"Mummified Hand"},{"floor":9,"key":"Bottled Lightning"},{"floor":11,"key":"Letter Opener"}],"event_choices":[{"damage_healed":0,"gold_gain":275,"player_choice":"Desecrate","damage_taken":0,"max_hp_gain":0,"max_hp_loss":0,"event_name":"Golden Shrine","floor":2,"gold_loss":0,"cards_obtained":["Regret"]},{"damage_healed":0,"gold_gain":0,"player_choice":"Box","damage_taken":0,"relics_obtained":["Charon\u0027s Ashes"],"max_hp_gain":0,"max_hp_loss":0,"event_name":"Big Fish","floor":3,"gold_loss":0,"cards_obtained":["Regret"]},{"damage_healed":0,"gold_gain":0,"player_choice":"Ignored","damage_taken":0,"max_hp_gain":0,"max_hp_loss":0,"event_name":"WeMeetAgain","floor":8,"gold_loss":0},{"damage_healed":20,"gold_gain":0,"player_choice":"Healed","damage_taken":0,"max_hp_gain":0,"max_hp_loss":0,"event_name":"The Cleric","floor":12,"gold_loss":35}],"is_beta":false,"boss_relics":[],"items_purged_floors":[14],"is_endless":false,"potions_floor_spawned":[1,11,13],"killed_by":"The Guardian","ascension_level":5}