{"gold_per_floor":[112,112,124,124,143,143,17,44,95,95,106,126,157,173,173,246,246,262,74,74,24,24,24,53,53,121,121,146,158,186,202,202,276,276,287,306,178,178,400,400,431,443,443,443,473,485,511,526,526,526,526,526,526,2,33,33],"floor_reached":56,"playtime":9059,"items_purged":["Strike_B","Strike_B","Strike_B+1","Strike_B+1","Self Repair+1"],"score":1916,"play_id":"0528c3d0-8cbe-4e8f-ba99-5d8aecda245a","local_time":"20190501133732","is_ascension_mode":true,"campfire_choices":[{"floor":6.0,"key":"REST"},{"floor":10.0,"key":"REST"},{"data":"Hologram","floor":15.0,"key":"SMITH"},{"floor":23.0,"key":"REST"},{"floor":25.0,"key":"REST"},{"floor":27.0,"key":"RECALL"},{"floor":32.0,"key":"REST"},{"floor":40.0,"key":"REST"},{"floor":49.0,"key":"REST"},{"floor":53.0,"key":"REST"}],"neow_cost":"PERCENT_DAMAGE","seed_source_timestamp":0,"circlet_count":0,"master_deck":["AscendersBane","Defend_B+1","Defend_B+1","Defend_B+1","Defend_B+1","Zap","Dualcast","Ball Lightning+1","Cold Snap","Ball Lightning+1","Capacitor+1","Glacier","Capacitor+1","Hologram+1","Core Surge","Blizzard","Coolheaded","Self Repair+1","Echo Form+1","Barrage+1","White Noise","Cold Snap+1","Buffer+1","Self Repair+1","Storm+1","Defragment+1","Defragment+1","Amplify","Defragment+1"],"special_seed":0,"relics":["Cracked Core","Frozen Egg 2","Happy Flower","Smiling Mask","Mercury Hourglass","Fusion Hammer","Blood Vial","Blue Candle","Red Mask","Mummified Hand","Sozu","Symbiotic Virus","PreservedInsect","Letter Opener","ClockworkSouvenir","Whetstone","Bag of Preparation"],"potions_floor_usage":[],"damage_taken":[{"damage":2.0,"enemies":"Cultist","floor":1.0,"turns":4.0},{"damage":3.0,"enemies":"2 Louse","floor":3.0,"turns":2.0},{"damage":12.0,"enemies":"Jaw Worm","floor":5.0,"turns":2.0},{"damage":23.0,"enemies":"Gremlin Nob","floor":8.0,"turns":4.0},{"damage":15.0,"enemies":"Exordium Thugs","floor":11.0,"turns":3.0},{"damage":0.0,"enemies":"Large Slime","floor":12.0,"turns":5.0},{"damage":13.0,"enemies":"3 Sentries","floor":13.0,"turns":6.0},{"damage":1.0,"enemies":"2 Fungi Beasts","floor":14.0,"turns":2.0},{"damage":1.0,"enemies":"The Guardian","floor":16.0,"turns":9.0},{"damage":15.0,"enemies":"3 Byrds","floor":18.0,"turns":4.0},{"damage":33.0,"enemies":"Book of Stabbing","floor":24.0,"turns":6.0},{"damage":8.0,"enemies":"Masked Bandits","floor":28.0,"turns":3.0},{"damage":18.0,"enemies":"Chosen","floor":29.0,"turns":5.0},{"damage":53.0,"enemies":"Gremlin Leader","floor":30.0,"turns":7.0},{"damage":1.0,"enemies":"Snecko","floor":31.0,"turns":5.0},{"damage":31.0,"enemies":"Automaton","floor":33.0,"turns":9.0},{"damage":0.0,"enemies":"3 Shapes","floor":35.0,"turns":5.0},{"damage":29.0,"enemies":"3 Darklings","floor":36.0,"turns":6.0},{"damage":59.0,"enemies":"Reptomancer","floor":41.0,"turns":6.0},{"damage":14.0,"enemies":"Maw","floor":42.0,"turns":8.0},{"damage":16.0,"enemies":"Nemesis","floor":45.0,"turns":5.0},{"damage":0.0,"enemies":"Spire Growth","floor":46.0,"turns":4.0},{"damage":20.0,"enemies":"Reptomancer","floor":47.0,"turns":7.0},{"damage":25.0,"enemies":"Writhing Mass","floor":48.0,"turns":4.0},{"damage":57.0,"enemies":"Donu and Deca","floor":50.0,"turns":8.0},{"damage":63.0,"enemies":"Time Eater","floor":51.0,"turns":7.0},{"damage":69.0,"enemies":"Shield and Spear","floor":55.0,"turns":4.0},{"damage":27,"enemies":"The Heart","floor":56,"turns":6}],"seed_played":"-7213803919980833397","potions_obtained":[{"floor":1.0,"key":"SneckoOil"},{"floor":5.0,"key":"FocusPotion"},{"floor":11.0,"key":"GamblersBrew"},{"floor":13.0,"key":"Block Potion"},{"floor":24.0,"key":"Swift Potion"},{"floor":28.0,"key":"FairyPotion"},{"floor":29.0,"key":"AttackPotion"}],"is_trial":false,"path_per_floor":["M","T","M","?","M","R","$","E","T","R","M","M","E","M","R","B",null,"M","$","?","$","?","R","E","R","T","R","?","M","E","M","R","B",null,"M","M","$","?","?","R","E","M","T","?","E","M","E","M","R","B","B",null,"R","$","E","B"],"character_chosen":"DEFECT","items_purchased":["Ball Lightning","Coolheaded","Self Repair+1","Storm+1","Defragment+1","ClockworkSouvenir","Whetstone"],"campfire_rested":8,"item_purchase_floors":[7,19,19,37,54,54,54],"current_hp_per_floor":[58,58,55,29,17,42,42,19,19,44,29,29,16,15,15,14,67,52,52,52,52,52,77,44,69,69,69,73,67,26,37,62,43,75,85,76,76,76,76,81,52,70,70,70,81,81,81,81,81,54,48,73,81,81,22,0],"gold":33,"neow_bonus":"TWENTY_PERCENT_HP_BONUS","is_prod":false,"is_daily":false,"chose_seed":false,"campfire_upgraded":1,"win_rate":0,"timestamp":1556732252,"path_taken":["M","?","M","?","M","R","?","E","T","R","M","?","E","M","R","BOSS","M","$","?","$","?","R","E","R","T","R","?","M","E","M","R","BOSS","M","M","$","?","?","R","E","M","T","?","E","M","E","M","R","BOSS","BOSS","R","$","E","BOSS"],"build_version":"2019-01-23","purchased_purges":5,"victory":false,"max_hp_per_floor":[85,85,85,85,85,85,85,85,85,85,85,85,85,85,85,85,85,85,85,85,85,85,85,85,85,85,85,85,85,85,85,85,85,85,85,85,85,81,81,81,81,81,81,81,81,81,81,81,81,81,81,81,81,81,81,81],"card_choices":[{"not_picked":["Rip and Tear","Steam","Auto Shields"],"picked":"SKIP","floor":1.0},{"not_picked":["Redo","Beam Cell"],"picked":"Ball Lightning","floor":3.0},{"not_picked":["Auto Shields","Compile Driver"],"picked":"Cold Snap","floor":5.0},{"not_picked":["Fusion","Recycle"],"picked":"Capacitor+1","floor":8.0},{"not_picked":["Sweeping Beam","Hologram"],"picked":"Glacier","floor":11.0},{"not_picked":["Barrage","Ball Lightning"],"picked":"Capacitor+1","floor":12.0},{"not_picked":["Fission","Capacitor+1"],"picked":"Hologram","floor":13.0},{"not_picked":["Turbo","Lockon"],"picked":"Hologram","floor":14.0},{"not_picked":["Fission","Thunder Strike"],"picked":"Core Surge","floor":16.0},{"not_picked":["Beam Cell","Force Field"],"picked":"Blizzard","floor":18.0},{"not_picked":["Gash+1","Steam Power"],"picked":"Echo Form+1","floor":24.0},{"not_picked":["Sweeping Beam","Redo"],"picked":"Barrage","floor":28.0},{"not_picked":["Aggregate","Rip and Tear","Barrage"],"picked":"SKIP","floor":29.0},{"not_picked":["BootSequence","White Noise","FTL"],"picked":"SKIP","floor":30.0},{"not_picked":["BootSequence","FTL"],"picked":"White Noise","floor":30.0},{"not_picked":["Rebound","Stack"],"picked":"Cold Snap+1","floor":31.0},{"not_picked":["Core Surge","Echo Form+1"],"picked":"Buffer+1","floor":33.0},{"not_picked":["Cold Snap","Chill"],"picked":"Self Repair+1","floor":35.0},{"not_picked":["Cold Snap","Streamline+1","Self Repair+1"],"picked":"SKIP","floor":36.0},{"not_picked":["Cold Snap","Streamline+1"],"picked":"Self Repair+1","floor":36.0},{"not_picked":["Scrape","Streamline","Redo"],"picked":"SKIP","floor":41.0},{"not_picked":["Ball Lightning","Rebound","Steam+1"],"picked":"SKIP","floor":42.0},{"not_picked":["BootSequence","Cold Snap"],"picked":"Defragment+1","floor":45.0},{"not_picked":["Rebound","Hologram","Gash+1"],"picked":"SKIP","floor":46.0},{"not_picked":["Ball Lightning","Sweeping Beam+1"],"picked":"Defragment+1","floor":47.0},{"not_picked":["Beam Cell+1","Redo"],"picked":"Amplify","floor":48.0},{"not_picked":["Self Repair+1","Steam","Blizzard"],"picked":"SKIP","floor":55.0}],"player_experience":786733,"relics_obtained":[{"floor":2.0,"key":"Frozen Egg 2"},{"floor":8.0,"key":"Happy Flower"},{"floor":9.0,"key":"Smiling Mask"},{"floor":13.0,"key":"Mercury Hourglass"},{"floor":24.0,"key":"Blood Vial"},{"floor":26.0,"key":"Blue Candle"},{"floor":28.0,"key":"Red Mask"},{"floor":30.0,"key":"Mummified Hand"},{"floor":41.0,"key":"Symbiotic Virus"},{"floor":45.0,"key":"PreservedInsect"},{"floor":47.0,"key":"Letter Opener"},{"floor":55.0,"key":"Bag of Preparation"}],"event_choices":[{"damage_healed":0.0,"max_hp_gain":0.0,"max_hp_loss":0.0,"gold_gain":0.0,"event_name":"Shining Light","player_choice":"Entered Light","floor":4.0,"gold_loss":0.0,"damage_taken":26.0,"cards_upgraded":["Ball Lightning","Strike_B"]},{"damage_healed":0.0,"max_hp_gain":0.0,"max_hp_loss":0.0,"gold_gain":0.0,"event_name":"Back to Basics","player_choice":"Simplicity","floor":20.0,"gold_loss":0.0,"damage_taken":0.0,"cards_upgraded":["Strike_B","Defend_B","Defend_B","Defend_B","Defend_B"]},{"damage_healed":0.0,"max_hp_gain":0.0,"max_hp_loss":0.0,"gold_gain":0.0,"event_name":"Beggar","player_choice":"Ignored","floor":22.0,"gold_loss":0.0,"damage_taken":0.0},{"damage_healed":0.0,"max_hp_gain":0.0,"max_hp_loss":0.0,"gold_gain":0.0,"event_name":"Masked Bandits","player_choice":"Fought Bandits","floor":28.0,"gold_loss":0.0,"damage_taken":0.0},{"damage_healed":0.0,"max_hp_gain":0.0,"max_hp_loss":4.0,"gold_gain":0.0,"event_name":"Winding Halls","player_choice":"Max HP","floor":38.0,"gold_loss":0.0,"damage_taken":0.0},{"damage_healed":0.0,"max_hp_gain":0.0,"max_hp_loss":0.0,"gold_gain":222.0,"event_name":"Tomb of Lord Red Mask","player_choice":"Wore Mask","floor":39.0,"gold_loss":0.0,"damage_taken":0.0},{"cards_removed":["Hologram"],"damage_healed":0.0,"max_hp_gain":0.0,"max_hp_loss":0.0,"gold_gain":0.0,"event_name":"Falling","player_choice":"Removed Skill","floor":44.0,"gold_loss":0.0,"damage_taken":0.0}],"is_beta":false,"boss_relics":[{"not_picked":["Eternal Feather","White Beast Statue"],"picked":"Fusion Hammer"},{"not_picked":["Velvet Choker","Philosopher\u0027s Stone"],"picked":"Sozu"}],"items_purged_floors":[7,19,21,37,54],"is_endless":false,"potions_floor_spawned":[1,5,11,13,14,24,28,29,41,42,48],"killed_by":"The Heart","ascension_level":20}