{"gold_per_floor":[118,293,308,320,320,320,330,349,399,427,442,462,462,462,462,559,559,579,81,94,94,94,94],"floor_reached":23,"playtime":903,"items_purged":["Doubt"],"score":305,"play_id":"cf32abd7-5ad5-4426-976c-d9319c8183b5","local_time":"20190112165153","is_ascension_mode":true,"campfire_choices":[{"data":"Bash","floor":6,"key":"SMITH"},{"floor":15,"key":"REST"}],"neow_cost":"NONE","seed_source_timestamp":223717046945500,"circlet_count":0,"master_deck":["Strike_R+1","Strike_R+1","Strike_R+1","Strike_R+1","Strike_R+1","Defend_R+1","Defend_R+1","Defend_R+1","Defend_R+1","Bash+1","Disarm","Flex","Perfected Strike","Rampage","Disarm","Thunderclap","Inflame","Limit Break"],"relics":["Black Blood","Blood Vial","Dodecahedron","Pen Nib","Membership Card","Pear","Unceasing Top","Smiling Mask"],"potions_floor_usage":[4,8,10,16,20],"damage_taken":[{"damage":15,"enemies":"Small Slimes","floor":1,"turns":5},{"damage":12,"enemies":"Jaw Worm","floor":3,"turns":7},{"damage":12,"enemies":"Cultist","floor":4,"turns":5},{"damage":10,"enemies":"Blue Slaver","floor":7,"turns":4},{"damage":10,"enemies":"2 Fungi Beasts","floor":8,"turns":4},{"damage":24,"enemies":"Gremlin Nob","floor":10,"turns":4},{"damage":19,"enemies":"Large Slime","floor":11,"turns":8},{"damage":13,"enemies":"Blue Slaver","floor":12,"turns":4},{"damage":43,"enemies":"Slime Boss","floor":16,"turns":11},{"damage":45,"enemies":"Shell Parasite","floor":18,"turns":7},{"damage":47,"enemies":"Spheric Guardian","floor":20,"turns":6},{"damage":26,"enemies":"Gremlin Leader","floor":23,"turns":4}],"seed_played":"-2791443359170231758","potions_obtained":[{"floor":1,"key":"Energy Potion"},{"floor":3,"key":"FearPotion"},{"floor":7,"key":"Swift Potion"},{"floor":12,"key":"FearPotion"},{"floor":16,"key":"Fruit Juice"}],"is_trial":false,"path_per_floor":["M","?","M","M","?","R","M","M","T","E","M","M","?","?","R","B",null,"M","$","M","?","?","E"],"character_chosen":"IRONCLAD","items_purchased":["Membership Card","Pear","Unceasing Top"],"campfire_rested":1,"item_purchase_floors":[19,19,19],"current_hp_per_floor":[71,71,65,59,88,88,84,80,80,64,53,48,30,30,56,21,71,38,48,18,18,18,0],"gold":94,"neow_bonus":"TEN_PERCENT_HP_BONUS","is_prod":false,"is_daily":false,"chose_seed":false,"campfire_upgraded":1,"win_rate":0,"timestamp":1547308313,"path_taken":["M","?","M","M","?","R","?","M","T","E","M","M","?","?","R","BOSS","M","$","M","?","?","E"],"build_version":"2019-01-10","purchased_purges":1,"victory":false,"max_hp_per_floor":[88,88,88,88,88,88,88,88,88,88,88,88,88,88,88,88,88,88,98,103,103,103,103],"card_choices":[{"not_picked":["Clash","Perfected Strike"],"picked":"Disarm","floor":1},{"not_picked":["Sword Boomerang","Searing Blow"],"picked":"Flex","floor":3},{"not_picked":["Corruption","Shrug It Off"],"picked":"Perfected Strike","floor":4},{"not_picked":["Berserk","Clash"],"picked":"Rampage","floor":7},{"not_picked":["Headbutt","Anger","Havoc"],"picked":"SKIP","floor":8},{"not_picked":["Juggernaut","Armaments"],"picked":"Disarm","floor":10},{"not_picked":["Fire Breathing","Anger"],"picked":"Thunderclap","floor":11},{"not_picked":["Anger","Flex"],"picked":"Inflame","floor":12},{"not_picked":["Brutality","Offering"],"picked":"Limit Break","floor":16},{"not_picked":["Thunderclap","Combust","Corruption"],"picked":"SKIP","floor":18},{"not_picked":["Warcry","Intimidate","Burning Pact+1"],"picked":"SKIP","floor":20}],"player_experience":1103310,"relics_obtained":[{"floor":9,"key":"Blood Vial"},{"floor":10,"key":"Dodecahedron"}],"event_choices":[{"damage_healed":0,"gold_gain":175,"player_choice":"AGREE","damage_taken":0,"max_hp_gain":0,"max_hp_loss":0,"event_name":"Liars Game","floor":2,"gold_loss":0,"cards_obtained":["Doubt"]},{"damage_healed":29,"gold_gain":0,"player_choice":"Full Heal","damage_taken":0,"max_hp_gain":0,"max_hp_loss":0,"event_name":"Wheel of Change","floor":5,"gold_loss":0},{"damage_healed":0,"gold_gain":0,"player_choice":"Success","damage_taken":18,"relics_obtained":["Pen Nib"],"max_hp_gain":0,"max_hp_loss":0,"event_name":"Scrap Ooze","floor":13,"gold_loss":0},{"damage_healed":0,"gold_gain":0,"player_choice":"Ignored","damage_taken":0,"max_hp_gain":0,"max_hp_loss":0,"event_name":"Shining Light","floor":14,"gold_loss":0},{"damage_healed":0,"gold_gain":0,"player_choice":"Opened","damage_taken":0,"relics_obtained":["Smiling Mask"],"max_hp_gain":0,"max_hp_loss":0,"event_name":"The Mausoleum","floor":21,"gold_loss":0},{"damage_healed":0,"gold_gain":0,"player_choice":"Simplicity","damage_taken":0,"max_hp_gain":0,"max_hp_loss":0,"event_name":"Back to Basics","floor":22,"gold_loss":0,"cards_upgraded":["Strike_R","Strike_R","Strike_R","Strike_R","Strike_R","Defend_R","Defend_R","Defend_R","Defend_R"]}],"is_beta":false,"boss_relics":[{"not_picked":["Busted Crown","Coffee Dripper"],"picked":"Black Blood"}],"items_purged_floors":[19],"is_endless":false,"potions_floor_spawned":[1,3,7,12,16],"killed_by":"Gremlin Leader","ascension_level":9}