{"gold_per_floor":[18,29,29,42,42,68,85,85,112,187,18,18,30,41,41,145,145,165,94,104,19,19,19,30,30,30,46,46,46],"floor_reached":29,"playtime":1283,"items_purged":["Strike_G"],"score":363,"play_id":"ea9cc1b2-cd0c-4076-a6e1-a8a9855f273b","local_time":"20190225174423","is_ascension_mode":true,"campfire_choices":[{"floor":8,"key":"REST"},{"data":"Footwork","floor":12,"key":"SMITH"},{"floor":15,"key":"REST"},{"floor":23,"key":"REST"},{"floor":25,"key":"REST"}],"neow_cost":"NO_GOLD","seed_source_timestamp":73562478010400,"circlet_count":0,"master_deck":["AscendersBane","Defend_G","Defend_G","Defend_G","Defend_G","Defend_G","Strike_G","Strike_G","Strike_G","Survivor","Neutralize","Blade Dance","Cloak And Dagger","Corpse Explosion","Blade Dance","Footwork+1","Blade Dance","Cloak And Dagger","Dagger Throw","Venomology","Catalyst","Corpse Explosion","Dash","Bane","Distraction+1","Catalyst","Accuracy","Finisher"],"relics":["Ring of the Snake","Dream Catcher","Smiling Mask","Orrery","Boot","Pear"],"potions_floor_usage":[6,6,13,16,18,20,24,27,27],"damage_taken":[{"damage":1,"enemies":"Small Slimes","floor":1,"turns":4},{"damage":5,"enemies":"Jaw Worm","floor":2,"turns":5},{"damage":1,"enemies":"Cultist","floor":4,"turns":3},{"damage":5,"enemies":"3 Sentries","floor":6,"turns":7},{"damage":6,"enemies":"3 Louse","floor":7,"turns":5},{"damage":0,"enemies":"2 Fungi Beasts","floor":13,"turns":2},{"damage":19,"enemies":"Exordium Thugs","floor":14,"turns":5},{"damage":51,"enemies":"Hexaghost","floor":16,"turns":10},{"damage":32,"enemies":"2 Thieves","floor":18,"turns":4},{"damage":4,"enemies":"Shell Parasite","floor":20,"turns":6},{"damage":67,"enemies":"Sentry and Sphere","floor":24,"turns":12},{"damage":36,"enemies":"Snake Plant","floor":27,"turns":6},{"damage":13,"enemies":"Book of Stabbing","floor":29,"turns":2}],"seed_played":"4934157274036527392","potions_obtained":[{"floor":1,"key":"Energy Potion"},{"floor":2,"key":"PowerPotion"},{"floor":4,"key":"Fire Potion"},{"floor":14,"key":"PowerPotion"},{"floor":16,"key":"FairyPotion"},{"floor":18,"key":"Fire Potion"}],"is_trial":false,"path_per_floor":["M","M","?","M","?","E","M","R","T","?","$","R","M","M","R","B",null,"M","$","M","?","?","R","M","R","T","M","?","E"],"character_chosen":"THE_SILENT","items_purchased":["Footwork","Blade Dance","Catalyst"],"campfire_rested":4,"item_purchase_floors":[11,11,19],"current_hp_per_floor":[76,71,76,75,75,70,64,89,89,78,78,78,78,59,85,34,75,43,43,39,39,39,65,7,33,43,7,7,0],"gold":46,"neow_bonus":"TWENTY_PERCENT_HP_BONUS","is_prod":false,"is_daily":false,"chose_seed":false,"campfire_upgraded":1,"win_rate":0,"timestamp":1551113063,"path_taken":["M","M","?","M","?","E","M","R","T","?","?","R","?","M","R","BOSS","M","$","M","?","?","R","M","R","T","M","?","E"],"build_version":"2019-01-23","purchased_purges":1,"victory":false,"max_hp_per_floor":[84,84,89,89,89,89,89,89,89,89,89,89,89,89,89,89,89,89,89,89,89,89,89,89,89,99,99,99,99],"card_choices":[{"not_picked":["Leg Sweep","PiercingWail","Distraction"],"picked":"SKIP","floor":1},{"not_picked":["Outmaneuver","Quick Slash"],"picked":"Blade Dance","floor":2},{"not_picked":["Escape Plan","Terror"],"picked":"Cloak And Dagger","floor":4},{"not_picked":["Deadly Poison","Tactician"],"picked":"Corpse Explosion","floor":6},{"not_picked":["Outmaneuver","Terror","Heel Hook"],"picked":"SKIP","floor":7},{"not_picked":["Bane","Well Laid Plans"],"picked":"Blade Dance","floor":8},{"not_picked":["Flying Knee","Dagger Spray"],"picked":"Cloak And Dagger","floor":13},{"not_picked":["Dagger Spray","Underhanded Strike"],"picked":"Dagger Throw","floor":14},{"not_picked":["Malaise","Corpse Explosion"],"picked":"Venomology","floor":16},{"not_picked":["Backflip","Dagger Throw"],"picked":"Catalyst","floor":17},{"not_picked":["Poisoned Stab","Quick Slash"],"picked":"Corpse Explosion","floor":17},{"not_picked":["Dodge and Roll","Dagger Spray"],"picked":"Dash","floor":17},{"not_picked":["Prepared","Deflect"],"picked":"Bane","floor":17},{"not_picked":["Underhanded Strike","Bane"],"picked":"Distraction+1","floor":18},{"not_picked":["PiercingWail","Well Laid Plans","Outmaneuver"],"picked":"SKIP","floor":20},{"not_picked":["Dagger Spray+1","Dodge and Roll"],"picked":"Accuracy","floor":23},{"not_picked":["Riddle With Holes","Underhanded Strike","Concentrate"],"picked":"SKIP","floor":24},{"not_picked":["Poisoned Stab","Deadly Poison+1"],"picked":"Finisher","floor":25},{"not_picked":["Leg Sweep+1","PiercingWail","Deadly Poison+1"],"picked":"SKIP","floor":27}],"player_experience":1434772,"relics_obtained":[{"floor":6,"key":"Dream Catcher"},{"floor":9,"key":"Smiling Mask"},{"floor":26,"key":"Pear"}],"event_choices":[{"damage_healed":0,"gold_gain":0,"player_choice":"Donut","damage_taken":0,"max_hp_gain":5,"max_hp_loss":0,"event_name":"Big Fish","floor":3,"gold_loss":0},{"cards_removed":["Strike_G"],"damage_healed":0,"gold_gain":0,"player_choice":"Forget","damage_taken":0,"max_hp_gain":0,"max_hp_loss":0,"event_name":"Living Wall","floor":5,"gold_loss":0},{"damage_healed":0,"gold_gain":75,"player_choice":"Gather Gold","damage_taken":11,"max_hp_gain":0,"max_hp_loss":0,"event_name":"World of Goop","floor":10,"gold_loss":0},{"damage_healed":0,"gold_gain":0,"player_choice":"Obtained Relic","damage_taken":0,"relics_obtained":["Boot"],"max_hp_gain":0,"max_hp_loss":0,"event_name":"Addict","floor":21,"gold_loss":85},{"damage_healed":0,"gold_gain":0,"player_choice":"Smashed Altar","damage_taken":0,"max_hp_gain":0,"max_hp_loss":0,"event_name":"Forgotten Altar","floor":22,"gold_loss":0,"cards_obtained":["Decay"]},{"cards_removed":["Decay"],"damage_healed":0,"gold_gain":0,"player_choice":"Removed Curses","damage_taken":0,"max_hp_gain":0,"max_hp_loss":0,"event_name":"Fountain of Cleansing","floor":28,"gold_loss":0}],"is_beta":false,"boss_relics":[{"not_picked":["Runic Dome","Coffee Dripper"],"picked":"Orrery"}],"items_purged_floors":[11],"is_endless":false,"potions_floor_spawned":[1,2,4,14,16,18],"killed_by":"Book of Stabbing","ascension_level":10}