{"gold_per_floor":[111,111,111,131,149,174,174,2,28,28,39,54,83,101,101,101],"floor_reached":16,"playtime":651,"items_purged":[],"score":168,"play_id":"ab5640d0-724b-4b0e-87dd-efd33c7f6277","local_time":"20190223015609","is_ascension_mode":true,"campfire_choices":[{"floor":7,"key":"REST"},{"data":"Combust","floor":10,"key":"SMITH"},{"floor":15,"key":"REST"}],"neow_cost":"NONE","seed_source_timestamp":490495852173600,"circlet_count":0,"master_deck":["AscendersBane","Strike_R","Strike_R","Strike_R","Strike_R","Defend_R","Defend_R","Defend_R","Defend_R","Bash","Perfected Strike","Perfected Strike","Combust+1","Headbutt","Flex","Cleave","True Grit","Perfected Strike","Feed","Shrug It Off"],"relics":["Burning Blood","Centennial Puzzle","Magic Flower","Juzu Bracelet","Bag of Preparation","The Courier"],"potions_floor_usage":[13,13,16],"damage_taken":[{"damage":14,"enemies":"Jaw Worm","floor":1,"turns":4},{"damage":1,"enemies":"Cultist","floor":4,"turns":3},{"damage":1,"enemies":"2 Louse","floor":5,"turns":2},{"damage":35,"enemies":"3 Sentries","floor":6,"turns":6},{"damage":2,"enemies":"2 Fungi Beasts","floor":11,"turns":2},{"damage":8,"enemies":"Blue Slaver","floor":12,"turns":2},{"damage":44,"enemies":"Lagavulin","floor":13,"turns":6},{"damage":22,"enemies":"Gremlin Gang","floor":14,"turns":5},{"damage":58,"enemies":"The Guardian","floor":16,"turns":11}],"seed_played":"825156345006117562","potions_obtained":[{"floor":1,"key":"Fire Potion"},{"floor":6,"key":"GamblersBrew"},{"floor":11,"key":"SpeedPotion"},{"floor":12,"key":"GamblersBrew"}],"is_trial":false,"path_per_floor":["M","?","?","M","M","E","R","$","T","R","M","M","E","M","R","B"],"character_chosen":"IRONCLAD","items_purchased":["Juzu Bracelet","Cleave"],"campfire_rested":2,"item_purchase_floors":[8,8],"current_hp_per_floor":[64,64,64,69,74,45,69,69,69,69,76,77,42,34,58,0],"gold":101,"neow_bonus":"TRANSFORM_CARD","is_prod":false,"is_daily":false,"chose_seed":false,"campfire_upgraded":1,"win_rate":0,"timestamp":1550883369,"path_taken":["M","?","?","?","M","E","R","?","T","R","M","M","E","M","R","BOSS"],"build_version":"2019-01-23","purchased_purges":0,"victory":false,"max_hp_per_floor":[80,80,80,80,80,80,80,80,80,80,80,80,80,83,83,83],"card_choices":[{"not_picked":["Clothesline","True Grit"],"picked":"Perfected Strike","floor":1},{"not_picked":["Carnage","Iron Wave"],"picked":"Combust","floor":4},{"not_picked":["Dropkick","Iron Wave"],"picked":"Headbutt","floor":5},{"not_picked":["Hemokinesis","Brutality"],"picked":"Flex","floor":6},{"not_picked":["Iron Wave","Clothesline"],"picked":"True Grit","floor":11},{"not_picked":["Body Slam","Rampage"],"picked":"Perfected Strike","floor":12},{"not_picked":["Infernal Blade","Seeing Red"],"picked":"Feed","floor":13},{"not_picked":["Seeing Red","Sword Boomerang"],"picked":"Shrug It Off","floor":14}],"player_experience":1410680,"relics_obtained":[{"floor":6,"key":"Magic Flower"},{"floor":9,"key":"Bag of Preparation"},{"floor":13,"key":"The Courier"}],"event_choices":[{"damage_healed":0,"gold_gain":0,"player_choice":"Ignored","damage_taken":0,"max_hp_gain":0,"max_hp_loss":0,"event_name":"Golden Wing","floor":2,"gold_loss":0},{"damage_healed":0,"gold_gain":0,"player_choice":"Gave Potion","damage_taken":0,"relics_obtained":["Centennial Puzzle"],"max_hp_gain":0,"max_hp_loss":0,"event_name":"WeMeetAgain","floor":3,"gold_loss":0}],"is_beta":false,"boss_relics":[],"items_purged_floors":[],"is_endless":false,"potions_floor_spawned":[1,6,11,12],"killed_by":"The Guardian","ascension_level":10}