{"gold_per_floor":[216,14,29,29,29,29,29,64,88,116,116,128,141,141,141,237,237,249,249,265,283,297,297],"floor_reached":23,"playtime":3122,"items_purged":[],"score":266,"play_id":"10ce69da-9a87-4f46-8d94-2f7d24751984","local_time":"20181008200225","is_ascension_mode":true,"campfire_choices":[{"data":"Shrug It Off","floor":6,"key":"SMITH"},{"floor":11,"key":"REST"},{"data":"Armaments","floor":15,"key":"SMITH"}],"neow_cost":"NONE","seed_source_timestamp":24998321349000,"circlet_count":0,"master_deck":["Strike_R","Strike_R","Defend_R","Defend_R","Defend_R","Bash","Thunderclap","Magnetism+1","Shrug It Off+1","Double Tap","Armaments+1","Body Slam","Feed","Ghostly Armor+1","Pommel Strike+1","Feed+1","Cleave","True Grit","Searing Blow"],"relics":["Burning Blood","Paper Frog","Anchor","The Courier","Astrolabe","Blood Vial"],"potions_floor_usage":[8,16,21,23],"damage_taken":[{"damage":1,"enemies":"2 Louse","floor":1,"turns":3},{"damage":19,"enemies":"Jaw Worm","floor":3,"turns":5},{"damage":31,"enemies":"3 Sentries","floor":8,"turns":10},{"damage":24,"enemies":"Lagavulin","floor":10,"turns":9},{"damage":1,"enemies":"Cultist","floor":12,"turns":4},{"damage":0,"enemies":"Looter","floor":13,"turns":4},{"damage":45,"enemies":"The Guardian","floor":16,"turns":12},{"damage":15,"enemies":"Spheric Guardian","floor":18,"turns":6},{"damage":11,"enemies":"Shell Parasite","floor":20,"turns":9},{"damage":0,"enemies":"Centurion and Healer","floor":21,"turns":7},{"damage":49,"enemies":"Shelled Parasite and Fungi","floor":22,"turns":13},{"damage":74,"enemies":"Slavers","floor":23,"turns":4}],"seed_played":"5756697445854204639","potions_obtained":[{"floor":3,"key":"AttackPotion"},{"floor":12,"key":"EssenceOfSteel"},{"floor":13,"key":"GamblersBrew"},{"floor":16,"key":"Dexterity Potion"},{"floor":20,"key":"LiquidBronze"}],"is_trial":false,"path_per_floor":["M","$","M","?","$","R","?","E","T","E","R","M","M","?","R","B",null,"M","?","M","M","M"],"character_chosen":"IRONCLAD","items_purchased":["Magnetism"],"campfire_rested":1,"item_purchase_floors":[2],"current_hp_per_floor":[80,80,67,67,67,67,72,47,47,29,54,59,65,58,58,19,85,80,80,81,93,52,0],"gold":297,"neow_bonus":"HUNDRED_GOLD","is_prod":false,"is_daily":false,"chose_seed":false,"campfire_upgraded":2,"win_rate":0,"timestamp":1539021745,"path_taken":["M","$","M","?","?","R","?","E","T","E","R","?","M","?","R","BOSS","M","?","?","M","M","E"],"build_version":"2018-10-04v2","purchased_purges":0,"victory":false,"max_hp_per_floor":[80,80,80,80,80,80,85,85,85,85,85,85,85,85,85,85,85,89,89,93,97,97,97],"card_choices":[{"not_picked":["Searing Blow","Intimidate"],"picked":"Thunderclap","floor":1},{"not_picked":["Havoc","Body Slam"],"picked":"Shrug It Off","floor":3},{"not_picked":["Reckless Charge","Clash"],"picked":"Double Tap","floor":8},{"not_picked":["Iron Wave","Exhume","Twin Strike"],"picked":"SKIP","floor":10},{"not_picked":["Carnage","Pommel Strike"],"picked":"Armaments","floor":12},{"not_picked":["Armaments","Wild Strike"],"picked":"Body Slam","floor":13},{"not_picked":["Limit Break","Brutality"],"picked":"Feed","floor":16},{"not_picked":["Twin Strike","Pommel Strike","Perfected Strike"],"picked":"SKIP","floor":18},{"not_picked":["Heavy Blade+1","Searing Blow+1"],"picked":"Cleave","floor":20},{"not_picked":["Rage","Pummel+1"],"picked":"True Grit","floor":21},{"not_picked":["Armaments+1","True Grit+1"],"picked":"Searing Blow","floor":22}],"player_experience":587095,"relics_obtained":[{"floor":8,"key":"Paper Frog"},{"floor":9,"key":"Anchor"},{"floor":10,"key":"The Courier"}],"event_choices":[{"event_name":"Living Wall","player_choice":"Grow","floor":4,"damage_taken":0},{"event_name":"Big Fish","player_choice":"Donut","floor":7,"damage_taken":0},{"event_name":"Golden Wing","player_choice":"Card Removal","floor":14,"damage_taken":0},{"event_name":"The Mausoleum","player_choice":"Yes","floor":19,"damage_taken":0}],"is_beta":false,"boss_relics":[{"not_picked":["Cursed Key","Eternal Feather"],"picked":"Astrolabe"}],"items_purged_floors":[],"is_endless":false,"potions_floor_spawned":[3,12,13,16,20],"killed_by":"Slavers","ascension_level":4}