{"gold_per_floor":[111,131,25,25,25,25,25,2,26,64,92,120,162,174],"floor_reached":14,"playtime":538,"items_purged":[],"score":157,"play_id":"b24feecd-4842-4164-838d-1799e6219cbe","local_time":"20181124202402","is_ascension_mode":true,"campfire_choices":[{"floor":6,"key":"REST"}],"neow_cost":"CURSE","seed_source_timestamp":873114447321800,"circlet_count":0,"master_deck":["Strike_R","Strike_R","Strike_R","Strike_R+1","Strike_R","Defend_R","Defend_R","Defend_R","Defend_R","Bash+1","Doubt","Feel No Pain","Combust","Dual Wield","Evolve","Shrug It Off","Rage","Combust","Demon Form","Pommel Strike"],"relics":["Burning Blood","Paper Frog","MawBank","Pear","Pen Nib"],"potions_floor_usage":[10,13],"damage_taken":[{"damage":38,"enemies":"Jaw Worm","floor":1,"turns":7},{"damage":2,"enemies":"2 Louse","floor":2,"turns":3},{"damage":19,"enemies":"Gremlin Nob","floor":10,"turns":4},{"damage":7,"enemies":"Cultist","floor":11,"turns":5},{"damage":41,"enemies":"Exordium Thugs","floor":12,"turns":6},{"damage":20,"enemies":"3 Sentries","floor":13,"turns":7},{"damage":18,"enemies":"Blue Slaver","floor":14,"turns":6}],"seed_played":"-8296697322056514979","potions_obtained":[{"floor":2,"key":"Block Potion"},{"floor":12,"key":"SkillPotion"}],"is_trial":false,"path_per_floor":["M","M","$","?","$","R","?","$","T","E","M","M","E","M"],"character_chosen":"IRONCLAD","items_purchased":["Dual Wield","Evolve","Shrug It Off"],"campfire_rested":1,"item_purchase_floors":[3,3,8],"current_hp_per_floor":[56,60,60,57,57,85,66,66,66,63,62,27,13,0],"gold":174,"neow_bonus":"TWENTY_PERCENT_HP_BONUS","is_prod":false,"is_daily":false,"chose_seed":false,"campfire_upgraded":0,"win_rate":0,"timestamp":1543087442,"path_taken":["M","M","$","?","$","R","?","$","T","E","?","M","E","M"],"build_version":"2018-11-15","purchased_purges":0,"victory":false,"max_hp_per_floor":[96,96,96,96,96,96,96,96,96,106,106,106,106,106],"card_choices":[{"not_picked":["Havoc","Thunderclap"],"picked":"Feel No Pain","floor":1},{"not_picked":["Wild Strike","Sword Boomerang"],"picked":"Combust","floor":2},{"not_picked":["Seeing Red","Carnage"],"picked":"Rage","floor":10},{"not_picked":["Armaments","Perfected Strike"],"picked":"Combust","floor":11},{"not_picked":["Sword Boomerang","Iron Wave"],"picked":"Demon Form","floor":12},{"not_picked":["Body Slam","Warcry"],"picked":"Pommel Strike","floor":13}],"player_experience":1029962,"relics_obtained":[{"floor":9,"key":"MawBank"},{"floor":10,"key":"Pear"},{"floor":13,"key":"Pen Nib"}],"event_choices":[{"damage_healed":0,"gold_gain":0,"player_choice":"Success","damage_taken":3,"relics_obtained":["Paper Frog"],"max_hp_gain":0,"max_hp_loss":0,"event_name":"Scrap Ooze","floor":4,"gold_loss":0},{"damage_healed":0,"gold_gain":0,"player_choice":"Entered Light","damage_taken":19,"max_hp_gain":0,"max_hp_loss":0,"event_name":"Shining Light","floor":7,"gold_loss":0,"cards_upgraded":["Bash","Strike_R"]}],"is_beta":false,"boss_relics":[],"items_purged_floors":[],"is_endless":false,"potions_floor_spawned":[2,12],"killed_by":"Blue Slaver","ascension_level":7}