{"gold_per_floor":[118,10,30,42,59,90,90,90,113,288,288,288,303,260,260,260],"floor_reached":16,"playtime":536,"items_purged":[],"score":150,"play_id":"b688e29b-76ea-4908-85c0-c0af8e7756ca","local_time":"20190224140304","is_ascension_mode":true,"campfire_choices":[{"floor":7,"key":"REST"},{"floor":11,"key":"REST"},{"data":"Accuracy","floor":15,"key":"SMITH"}],"neow_cost":"NONE","seed_source_timestamp":53173907699400,"circlet_count":0,"master_deck":["AscendersBane","Defend_G+1","Defend_G","Defend_G","Defend_G","Defend_G","Strike_G","Strike_G","Strike_G","Strike_G","Strike_G+1","Survivor","Neutralize","Underhanded Strike","Accuracy+1","Backstab","Infinite Blades","Wraith Form v2","Cloak And Dagger","Malaise","Doubt","Blur"],"relics":["Ring of the Snake","NeowsBlessing","Mummified Hand","Gambling Chip","Orichalcum"],"potions_floor_usage":[6,16,16],"damage_taken":[{"damage":0,"enemies":"Cultist","floor":1,"turns":1},{"damage":0,"enemies":"Jaw Worm","floor":3,"turns":1},{"damage":0,"enemies":"Small Slimes","floor":4,"turns":1},{"damage":7,"enemies":"Blue Slaver","floor":5,"turns":5},{"damage":29,"enemies":"Lagavulin","floor":6,"turns":9},{"damage":0,"enemies":"Looter","floor":13,"turns":3},{"damage":60,"enemies":"Hexaghost","floor":16,"turns":14}],"seed_played":"-4225516798239759193","potions_obtained":[{"floor":1,"key":"PowerPotion"},{"floor":3,"key":"SpeedPotion"},{"floor":5,"key":"Explosive Potion"}],"is_trial":false,"path_per_floor":["M","$","M","M","M","E","R","T","T","?","R","?","M","?","R","B"],"character_chosen":"THE_SILENT","items_purchased":["Accuracy","Backstab"],"campfire_rested":2,"item_purchase_floors":[2,2],"current_hp_per_floor":[63,63,63,63,56,27,48,48,48,48,69,55,55,55,55,0],"gold":260,"neow_bonus":"THREE_ENEMY_KILL","is_prod":false,"is_daily":false,"chose_seed":false,"campfire_upgraded":1,"win_rate":0,"timestamp":1551013384,"path_taken":["M","$","M","M","?","E","R","?","T","?","R","?","M","?","R","BOSS"],"build_version":"2019-01-23","purchased_purges":0,"victory":false,"max_hp_per_floor":[70,70,70,70,70,70,70,70,70,70,70,70,70,70,70,70],"card_choices":[{"not_picked":["Eviscerate","Sucker Punch"],"picked":"Underhanded Strike","floor":1},{"not_picked":["Deadly Poison","Blade Dance"],"picked":"Infinite Blades","floor":3},{"not_picked":["Quick Slash","Outmaneuver"],"picked":"Wraith Form v2","floor":4},{"not_picked":["Tactician","Finisher"],"picked":"Cloak And Dagger","floor":5},{"not_picked":["Underhanded Strike","Deflect"],"picked":"Malaise","floor":6},{"not_picked":["Reflex","PiercingWail"],"picked":"Blur","floor":13}],"player_experience":1423445,"relics_obtained":[{"floor":6,"key":"Mummified Hand"},{"floor":8,"key":"Gambling Chip"},{"floor":9,"key":"Orichalcum"}],"event_choices":[{"damage_healed":0,"gold_gain":175,"player_choice":"AGREE","damage_taken":0,"max_hp_gain":0,"max_hp_loss":0,"event_name":"Liars Game","floor":10,"gold_loss":0,"cards_obtained":["Doubt"]},{"damage_healed":0,"gold_gain":0,"player_choice":"Entered Light","damage_taken":14,"max_hp_gain":0,"max_hp_loss":0,"event_name":"Shining Light","floor":12,"gold_loss":0,"cards_upgraded":["Strike_G","Defend_G"]},{"damage_healed":0,"gold_gain":0,"player_choice":"Left Gold","damage_taken":0,"max_hp_gain":0,"max_hp_loss":0,"event_name":"World of Goop","floor":14,"gold_loss":43}],"is_beta":false,"boss_relics":[],"items_purged_floors":[],"is_endless":false,"potions_floor_spawned":[1,3,5],"killed_by":"Hexaghost","ascension_level":10}