{"path_per_floor":["M","?","M","?","M","R","?","M","T","?","R","?","R","M","R","B",null,"M","M","$","?","M","R","M","$","T","$","R","M","?"],"character_chosen":"THE_SILENT","items_purchased":["Footwork","Sucker Punch","Backflip","Footwork","Cloak And Dagger","Escape Plan"],"gold_per_floor":[119,69,81,81,94,94,94,110,134,309,309,309,309,320,320,423,423,439,458,287,287,300,300,314,288,588,405,405,416,416],"floor_reached":31,"campfire_rested":3,"playtime":1462,"current_hp_per_floor":[70,70,70,70,68,68,54,51,58,58,58,63,63,56,80,28,82,69,55,55,46,33,57,37,37,37,37,61,9,9],"items_purged":["Doubt"],"gold":416,"score":270,"play_id":"b0cfcbea-ab1a-415d-a20b-3adfad904038","local_time":"20180313214058","is_prod":false,"is_daily":false,"is_ascension_mode":true,"campfire_upgraded":3,"timestamp":1521002458,"path_taken":["M","?","M","?","?","R","?","M","T","?","R","?","R","M","R","BOSS","M","M","$","?","M","R","M","$","T","$","R","M","?","M"],"build_version":"2018-03-09","purchased_purges":1,"victory":false,"master_deck":["Survivor+1","Neutralize+1","Flying Knee+1","Terror","Accuracy+1","Blade Dance+1","Tactician","Bouncing Flask","Flying Knee","Flying Knee","Calculated Gamble","Blade Dance","PiercingWail","Backflip","Heel Hook","Acrobatics","Cloak And Dagger","Footwork","Sucker Punch","Setup+1","Cloak And Dagger+1","Backflip","Footwork","Cloak And Dagger","Escape Plan","Dagger Spray+1","Writhe"],"max_hp_per_floor":[70,70,70,70,70,70,70,70,77,77,77,82,82,82,82,82,82,82,82,82,82,82,82,82,82,82,82,82,82,82],"relics":["Ring of the Snake","Strawberry","Pandora\u0027s Box","Old Coin","Gremlin Horn"],"card_choices":[{"not_picked":["Endless Agony","Underhanded Strike"],"picked":"Flying Knee"},{"not_picked":["Flying Knee","Deflect"],"picked":"Terror"},{"not_picked":["Well Laid Plans","Underhanded Strike"],"picked":"Accuracy"},{"not_picked":["Outmaneuver","Backstab"],"picked":"Blade Dance"},{"not_picked":["Doppelganger","Grand Finale"],"picked":"Tactician"},{"not_picked":["PiercingWail","Dodge and Roll"],"picked":"Acrobatics"},{"not_picked":["PiercingWail","Acrobatics"],"picked":"Cloak And Dagger"},{"not_picked":["Outmaneuver","Underhanded Strike"],"picked":"Setup"},{"not_picked":["Acrobatics","Quick Slash"],"picked":"Cloak And Dagger"},{"not_picked":["Deadly Poison","Poisoned Stab"],"picked":"Dagger Spray"}],"player_experience":175742,"potions_floor_usage":[],"damage_taken":[{"damage":0,"enemies":"2 Louse","floor":1,"turns":3},{"damage":0,"enemies":"Jaw Worm","floor":3,"turns":5},{"damage":2,"enemies":"Small Slimes","floor":5,"turns":6},{"damage":3,"enemies":"Gremlin Gang","floor":8,"turns":7},{"damage":7,"enemies":"3 Louse","floor":14,"turns":3},{"damage":52,"enemies":"Slime Boss","floor":16,"turns":14},{"damage":13,"enemies":"Spheric Guardian","floor":18,"turns":4},{"damage":14,"enemies":"3 Byrds","floor":19,"turns":5},{"damage":13,"enemies":"Centurion and Healer","floor":22,"turns":5},{"damage":20,"enemies":"Snecko","floor":24,"turns":5},{"damage":52,"enemies":"Chosen and Byrds","floor":29,"turns":7},{"damage":10,"enemies":"3 Cultists","floor":31,"turns":3}],"event_choices":[{"event_name":"The Cleric","player_choice":"Card Removal","floor":2,"damage_taken":0},{"event_name":"Living Wall","player_choice":"Grow","floor":4,"damage_taken":0},{"event_name":"Shining Light","player_choice":"Entered Light","floor":7,"damage_taken":0},{"event_name":"Liars Game","player_choice":"agreed","floor":10,"damage_taken":0},{"event_name":"Big Fish","player_choice":"Donut","floor":12,"damage_taken":0},{"event_name":"Cursed Tome","player_choice":"Stopped","floor":21,"damage_taken":0},{"event_name":"The Mausoleum","player_choice":"Yes","floor":30,"damage_taken":0}],"boss_relics":[{"not_picked":["Snecko Eye","Eternal Feather"],"picked":"Pandora\u0027s Box"}],"potions_floor_spawned":[1,19,29],"seed_played":"-3887140964424323096","killed_by":"3 Cultists","ascension_level":4,"is_trial":false}