{"gold_per_floor":[111,131,131,17,34,34,50,50,95,95,108,73,73,22,22,117,117,131,148,1,1,14,14,49,61,61,76,93,93,93,105,105,207,207,217,8,8,0,0,0,35,55,55,55,55,5,5,5,5,5],"floor_reached":51,"playtime":2966,"items_purged":["Decay","Pain"],"score":841,"play_id":"14a62cbe-baf1-457f-b8d4-25ca1588a951","local_time":"20190122105931","is_ascension_mode":true,"campfire_choices":[{"data":"Storm","floor":6,"key":"SMITH"},{"data":"Self Repair","floor":8,"key":"SMITH"},{"data":"Turbo","floor":10,"key":"SMITH"},{"data":"Go for the Eyes","floor":15,"key":"SMITH"},{"data":"Electrodynamics","floor":23,"key":"SMITH"},{"data":"Defragment","floor":30,"key":"SMITH"},{"data":"Loop","floor":32,"key":"SMITH"},{"data":"Defragment","floor":40,"key":"SMITH"},{"data":"Defragment","floor":45,"key":"SMITH"},{"floor":49,"key":"RECALL"}],"neow_cost":"PERCENT_DAMAGE","seed_source_timestamp":1095655697582669,"circlet_count":0,"master_deck":["Strike_B+1","Strike_B+1","Strike_B+1","Strike_B+1","Defend_B+1","Defend_B+1","Defend_B+1","Defend_B+1","Zap+1","Dualcast+1","Force Field+1","Storm+1","Self Repair+1","Force Field+1","Conserve Battery+1","Turbo+1","Go for the Eyes+1","Sweeping Beam+1","Electrodynamics+1","Self Repair+1","Loop+1","Undo+1","Rebound+1","Heatsinks+1","Ball Lightning+1","Machine Learning+1","Defragment+1","Echo Form+1","FTL+1","Defragment+1","Flash of Steel+1","Sweeping Beam+1","Defragment+1","Mayhem+1","Swift Strike+1","Finesse+1"],"relics":["Cracked Core","Orichalcum","Thread and Needle","Cursed Key","Smiling Mask","Pantograph","Sozu","Red Mask","Juzu Bracelet","Sundial","Mark of the Bloom"],"potions_floor_usage":[16,16,18,24,24,33,35,41],"damage_taken":[{"damage":4,"enemies":"Small Slimes","floor":1,"turns":4},{"damage":0,"enemies":"2 Louse","floor":2,"turns":3},{"damage":11,"enemies":"Jaw Worm","floor":5,"turns":4},{"damage":4,"enemies":"Blue Slaver","floor":7,"turns":5},{"damage":24,"enemies":"Large Slime","floor":11,"turns":8},{"damage":47,"enemies":"Slime Boss","floor":16,"turns":14},{"damage":0,"enemies":"Spheric Guardian","floor":18,"turns":4},{"damage":2,"enemies":"3 Byrds","floor":19,"turns":2},{"damage":35,"enemies":"Shelled Parasite and Fungi","floor":22,"turns":7},{"damage":24,"enemies":"Slavers","floor":24,"turns":3},{"damage":4,"enemies":"Centurion and Healer","floor":25,"turns":6},{"damage":20,"enemies":"Snecko","floor":27,"turns":6},{"damage":0,"enemies":"Cultist and Chosen","floor":28,"turns":4},{"damage":7,"enemies":"Shelled Parasite and Fungi","floor":31,"turns":3},{"damage":62,"enemies":"Automaton","floor":33,"turns":9},{"damage":1,"enemies":"3 Shapes","floor":35,"turns":4},{"damage":18,"enemies":"Giant Head","floor":41,"turns":8},{"damage":0,"enemies":"Orb Walker","floor":42,"turns":3},{"damage":45,"enemies":"Donu and Deca","floor":50,"turns":5}],"seed_played":"3962188590393496220","potions_obtained":[{"floor":1,"key":"LiquidBronze"},{"floor":11,"key":"LiquidBronze"},{"floor":16,"key":"Dexterity Potion"},{"floor":18,"key":"Fruit Juice"},{"floor":22,"key":"AttackPotion"},{"floor":24,"key":"FearPotion"},{"floor":31,"key":"Explosive Potion"},{"floor":33,"key":"SpeedPotion"}],"is_trial":false,"path_per_floor":["M","M","?","$","M","R","M","R","T","R","M","?","T","$","R","B",null,"M","M","$","?","M","R","E","M","T","M","M","?","R","M","R","B",null,"M","$","?","?","?","R","E","M","T","?","R","$","?","?","R","B",null],"character_chosen":"DEFECT","items_purchased":["Self Repair","Force Field","Sweeping Beam","Loop","Undo","Defragment","Flash of Steel"],"campfire_rested":0,"item_purchase_floors":[4,4,14,20,20,36,36],"current_hp_per_floor":[64,64,64,64,60,60,63,63,63,63,49,71,71,71,71,34,75,90,88,88,88,73,73,59,75,75,75,94,94,94,94,94,52,84,94,94,89,89,89,89,89,89,89,89,89,89,79,79,79,34],"gold":5,"neow_bonus":"TWENTY_PERCENT_HP_BONUS","is_prod":false,"is_daily":false,"chose_seed":false,"campfire_upgraded":9,"win_rate":0,"timestamp":1548183571,"path_taken":["M","M","?","$","M","R","M","R","T","R","M","?","?","?","R","BOSS","M","M","$","?","M","R","E","M","T","M","M","?","R","?","R","BOSS","M","$","?","?","?","R","E","M","T","?","R","$","?","?","R","BOSS"],"build_version":"2019-01-17v2","purchased_purges":2,"victory":true,"max_hp_per_floor":[89,89,89,89,89,89,89,89,89,89,89,89,89,89,89,89,89,94,94,94,94,94,94,94,94,94,94,94,94,94,94,94,94,94,94,94,89,89,89,89,89,89,89,89,89,89,89,89,89,89],"card_choices":[{"not_picked":["Rebound","Cold Snap"],"picked":"Force Field","floor":1},{"not_picked":["Cold Snap","Double Energy"],"picked":"Storm","floor":2},{"not_picked":["Turbo","Streamline"],"picked":"Conserve Battery","floor":5},{"not_picked":["Stack","Go for the Eyes"],"picked":"Turbo","floor":7},{"not_picked":["Defragment","Barrage"],"picked":"Go for the Eyes","floor":11},{"not_picked":["Multi-Cast","Meteor Strike"],"picked":"Electrodynamics","floor":16},{"not_picked":["Ball Lightning","Stack+1"],"picked":"Self Repair+1","floor":18},{"not_picked":["Rebound","Barrage"],"picked":"Leap","floor":19},{"not_picked":["Glacier+1","Compile Driver"],"picked":"Rebound+1","floor":22},{"not_picked":["Turbo","Beam Cell"],"picked":"Heatsinks","floor":24},{"not_picked":["Rebound","Hologram"],"picked":"Ball Lightning","floor":25},{"not_picked":["Rebound+1","Redo"],"picked":"Machine Learning","floor":27},{"not_picked":["Glacier","Go for the Eyes"],"picked":"Defragment","floor":28},{"not_picked":["Gash+1","Go for the Eyes","Cold Snap"],"picked":"SKIP","floor":31},{"not_picked":["Meteor Strike","Reboot"],"picked":"Echo Form","floor":33},{"not_picked":["Ball Lightning","Redo+1"],"picked":"FTL","floor":35},{"not_picked":["Gash","Darkness"],"picked":"Sweeping Beam+1","floor":41},{"not_picked":["Steam+1","Cold Snap+1"],"picked":"Defragment","floor":42},{"not_picked":["Thinking Ahead","Chrysalis"],"picked":"Mayhem","floor":47},{"not_picked":["Thinking Ahead","Master of Strategy"],"picked":"Swift Strike","floor":47},{"not_picked":["Swift Strike","Good Instincts"],"picked":"Finesse","floor":47}],"player_experience":600416,"relics_obtained":[{"floor":9,"key":"Orichalcum"},{"floor":13,"key":"Thread and Needle"},{"floor":24,"key":"Smiling Mask"},{"floor":26,"key":"Pantograph"},{"floor":41,"key":"Juzu Bracelet"},{"floor":43,"key":"Sundial"}],"event_choices":[{"damage_healed":0,"gold_gain":0,"player_choice":"Ignored","damage_taken":0,"max_hp_gain":0,"max_hp_loss":0,"event_name":"Golden Wing","floor":3,"gold_loss":0},{"damage_healed":22,"gold_gain":0,"player_choice":"Healed","damage_taken":0,"max_hp_gain":0,"max_hp_loss":0,"event_name":"The Cleric","floor":12,"gold_loss":35},{"damage_healed":0,"gold_gain":0,"player_choice":"Ignored","damage_taken":0,"max_hp_gain":0,"max_hp_loss":0,"event_name":"Beggar","floor":21,"gold_loss":0},{"damage_healed":0,"gold_gain":0,"player_choice":"Forge","damage_taken":0,"max_hp_gain":0,"max_hp_loss":0,"event_name":"Accursed Blacksmith","floor":29,"gold_loss":0,"cards_upgraded":["Machine Learning"]},{"damage_healed":0,"gold_gain":0,"player_choice":"Max HP","damage_taken":0,"max_hp_gain":0,"max_hp_loss":5,"event_name":"Winding Halls","floor":37,"gold_loss":0},{"damage_healed":0,"gold_gain":0,"player_choice":"Paid","damage_taken":0,"relics_obtained":["Red Mask"],"max_hp_gain":0,"max_hp_loss":0,"event_name":"Tomb of Lord Red Mask","floor":38,"gold_loss":8},{"damage_healed":0,"gold_gain":0,"player_choice":"Ignored","damage_taken":0,"max_hp_gain":0,"max_hp_loss":0,"event_name":"Mysterious Sphere","floor":39,"gold_loss":0},{"cards_removed":["Leap"],"damage_healed":0,"gold_gain":0,"player_choice":"Removed Skill","damage_taken":0,"max_hp_gain":0,"max_hp_loss":0,"event_name":"Falling","floor":44,"gold_loss":0},{"damage_healed":0,"gold_gain":0,"player_choice":"Memory 3","damage_taken":10,"max_hp_gain":0,"max_hp_loss":0,"event_name":"SensoryStone","floor":47,"gold_loss":0},{"damage_healed":0,"gold_gain":0,"player_choice":"Upgrade","damage_taken":0,"relics_obtained":["Mark of the Bloom"],"max_hp_gain":0,"max_hp_loss":0,"event_name":"MindBloom","floor":48,"gold_loss":0,"cards_upgraded":["Strike_B","Strike_B","Strike_B","Strike_B","Defend_B","Defend_B","Defend_B","Defend_B","Zap","Dualcast","Force Field","Force Field","Conserve Battery","Sweeping Beam","Undo","Heatsinks","Ball Lightning","Echo Form","FTL","Flash of Steel","Mayhem","Swift Strike","Finesse"]}],"is_beta":false,"boss_relics":[{"not_picked":["Snecko Eye","Fusion Hammer"],"picked":"Cursed Key"},{"not_picked":["Velvet Choker","Philosopher\u0027s Stone"],"picked":"Sozu"}],"items_purged_floors":[36,46],"is_endless":false,"potions_floor_spawned":[1,11,16,18,22,24,31,33,35],"ascension_level":5}