{"gold_per_floor":[144,144,144,189,234,324,324,369,369,369,20,65,110,155,155,455,455,500,545,545],"floor_reached":20,"playtime":2025,"items_purged":["Bash"],"score":178,"play_id":"588aec01-d067-4b50-b8f7-31b39cb92c86","local_time":"20190104192116","daily_mods":["Chimera","Uncertain Future","Midas"],"is_ascension_mode":false,"campfire_choices":[{"floor":7,"key":"REST"},{"floor":10,"key":"REST"},{"floor":15,"key":"REST"}],"neow_cost":"","seed_source_timestamp":0,"circlet_count":0,"master_deck":["Survivor","Zap","Strike_R+1","Strike_B","Defend_R","Defend_G","Defend_B+1","Outmaneuver","Finisher","Acrobatics","Underhanded Strike","Wraith Form v2+1","Panache+1","Choke","Prepared","Underhanded Strike","Blade Dance","Envenom+1","Underhanded Strike","Accuracy+1"],"special_seed":17901,"relics":["Ring of the Snake","Frozen Egg 2","Letter Opener","White Beast Statue"],"potions_floor_usage":[5,8,8,13,18,20],"damage_taken":[{"damage":1,"enemies":"Cultist","floor":1,"turns":4},{"damage":0,"enemies":"Small Slimes","floor":4,"turns":5},{"damage":0,"enemies":"Jaw Worm","floor":5,"turns":3},{"damage":31,"enemies":"Lagavulin","floor":6,"turns":8},{"damage":1,"enemies":"Exordium Wildlife","floor":8,"turns":3},{"damage":8,"enemies":"2 Fungi Beasts","floor":12,"turns":4},{"damage":0,"enemies":"Large Slime","floor":13,"turns":4},{"damage":0,"enemies":"Blue Slaver","floor":14,"turns":2},{"damage":59,"enemies":"The Guardian","floor":16,"turns":7},{"damage":34,"enemies":"Spheric Guardian","floor":18,"turns":6},{"damage":16,"enemies":"Shell Parasite","floor":19,"turns":6},{"damage":30,"enemies":"Snecko","floor":20,"turns":6}],"seed_played":"4277757570811761034","potions_obtained":[{"floor":4,"key":"Block Potion"},{"floor":5,"key":"Swift Potion"},{"floor":6,"key":"Energy Potion"},{"floor":8,"key":"AttackPotion"},{"floor":16,"key":"Regen Potion"},{"floor":18,"key":"SpeedPotion"},{"floor":19,"key":"EssenceOfSteel"}],"is_trial":false,"path_per_floor":["M","?","?","M","M","E","R","M","T","R","$","M","M","M","R","B",null,"M","M","M"],"character_chosen":"THE_SILENT","items_purchased":["Panache+1","Choke"],"campfire_rested":3,"item_purchase_floors":[11,11],"current_hp_per_floor":[69,55,55,55,55,24,45,44,44,65,65,57,57,57,70,11,70,45,29,0],"gold":545,"neow_bonus":"","is_prod":false,"is_daily":true,"chose_seed":false,"campfire_upgraded":0,"win_rate":0,"timestamp":1546658476,"path_taken":["M","?","?","M","M","E","R","M","T","R","$","?","M","M","R","BOSS","M","M","M"],"build_version":"2019-01-03v4","purchased_purges":1,"victory":false,"max_hp_per_floor":[70,70,70,70,70,70,70,70,70,70,70,70,70,70,70,70,70,70,70,70],"card_choices":[{"not_picked":["Dodge and Roll","Expertise"],"picked":"Outmaneuver","floor":1},{"not_picked":["Quick Slash","PiercingWail"],"picked":"Finisher","floor":4},{"not_picked":["Riddle With Holes","Dagger Spray"],"picked":"Acrobatics","floor":5},{"not_picked":["Backflip","Sucker Punch"],"picked":"Underhanded Strike","floor":6},{"not_picked":["Sucker Punch","Dagger Throw"],"picked":"Wraith Form v2+1","floor":8},{"not_picked":["Backflip","Dodge and Roll"],"picked":"Prepared","floor":12},{"not_picked":["Slice","Dagger Throw"],"picked":"Underhanded Strike","floor":13},{"not_picked":["Sucker Punch","Riddle With Holes"],"picked":"Blade Dance","floor":14},{"not_picked":["Venomology","Tools of the Trade+1"],"picked":"Envenom+1","floor":16},{"not_picked":["Crippling Poison","Riddle With Holes+1"],"picked":"Underhanded Strike","floor":18},{"not_picked":["Dagger Throw","Sucker Punch"],"picked":"Accuracy+1","floor":19}],"player_experience":430401,"relics_obtained":[{"floor":6,"key":"Frozen Egg 2"},{"floor":9,"key":"Letter Opener"}],"event_choices":[{"damage_healed":0,"gold_gain":0,"player_choice":"Entered Light","damage_taken":14,"max_hp_gain":0,"max_hp_loss":0,"event_name":"Shining Light","floor":2,"gold_loss":0,"cards_upgraded":["Strike_R","Defend_B"]},{"cards_removed":["Strike_G"],"damage_healed":0,"gold_gain":0,"player_choice":"Offered Basic","damage_taken":0,"max_hp_gain":0,"max_hp_loss":0,"event_name":"Bonfire Elementals","floor":3,"gold_loss":0}],"is_beta":false,"boss_relics":[{"not_picked":["Eternal Feather","Velvet Choker"],"picked":"White Beast Statue"}],"items_purged_floors":[11],"is_endless":false,"potions_floor_spawned":[4,5,6,8,16,18,19],"killed_by":"Snecko","ascension_level":0}