{"gold_per_floor":[116,38,55,55,73,101,113,177,177,177,190,190,155,166,166,268,268,285,5,14,14,14,14,14,14,14,14,30,30],"floor_reached":29,"playtime":2716,"items_purged":[],"score":335,"play_id":"8e73a5bf-e616-482a-9120-ac058ad59092","local_time":"20190423145349","is_ascension_mode":true,"campfire_choices":[{"floor":10,"key":"REST"},{"floor":12,"key":"REST"},{"floor":15,"key":"REST"},{"floor":23,"key":"REST"},{"data":"Adrenaline","floor":25,"key":"SMITH"},{"data":"Noxious Fumes","floor":27,"key":"SMITH"}],"neow_cost":"NONE","seed_source_timestamp":27322391948565,"circlet_count":0,"master_deck":["AscendersBane","Defend_G+1","Defend_G+1","Defend_G+1","Defend_G+1","Defend_G+1","Strike_G+1","Strike_G+1","Strike_G+1","Strike_G+1","Strike_G+1","Survivor","Neutralize","Noxious Fumes+1","Caltrops","Noxious Fumes","Deflect","Prepared","Noxious Fumes","Dodge and Roll","Skewer","Caltrops","Adrenaline+1","PiercingWail+1","Backflip","Caltrops","Dagger Throw","Malaise"],"relics":["Ring of the Snake","NeowsBlessing","Strawberry","Bottled Lightning","Smiling Mask","Philosopher\u0027s Stone","Membership Card","Question Card"],"potions_floor_usage":[8,14,14,16,28,29],"damage_taken":[{"damage":0,"enemies":"Small Slimes","floor":1,"turns":1},{"damage":0,"enemies":"Cultist","floor":3,"turns":1},{"damage":0,"enemies":"Jaw Worm","floor":5,"turns":1},{"damage":27,"enemies":"3 Sentries","floor":6,"turns":7},{"damage":6,"enemies":"Looter","floor":7,"turns":5},{"damage":36,"enemies":"Gremlin Nob","floor":8,"turns":5},{"damage":17,"enemies":"3 Louse","floor":11,"turns":5},{"damage":7,"enemies":"Large Slime","floor":14,"turns":6},{"damage":36,"enemies":"Hexaghost","floor":16,"turns":8},{"damage":32,"enemies":"3 Byrds","floor":18,"turns":5},{"damage":24,"enemies":"2 Thieves","floor":20,"turns":4},{"damage":20,"enemies":"3 Cultists","floor":28,"turns":5},{"damage":39,"enemies":"Slavers","floor":29,"turns":3}],"seed_played":"1574111188501222633","potions_obtained":[{"floor":1,"key":"Energy Potion"},{"floor":7,"key":"GamblersBrew"},{"floor":8,"key":"LiquidBronze"},{"floor":11,"key":"AttackPotion"},{"floor":18,"key":"Energy Potion"},{"floor":28,"key":"Explosive Potion"}],"is_trial":false,"path_per_floor":["M","$","M","?","M","E","M","?","T","R","M","R","?","M","R","B",null,"M","$","M","?","?","R","?","R","T","R","M","E"],"character_chosen":"THE_SILENT","items_purchased":["Caltrops","Membership Card","Backflip","Caltrops","Fire Potion"],"campfire_rested":4,"item_purchase_floors":[2,19,19,19,19],"current_hp_per_floor":[63,63,63,70,70,50,44,8,8,31,14,37,56,49,72,36,67,35,35,11,11,36,59,59,59,59,59,39,0],"gold":30,"neow_bonus":"THREE_ENEMY_KILL","is_prod":false,"is_daily":false,"chose_seed":false,"campfire_upgraded":2,"win_rate":0,"timestamp":1556056429,"path_taken":["M","$","M","?","?","E","M","?","T","R","M","R","?","M","R","BOSS","M","$","M","?","?","R","?","R","T","R","M","E"],"build_version":"2019-01-23","purchased_purges":0,"victory":false,"max_hp_per_floor":[70,70,70,70,70,77,77,77,77,77,77,77,77,77,77,77,77,77,77,77,77,77,77,77,77,77,77,77,77],"card_choices":[{"not_picked":["Finisher","Tactician"],"picked":"Noxious Fumes","floor":1},{"not_picked":["Flechettes","Backflip"],"picked":"Noxious Fumes","floor":3},{"not_picked":["Backstab","Tactician"],"picked":"Deflect","floor":5},{"not_picked":["Acrobatics","Blade Dance"],"picked":"Prepared","floor":6},{"not_picked":["Cloak And Dagger","Choke"],"picked":"Noxious Fumes","floor":7},{"not_picked":["Deadly Poison","Flying Knee"],"picked":"Dodge and Roll","floor":8},{"not_picked":["Concentrate","Quick Slash"],"picked":"Skewer","floor":11},{"not_picked":["Slice","All Out Attack"],"picked":"Caltrops","floor":14},{"not_picked":["Glass Knife","Malaise"],"picked":"Adrenaline","floor":16},{"not_picked":["Sucker Punch","Backflip"],"picked":"PiercingWail+1","floor":18},{"not_picked":["Endless Agony+1","Underhanded Strike"],"picked":"Dagger Throw","floor":20},{"not_picked":["Flying Knee","PiercingWail","Choke"],"picked":"Malaise","floor":28}],"player_experience":1442488,"relics_obtained":[{"floor":6,"key":"Strawberry"},{"floor":8,"key":"Bottled Lightning"},{"floor":9,"key":"Smiling Mask"},{"floor":26,"key":"Question Card"}],"event_choices":[{"damage_healed":7,"gold_gain":0,"player_choice":"Full Heal","damage_taken":0,"max_hp_gain":0,"max_hp_loss":0,"event_name":"Wheel of Change","floor":4,"gold_loss":0},{"damage_healed":0,"gold_gain":0,"player_choice":"Searched \u00272\u0027 times","damage_taken":0,"max_hp_gain":0,"max_hp_loss":0,"event_name":"Dead Adventurer","floor":8,"gold_loss":0},{"damage_healed":19,"gold_gain":0,"player_choice":"Healed","damage_taken":0,"max_hp_gain":0,"max_hp_loss":0,"event_name":"The Cleric","floor":13,"gold_loss":35},{"damage_healed":0,"gold_gain":0,"player_choice":"Ignored","damage_taken":0,"max_hp_gain":0,"max_hp_loss":0,"event_name":"Vampires","floor":21,"gold_loss":0},{"damage_healed":25,"gold_gain":0,"player_choice":"Heal","damage_taken":0,"max_hp_gain":0,"max_hp_loss":0,"event_name":"The Library","floor":22,"gold_loss":0},{"damage_healed":0,"gold_gain":0,"player_choice":"Simplicity","damage_taken":0,"max_hp_gain":0,"max_hp_loss":0,"event_name":"Back to Basics","floor":24,"gold_loss":0,"cards_upgraded":["Defend_G","Defend_G","Defend_G","Defend_G","Defend_G","Strike_G","Strike_G","Strike_G","Strike_G","Strike_G"]}],"is_beta":false,"boss_relics":[{"not_picked":["WristBlade","Lizard Tail"],"picked":"Philosopher\u0027s Stone"}],"items_purged_floors":[],"is_endless":false,"potions_floor_spawned":[1,7,8,11,18,28],"killed_by":"Slavers","ascension_level":10}