{"gold_per_floor":[216,118,193,193,211,245,245,276,331,331,331,331,331,348,348,452,452,466,466,480,154,80,80,60,71,71,71,101,101,120,140,140,243,243,262,262,282,296,2,2,13,13,59,78,107,0,0,0,0,0],"floor_reached":51,"playtime":3569,"items_purged":["Strike_G","Strike_G","Strike_G"],"score":769,"play_id":"87d978e8-1ef4-4c06-a067-8a234789bfe4","local_time":"20190403094451","is_ascension_mode":true,"campfire_choices":[{"floor":7,"key":"REST"},{"floor":12,"key":"REST"},{"floor":15,"key":"REST"},{"data":"Glass Knife","floor":23,"key":"SMITH"},{"data":"Bouncing Flask","floor":27,"key":"SMITH"},{"data":"Catalyst","floor":29,"key":"SMITH"},{"data":"Footwork","floor":32,"key":"SMITH"},{"data":"Cloak And Dagger","floor":40,"key":"SMITH"},{"data":"After Image","floor":42,"key":"SMITH"},{"data":"Backflip","floor":47,"key":"SMITH"},{"data":"Backflip","floor":49,"key":"SMITH"}],"neow_cost":"NONE","seed_source_timestamp":216479200497200,"circlet_count":0,"master_deck":["Defend_G","Defend_G","Defend_G","Defend_G","Defend_G","Strike_G","Survivor","Neutralize","Bouncing Flask+1","Poisoned Stab","Backflip+1","Backstab","Backstab","Backflip+1","Corpse Explosion","Caltrops+1","Corpse Explosion","PiercingWail","Footwork+1","Glass Knife+1","Catalyst+1","Catalyst","Die Die Die+1","Dodge and Roll","Quick Slash+1","After Image+1","Poisoned Stab+1","Underhanded Strike+1","Cloak And Dagger+1","Outmaneuver","Bane+1","Flying Knee+1","Dagger Throw+1"],"relics":["Ring of the Snake","Sundial","Omamori","Matryoshka","Potion Belt","Art of War","Gambling Chip","Mercury Hourglass","Snecko Eye","The Courier","Calipers","Molten Egg 2","Black Star","Blood Vial","Smiling Mask","Incense Burner","Frozen Egg 2","Red Mask"],"potions_floor_usage":[6,33,45,50,50,50,50,50],"damage_taken":[{"damage":1,"enemies":"Jaw Worm","floor":1,"turns":5},{"damage":0,"enemies":"Small Slimes","floor":5,"turns":3},{"damage":39,"enemies":"Gremlin Nob","floor":6,"turns":5},{"damage":15,"enemies":"3 Sentries","floor":8,"turns":14},{"damage":0,"enemies":"Cultist","floor":14,"turns":2},{"damage":22,"enemies":"Hexaghost","floor":16,"turns":8},{"damage":0,"enemies":"3 Byrds","floor":18,"turns":2},{"damage":6,"enemies":"Spheric Guardian","floor":20,"turns":3},{"damage":2,"enemies":"Cultist and Chosen","floor":25,"turns":4},{"damage":6,"enemies":"Slavers","floor":28,"turns":2},{"damage":4,"enemies":"Snake Plant","floor":30,"turns":4},{"damage":5,"enemies":"Shelled Parasite and Fungi","floor":31,"turns":2},{"damage":31,"enemies":"Champ","floor":33,"turns":11},{"damage":3,"enemies":"3 Darklings","floor":35,"turns":2},{"damage":0,"enemies":"3 Shapes","floor":37,"turns":2},{"damage":0,"enemies":"3 Darklings","floor":38,"turns":5},{"damage":0,"enemies":"Transient","floor":41,"turns":5},{"damage":0,"enemies":"4 Shapes","floor":44,"turns":1},{"damage":4,"enemies":"Reptomancer","floor":45,"turns":6},{"damage":46,"enemies":"Donu and Deca","floor":50,"turns":7}],"seed_played":"-7945927790997437051","potions_obtained":[{"floor":1,"key":"Block Potion"},{"floor":16,"key":"Swift Potion"},{"floor":18,"key":"Swift Potion"},{"floor":20,"key":"GhostInAJar"},{"floor":24,"key":"EssenceOfSteel"},{"floor":35,"key":"Energy Potion"},{"floor":38,"key":"Swift Potion"},{"floor":45,"key":"Fire Potion"}],"is_trial":false,"path_per_floor":["M","$","?","T","M","E","R","E","T","?","?","R","?","M","R","B",null,"M","?","M","$","$","R","?","M","T","R","E","R","M","M","R","B",null,"M","?","M","M","$","R","M","R","T","M","E","?","R","$","R","B",null],"character_chosen":"THE_SILENT","items_purchased":["Poisoned Stab","Footwork","Glass Knife","Catalyst","Cloak And Dagger","Outmaneuver","Blood Vial"],"campfire_rested":3,"item_purchase_floors":[2,21,21,22,39,39,39],"current_hp_per_floor":[69,69,58,58,58,19,40,25,25,25,7,28,28,28,49,27,70,70,70,64,64,64,64,64,62,62,62,56,56,52,47,47,16,70,67,67,67,67,67,67,69,69,69,70,66,66,66,66,66,22],"gold":0,"neow_bonus":"HUNDRED_GOLD","is_prod":false,"is_daily":false,"chose_seed":false,"campfire_upgraded":8,"win_rate":0,"timestamp":1554309891,"path_taken":["M","$","?","?","M","E","R","E","T","?","?","R","?","?","R","BOSS","M","?","M","?","$","R","?","?","T","R","E","R","M","M","R","BOSS","M","?","?","M","$","R","M","R","T","M","E","?","R","$","R","BOSS"],"build_version":"2019-01-23","purchased_purges":3,"victory":true,"max_hp_per_floor":[70,70,70,70,70,70,70,70,70,70,70,70,70,70,70,70,70,70,70,70,70,70,70,70,70,70,70,70,70,70,70,70,70,70,70,70,70,70,70,70,70,70,70,70,70,70,70,70,70,70],"card_choices":[{"not_picked":["Acrobatics","Backflip"],"picked":"Bouncing Flask","floor":1},{"not_picked":["Concentrate","Quick Slash"],"picked":"Backflip","floor":5},{"not_picked":["Dash","Crippling Poison"],"picked":"Backstab","floor":6},{"not_picked":["Riddle With Holes","Outmaneuver"],"picked":"Backstab","floor":8},{"not_picked":["Flechettes","Grand Finale"],"picked":"Backflip","floor":14},{"not_picked":["After Image","Adrenaline"],"picked":"Corpse Explosion","floor":16},{"not_picked":["Dagger Spray+1","Masterful Stab"],"picked":"Caltrops+1","floor":18},{"not_picked":["Underhanded Strike","Deflect"],"picked":"PiercingWail","floor":20},{"not_picked":["Heel Hook","Deflect"],"picked":"Catalyst","floor":25},{"not_picked":["Deadly Poison+1","Dagger Spray+1"],"picked":"Die Die Die","floor":28},{"not_picked":["Prepared","Blur"],"picked":"Dodge and Roll","floor":30},{"not_picked":["Heel Hook+1","Blade Dance+1"],"picked":"Quick Slash+1","floor":31},{"not_picked":["Flechettes+1","Skewer+1","Quick Slash+1"],"picked":"SKIP","floor":35},{"not_picked":["Dagger Spray+1","Backstab+1"],"picked":"Poisoned Stab+1","floor":37},{"not_picked":["Deadly Poison+1","Dodge and Roll"],"picked":"Underhanded Strike+1","floor":38},{"not_picked":["Deadly Poison","Cloak And Dagger"],"picked":"Bane+1","floor":41},{"not_picked":["Blade Dance+1","Endless Agony+1"],"picked":"Flying Knee+1","floor":44},{"not_picked":["Bane+1","Sucker Punch+1"],"picked":"Dagger Throw+1","floor":45}],"player_experience":265501,"relics_obtained":[{"floor":4,"key":"Sundial"},{"floor":6,"key":"Omamori"},{"floor":8,"key":"Matryoshka"},{"floor":9,"key":"Potion Belt"},{"floor":9,"key":"Art of War"},{"floor":26,"key":"The Courier"},{"floor":26,"key":"Calipers"},{"floor":28,"key":"Molten Egg 2"},{"floor":43,"key":"Smiling Mask"},{"floor":45,"key":"Incense Burner"},{"floor":45,"key":"Frozen Egg 2"}],"event_choices":[{"damage_healed":0,"gold_gain":75,"player_choice":"Gather Gold","damage_taken":11,"max_hp_gain":0,"max_hp_loss":0,"event_name":"World of Goop","floor":3,"gold_loss":0},{"damage_healed":0,"gold_gain":0,"player_choice":"Searched \u00271\u0027 times","damage_taken":0,"relics_obtained":["Gambling Chip"],"max_hp_gain":0,"max_hp_loss":0,"event_name":"Dead Adventurer","floor":10,"gold_loss":0},{"damage_healed":0,"gold_gain":0,"player_choice":"Success","damage_taken":18,"relics_obtained":["Mercury Hourglass"],"max_hp_gain":0,"max_hp_loss":0,"event_name":"Scrap Ooze","floor":11,"gold_loss":0},{"damage_healed":0,"gold_gain":0,"player_choice":"Ignored","damage_taken":0,"max_hp_gain":0,"max_hp_loss":0,"event_name":"Shining Light","floor":13,"gold_loss":0},{"damage_healed":0,"gold_gain":0,"player_choice":"Copied","damage_taken":0,"max_hp_gain":0,"max_hp_loss":0,"event_name":"Duplicator","floor":19,"gold_loss":0,"cards_obtained":["Corpse Explosion"]},{"damage_healed":0,"gold_gain":0,"player_choice":"Bought 1 Potion","damage_taken":0,"max_hp_gain":0,"max_hp_loss":0,"event_name":"The Woman in Blue","floor":24,"gold_loss":0},{"damage_healed":0,"gold_gain":0,"cards_transformed":["Strike_G"],"player_choice":"Transformed","damage_taken":0,"max_hp_gain":0,"max_hp_loss":0,"event_name":"Transmorgrifier","floor":36,"gold_loss":0,"cards_obtained":["After Image"]},{"damage_healed":0,"gold_gain":0,"player_choice":"Paid","damage_taken":0,"relics_obtained":["Red Mask"],"max_hp_gain":0,"max_hp_loss":0,"event_name":"Tomb of Lord Red Mask","floor":46,"gold_loss":107}],"is_beta":false,"boss_relics":[{"not_picked":["Busted Crown","HoveringKite"],"picked":"Snecko Eye"},{"not_picked":["Pandora\u0027s Box","Velvet Choker"],"picked":"Black Star"}],"items_purged_floors":[2,21,39],"is_endless":false,"potions_floor_spawned":[1,16,18,20,35,38,45],"ascension_level":2}