{"gold_per_floor":[118,131,148,39,51,51,61,14,40,40,40,55,55,66,66,162,162,174,174,174,29,39,39,55,55,79,79,79,11,30,48,48,148,148,165,165,44,44],"floor_reached":38,"playtime":3358,"items_purged":[],"score":581,"play_id":"1b672466-b129-4116-a04d-1ce3f6312a1d","local_time":"20190422164705","is_ascension_mode":true,"campfire_choices":[{"data":"1","floor":6,"key":"LIFT"},{"data":"2","floor":10,"key":"LIFT"},{"data":"3","floor":13,"key":"LIFT"},{"data":"Noxious Fumes","floor":15,"key":"SMITH"},{"floor":23,"key":"REST"},{"floor":25,"key":"REST"},{"floor":27,"key":"REST"},{"floor":32,"key":"REST"}],"neow_cost":"TEN_PERCENT_HP_LOSS","seed_source_timestamp":82720764215466,"circlet_count":0,"master_deck":["Survivor","Neutralize","Escape Plan","Accuracy","Cloak And Dagger","Noxious Fumes+1","Flechettes","Deflect","Footwork","PiercingWail","Deflect","Deadly Poison","Malaise","Poisoned Stab","Sucker Punch","Concentrate","Wraith Form v2","Masterful Stab","Outmaneuver","Dagger Throw","Setup","Crippling Poison","Storm of Steel","Blade Dance","Cloak And Dagger","Expertise","Finisher","Dark Shackles","Neutralize","Footwork","Cloak And Dagger","Backstab","A Thousand Cuts","Cloak And Dagger+1","Sadistic Nature","Accuracy","Prepared"],"relics":["Ring of the Snake","Girya","Potion Belt","Oddly Smooth Stone","Pandora\u0027s Box","Vajra","Omamori","Philosopher\u0027s Stone"],"potions_floor_usage":[16,16,22,33,33,38],"damage_taken":[{"damage":1,"enemies":"Cultist","floor":1,"turns":5},{"damage":7,"enemies":"Small Slimes","floor":2,"turns":5},{"damage":1,"enemies":"Jaw Worm","floor":3,"turns":5},{"damage":0,"enemies":"Large Slime","floor":5,"turns":6},{"damage":0,"enemies":"2 Fungi Beasts","floor":7,"turns":4},{"damage":2,"enemies":"Exordium Thugs","floor":12,"turns":6},{"damage":5,"enemies":"Large Slime","floor":14,"turns":4},{"damage":16,"enemies":"The Guardian","floor":16,"turns":9},{"damage":14,"enemies":"Shell Parasite","floor":18,"turns":4},{"damage":11,"enemies":"Spheric Guardian","floor":22,"turns":5},{"damage":27,"enemies":"Shelled Parasite and Fungi","floor":24,"turns":7},{"damage":19,"enemies":"Centurion and Healer","floor":30,"turns":6},{"damage":7,"enemies":"Snake Plant","floor":31,"turns":4},{"damage":55,"enemies":"Collector","floor":33,"turns":10},{"damage":19,"enemies":"3 Darklings","floor":35,"turns":6},{"damage":36,"enemies":"2 Orb Walkers","floor":38,"turns":6}],"seed_played":"3346572353467502629","potions_obtained":[{"floor":2,"key":"PowerPotion"},{"floor":5,"key":"SkillPotion"},{"floor":7,"key":"GhostInAJar"},{"floor":30,"key":"Regen Potion"},{"floor":31,"key":"Fruit Juice"},{"floor":35,"key":"SkillPotion"}],"is_trial":false,"path_per_floor":["M","M","M","$","M","R","M","$","T","R","?","M","R","M","R","B",null,"M","?","?","$","M","R","M","R","T","R","?","$","M","M","R","B",null,"M","?","$","?"],"character_chosen":"THE_SILENT","items_purchased":["Noxious Fumes","Flechettes","PiercingWail","Vajra","Footwork","Accuracy","Prepared"],"campfire_rested":4,"item_purchase_floors":[4,4,8,21,29,37,37],"current_hp_per_floor":[62,55,54,54,54,54,54,54,54,54,54,52,52,47,47,31,55,41,41,41,41,30,48,21,39,39,57,57,57,38,31,49,14,55,36,36,36,0],"gold":44,"neow_bonus":"ONE_RARE_RELIC","is_prod":false,"is_daily":false,"chose_seed":false,"campfire_upgraded":1,"win_rate":0,"timestamp":1555976825,"path_taken":["M","?","M","$","M","R","M","?","T","R","?","M","R","M","R","BOSS","M","?","?","$","M","R","M","R","T","R","?","$","?","M","R","BOSS","M","?","$","?"],"build_version":"2019-01-23","purchased_purges":0,"victory":false,"max_hp_per_floor":[63,63,63,63,63,63,63,63,63,63,63,63,63,63,63,63,63,63,63,63,63,63,63,63,63,63,63,63,63,63,63,63,68,68,68,68,68,68],"card_choices":[{"not_picked":["PiercingWail","Dodge and Roll"],"picked":"Escape Plan","floor":1},{"not_picked":["Catalyst","Caltrops"],"picked":"Accuracy","floor":2},{"not_picked":["Dagger Throw","Quick Slash"],"picked":"Cloak And Dagger","floor":3},{"not_picked":["Blur","Dodge and Roll"],"picked":"Deflect","floor":5},{"not_picked":["Finisher","Prepared"],"picked":"Footwork","floor":7},{"not_picked":["Underhanded Strike","Poisoned Stab"],"picked":"Deflect","floor":12},{"not_picked":["Flying Knee","Sucker Punch"],"picked":"Deadly Poison","floor":14},{"not_picked":["Night Terror","Unload"],"picked":"Malaise","floor":16},{"not_picked":["Prepared+1","Escape Plan"],"picked":"Blade Dance","floor":18},{"not_picked":["Blur","Blade Dance"],"picked":"Cloak And Dagger","floor":22},{"not_picked":["All Out Attack+1","Dagger Throw"],"picked":"Expertise","floor":24},{"not_picked":["Sucker Punch+1","Crippling Poison"],"picked":"Cloak And Dagger","floor":30},{"not_picked":["Sucker Punch","Dagger Throw"],"picked":"Backstab","floor":31},{"not_picked":["Storm of Steel","Tools of the Trade"],"picked":"A Thousand Cuts","floor":33},{"not_picked":["Reflex","PiercingWail+1"],"picked":"Cloak And Dagger+1","floor":35},{"not_picked":["HandOfGreed","Violence"],"picked":"Sadistic Nature","floor":36}],"player_experience":1423823,"relics_obtained":[{"floor":9,"key":"Potion Belt"},{"floor":26,"key":"Omamori"}],"event_choices":[{"damage_healed":0,"gold_gain":0,"player_choice":"Box","damage_taken":0,"relics_obtained":["Oddly Smooth Stone"],"max_hp_gain":0,"max_hp_loss":0,"event_name":"Big Fish","floor":11,"gold_loss":0,"cards_obtained":["Regret"]},{"cards_removed":["Regret"],"damage_healed":0,"gold_gain":0,"player_choice":"Elegance","damage_taken":0,"max_hp_gain":0,"max_hp_loss":0,"event_name":"Back to Basics","floor":19,"gold_loss":0},{"damage_healed":0,"gold_gain":0,"player_choice":"Ignored","damage_taken":0,"max_hp_gain":0,"max_hp_loss":0,"event_name":"Vampires","floor":20,"gold_loss":0},{"damage_healed":0,"gold_gain":0,"player_choice":"3 cards matched","damage_taken":0,"max_hp_gain":0,"max_hp_loss":0,"event_name":"Match and Keep!","floor":28,"gold_loss":0,"cards_obtained":["Finisher","Dark Shackles","Neutralize"]},{"damage_healed":0,"gold_gain":0,"player_choice":"Memory 1","damage_taken":0,"max_hp_gain":0,"max_hp_loss":0,"event_name":"SensoryStone","floor":36,"gold_loss":0},{"damage_healed":0,"gold_gain":0,"player_choice":"Fight","damage_taken":0,"max_hp_gain":0,"max_hp_loss":0,"event_name":"Mysterious Sphere","floor":38,"gold_loss":0}],"is_beta":false,"boss_relics":[{"not_picked":["Fusion Hammer","Eternal Feather"],"picked":"Pandora\u0027s Box"},{"not_picked":["Velvet Choker","Sozu"],"picked":"Philosopher\u0027s Stone"}],"items_purged_floors":[],"is_endless":false,"potions_floor_spawned":[2,5,7,30,31,35],"killed_by":"2 Orb Walkers","ascension_level":9}