{"gold_per_floor":[111,128,145,165,165,195,195,205,205,205,217,234,262,275,275,373,373,384,398,398,398,40,70,83,45,68,68,68,101,119,9,9,112,112,127,127,144,163,176,176,21,21,74,103,103,3,3,3,3,3],"floor_reached":50,"playtime":3665,"items_purged":["Predator","Defend_G+1"],"score":572,"play_id":"54c413b7-846c-43af-82c0-d44aa7814fff","local_time":"20181129001057","is_ascension_mode":false,"campfire_choices":[{"floor":7.0,"key":"REST"},{"data":"Infinite Blades","floor":10.0,"key":"SMITH"},{"floor":15.0,"key":"REST"},{"floor":27.0,"key":"REST"},{"floor":32.0,"key":"RECALL"},{"floor":40.0,"key":"REST"},{"data":"Catalyst","floor":42.0,"key":"SMITH"},{"floor":47.0,"key":"REST"},{"floor":49.0,"key":"REST"}],"neow_cost":"NONE","seed_source_timestamp":0,"circlet_count":0,"master_deck":["Defend_G+1","Defend_G+1","Defend_G+1","Defend_G+1","Strike_G+1","Survivor","Neutralize","Cloak And Dagger","Infinite Blades+1","Dagger Spray","Escape Plan","Crippling Poison","Cloak And Dagger","Noxious Fumes","Blade Dance","Corpse Explosion","Dagger Throw","Deadly Poison","Acrobatics","Tactician","Blur","Crippling Poison+1","Bane","Tactician","Accuracy","Cloak And Dagger","Cloak And Dagger","Catalyst","Catalyst+1","Bouncing Flask","Bouncing Flask","Blur","Blade Dance","Accuracy+1","Deadly Poison+1","Deadly Poison","Escape Plan"],"special_seed":0,"relics":["Black Star","Regal Pillow","Snake Skull","Ancient Tea Set","Blood Vial","Orrery","Thread and Needle","WingedGreaves","Torii","Bag of Preparation","Gambling Chip","The Specimen","WristBlade","Juzu Bracelet","Tiny Chest","Bottled Lightning","Pear","Bottled Flame"],"potions_floor_usage":[50,50],"damage_taken":[{"damage":1.0,"enemies":"Small Slimes","floor":1.0,"turns":5.0},{"damage":1.0,"enemies":"Cultist","floor":2.0,"turns":5.0},{"damage":5.0,"enemies":"Jaw Worm","floor":3.0,"turns":4.0},{"damage":2.0,"enemies":"Blue Slaver","floor":4.0,"turns":4.0},{"damage":15.0,"enemies":"3 Sentries","floor":6.0,"turns":8.0},{"damage":2.0,"enemies":"Red Slaver","floor":8.0,"turns":6.0},{"damage":3.0,"enemies":"Exordium Thugs","floor":11.0,"turns":4.0},{"damage":13.0,"enemies":"Gremlin Gang","floor":12.0,"turns":4.0},{"damage":18.0,"enemies":"Gremlin Nob","floor":13.0,"turns":4.0},{"damage":0.0,"enemies":"Large Slime","floor":14.0,"turns":7.0},{"damage":35.0,"enemies":"The Guardian","floor":16.0,"turns":12.0},{"damage":18.0,"enemies":"2 Thieves","floor":18.0,"turns":3.0},{"damage":17.0,"enemies":"Shell Parasite","floor":19.0,"turns":8.0},{"damage":19.0,"enemies":"Book of Stabbing","floor":23.0,"turns":5.0},{"damage":10.0,"enemies":"Snake Plant","floor":24.0,"turns":6.0},{"damage":2.0,"enemies":"Gremlin Leader","floor":29.0,"turns":4.0},{"damage":1.0,"enemies":"Snecko","floor":30.0,"turns":5.0},{"damage":27.0,"enemies":"Collector","floor":33.0,"turns":6.0},{"damage":1.0,"enemies":"Orb Walker","floor":35.0,"turns":3.0},{"damage":15.0,"enemies":"3 Darklings","floor":37.0,"turns":3.0},{"damage":0.0,"enemies":"Jaw Worm Horde","floor":38.0,"turns":2.0},{"damage":10.0,"enemies":"Sphere and 2 Shapes","floor":39.0,"turns":5.0},{"damage":63.0,"enemies":"Reptomancer","floor":44.0,"turns":5.0},{"damage":95,"enemies":"Time Eater","floor":50,"turns":9}],"seed_played":"-2358034422274588794","potions_obtained":[{"floor":3.0,"key":"LiquidBronze"},{"floor":4.0,"key":"AttackPotion"},{"floor":11.0,"key":"Block Potion"},{"floor":14.0,"key":"AttackPotion"},{"floor":16.0,"key":"PowerPotion"},{"floor":18.0,"key":"Block Potion"},{"floor":19.0,"key":"SteroidPotion"},{"floor":29.0,"key":"EntropicBrew"},{"floor":38.0,"key":"AttackPotion"},{"floor":44.0,"key":"Strength Potion"}],"is_trial":false,"path_per_floor":["M","M","M","M","?","E","R","M","T","R","M","M","E","M","R","B",null,"M","M","?","?","$","E","M","$","T","R","?","E","M","$","R","B",null,"M","?","M","M","M","R","$","R","T","E","T","$","R","?","R","B"],"character_chosen":"THE_SILENT","items_purchased":["Thread and Needle","Accuracy","Catalyst","Blur","Juzu Bracelet"],"campfire_rested":6,"item_purchase_floors":[22,22,25,31,41],"current_hp_per_floor":[69,68,63,61,61,46,70,68,68,68,65,52,34,36,70,35,70,52,37,37,37,37,20,12,12,12,48,48,48,49,49,49,24,70,69,69,55,57,49,70,70,70,70,17,17,17,56,56,80,0],"gold":3,"neow_bonus":"BOSS_RELIC","is_prod":false,"is_daily":false,"chose_seed":false,"campfire_upgraded":2,"win_rate":0,"timestamp":1543417857,"path_taken":["M","M","M","M","?","E","R","M","T","R","M","?","E","M","R","BOSS","M","M","?","?","?","E","?","$","T","R","?","E","M","$","R","BOSS","M","?","?","?","M","R","$","R","T","E","?","$","R","?","R","BOSS"],"build_version":"2018-11-15","purchased_purges":2,"victory":false,"max_hp_per_floor":[70,70,70,70,70,70,70,70,70,70,70,70,70,70,70,70,70,70,70,70,70,70,70,70,70,70,70,70,70,70,70,70,70,70,70,70,70,70,70,70,70,70,70,80,80,80,80,80,80,80],"card_choices":[{"not_picked":["Backflip","Caltrops"],"picked":"Cloak And Dagger","floor":1.0},{"not_picked":["Dagger Throw","Sucker Punch"],"picked":"Infinite Blades","floor":2.0},{"not_picked":["Caltrops","Deflect","Dodge and Roll"],"picked":"SKIP","floor":3.0},{"not_picked":["Reflex","Blur"],"picked":"Dagger Spray","floor":4.0},{"not_picked":["Sucker Punch","Distraction"],"picked":"Escape Plan","floor":6.0},{"not_picked":["Bullet Time","Cloak And Dagger"],"picked":"Crippling Poison","floor":8.0},{"not_picked":["Sucker Punch","Skewer"],"picked":"Cloak And Dagger","floor":11.0},{"not_picked":["Prepared","Acrobatics","Poisoned Stab"],"picked":"SKIP","floor":12.0},{"not_picked":["Eviscerate","Footwork"],"picked":"Noxious Fumes","floor":13.0},{"not_picked":["Dagger Spray","Reflex"],"picked":"Blade Dance","floor":14.0},{"not_picked":["Doppelganger","Venomology"],"picked":"Corpse Explosion","floor":16.0},{"not_picked":["Backstab","Dagger Spray"],"picked":"Dagger Throw","floor":17.0},{"not_picked":["Distraction","Blade Dance"],"picked":"Deadly Poison","floor":17.0},{"not_picked":["Leg Sweep","Slice"],"picked":"Acrobatics","floor":17.0},{"not_picked":["Backstab","Acrobatics"],"picked":"Tactician","floor":17.0},{"not_picked":["Flechettes","Terror"],"picked":"Blur","floor":17.0},{"not_picked":["Riddle With Holes","Deflect+1"],"picked":"Crippling Poison+1","floor":18.0},{"not_picked":["Dodge and Roll","Sucker Punch+1"],"picked":"Bane","floor":19.0},{"not_picked":["Flying Knee","Deflect"],"picked":"Cloak And Dagger","floor":23.0},{"not_picked":["Quick Slash+1","Bane+1"],"picked":"Cloak And Dagger","floor":24.0},{"not_picked":["Caltrops","Tools of the Trade"],"picked":"Bouncing Flask","floor":29.0},{"not_picked":["All Out Attack","Bane+1"],"picked":"Bouncing Flask","floor":30.0},{"not_picked":["Sucker Punch+1","Predator+1"],"picked":"Blade Dance","floor":35.0},{"not_picked":["Well Laid Plans","Blur"],"picked":"Accuracy+1","floor":37.0},{"not_picked":["Finisher+1","Blade Dance+1"],"picked":"Deadly Poison+1","floor":38.0},{"not_picked":["Blade Dance","Skewer"],"picked":"Deadly Poison","floor":39.0},{"not_picked":["Leg Sweep","Predator+1"],"picked":"Escape Plan","floor":44.0}],"player_experience":155465,"relics_obtained":[{"floor":6.0,"key":"Regal Pillow"},{"floor":6.0,"key":"Snake Skull"},{"floor":13.0,"key":"Ancient Tea Set"},{"floor":13.0,"key":"Blood Vial"},{"floor":23.0,"key":"WingedGreaves"},{"floor":23.0,"key":"Torii"},{"floor":26.0,"key":"Bag of Preparation"},{"floor":29.0,"key":"Gambling Chip"},{"floor":29.0,"key":"The Specimen"},{"floor":43.0,"key":"Tiny Chest"},{"floor":44.0,"key":"Bottled Lightning"},{"floor":44.0,"key":"Pear"},{"floor":45.0,"key":"Bottled Flame"}],"event_choices":[{"cards_removed":["Strike_G"],"damage_healed":0.0,"max_hp_gain":0.0,"max_hp_loss":0.0,"gold_gain":0.0,"event_name":"Purifier","player_choice":"Purged","floor":5.0,"gold_loss":0.0,"damage_taken":0.0},{"damage_healed":0.0,"max_hp_gain":0.0,"max_hp_loss":0.0,"gold_gain":0.0,"cards_transformed":["Strike_G","Strike_G"],"event_name":"Drug Dealer","player_choice":"Became Test Subject","floor":20.0,"gold_loss":0.0,"damage_taken":0.0,"cards_obtained":["Predator","Tactician"]},{"damage_healed":0.0,"max_hp_gain":0.0,"max_hp_loss":0.0,"gold_gain":0.0,"event_name":"Back to Basics","player_choice":"Simplicity","floor":21.0,"gold_loss":0.0,"damage_taken":0.0,"cards_upgraded":["Defend_G","Defend_G","Defend_G","Defend_G","Defend_G","Strike_G","Strike_G"]},{"damage_healed":0.0,"max_hp_gain":0.0,"max_hp_loss":0.0,"gold_gain":0.0,"event_name":"Duplicator","player_choice":"Copied","floor":28.0,"gold_loss":0.0,"damage_taken":0.0,"cards_obtained":["Catalyst"]},{"damage_healed":0.0,"max_hp_gain":0.0,"max_hp_loss":0.0,"gold_gain":0.0,"event_name":"SecretPortal","player_choice":"Ignored","floor":36.0,"gold_loss":0.0,"damage_taken":0.0},{"cards_removed":["Strike_G"],"damage_healed":0.0,"max_hp_gain":0.0,"max_hp_loss":0.0,"gold_gain":0.0,"event_name":"Falling","player_choice":"Removed Attack","floor":48.0,"gold_loss":0.0,"damage_taken":0.0}],"is_beta":false,"boss_relics":[{"not_picked":["Tiny House","Snecko Eye"],"picked":"Orrery"},{"not_picked":["Calling Bell","Sozu"],"picked":"WristBlade"}],"items_purged_floors":[31,46],"is_endless":false,"potions_floor_spawned":[3,4,11,14,16,18,19,29,38,39,44],"killed_by":"Time Eater","ascension_level":0}