{"gold_per_floor":[115,115,125,125,25,25,57,71,71,84,96,71,81,98,98,198,198,214,214,214,32,32,32],"floor_reached":23,"playtime":1294,"items_purged":["Pain","Regret"],"score":191,"play_id":"794b6f1a-d977-48bd-9ada-a697e81831bd","local_time":"20190309233124","is_ascension_mode":false,"campfire_choices":[{"floor":6,"key":"RECALL"},{"floor":15,"key":"REST"}],"neow_cost":"NONE","seed_source_timestamp":351324192888771,"circlet_count":0,"master_deck":["Defend_G","Defend_G","Defend_G","Defend_G","Defend_G","Strike_G","Strike_G","Strike_G","Strike_G","Strike_G","Survivor","Neutralize","Well Laid Plans","PiercingWail","Dagger Throw","Tools of the Trade","Outmaneuver","Sucker Punch","Flying Knee","Quick Slash","Malaise","Die Die Die","Dagger Spray+1","RitualDagger","A Thousand Cuts"],"relics":["Ring of the Snake","Lantern","Orichalcum","WarpedTongs","Pen Nib","HoveringKite"],"potions_floor_usage":[16,23],"damage_taken":[{"damage":0,"enemies":"2 Louse","floor":1,"turns":2},{"damage":3,"enemies":"Small Slimes","floor":3,"turns":4},{"damage":22,"enemies":"Gremlin Nob","floor":7,"turns":6},{"damage":3,"enemies":"Cultist","floor":8,"turns":4},{"damage":8,"enemies":"Looter","floor":10,"turns":4},{"damage":0,"enemies":"Large Slime","floor":11,"turns":5},{"damage":0,"enemies":"3 Louse","floor":13,"turns":2},{"damage":9,"enemies":"Exordium Thugs","floor":14,"turns":5},{"damage":8,"enemies":"The Guardian","floor":16,"turns":14},{"damage":33,"enemies":"3 Byrds","floor":18,"turns":8},{"damage":7,"enemies":"Colosseum Slavers","floor":22,"turns":3},{"damage":18,"enemies":"Spheric Guardian","floor":23,"turns":3}],"seed_played":"-4235506164539383156","potions_obtained":[{"floor":8,"key":"SpeedPotion"},{"floor":10,"key":"SkillPotion"},{"floor":11,"key":"AttackPotion"}],"is_trial":false,"path_per_floor":["M","?","M","?","$","R","E","M","T","M","M","$","M","M","R","B",null,"M","?","?","$","?","M"],"character_chosen":"THE_SILENT","items_purchased":["Dagger Throw","Quick Slash","A Thousand Cuts"],"campfire_rested":1,"item_purchase_floors":[5,12,21],"current_hp_per_floor":[70,70,67,67,67,67,45,42,42,34,34,34,34,25,46,38,70,37,24,18,18,11,0],"gold":32,"neow_bonus":"RANDOM_COMMON_RELIC","is_prod":false,"is_daily":false,"chose_seed":false,"campfire_upgraded":0,"win_rate":0,"timestamp":1552203084,"path_taken":["M","?","M","?","$","R","E","M","T","M","M","$","M","M","R","BOSS","M","?","?","$","?","M"],"build_version":"2019-01-23","purchased_purges":2,"victory":false,"max_hp_per_floor":[70,70,70,70,70,70,70,70,70,70,70,70,70,70,70,70,70,70,75,75,75,75,75],"card_choices":[{"not_picked":["Blade Dance","Underhanded Strike"],"picked":"Well Laid Plans","floor":1},{"not_picked":["Deadly Poison","Poisoned Stab"],"picked":"PiercingWail","floor":3},{"not_picked":["Expertise","Adrenaline"],"picked":"Tools of the Trade","floor":7},{"not_picked":["Dagger Throw","Heel Hook"],"picked":"Outmaneuver","floor":8},{"not_picked":["Blur","Deadly Poison"],"picked":"Sucker Punch","floor":10},{"not_picked":["Sucker Punch","Setup"],"picked":"Flying Knee","floor":11},{"not_picked":["Poisoned Stab","Calculated Gamble"],"picked":"Malaise","floor":13},{"not_picked":["Bane","All Out Attack","Outmaneuver"],"picked":"SKIP","floor":14},{"not_picked":["Night Terror","Adrenaline"],"picked":"Die Die Die","floor":16},{"not_picked":["Infinite Blades","Underhanded Strike"],"picked":"Dagger Spray+1","floor":18}],"player_experience":292315,"relics_obtained":[{"floor":7,"key":"Pen Nib"}],"event_choices":[{"damage_healed":0,"gold_gain":0,"player_choice":"Box","damage_taken":0,"relics_obtained":["Orichalcum"],"max_hp_gain":0,"max_hp_loss":0,"event_name":"Big Fish","floor":2,"gold_loss":0,"cards_obtained":["Regret"]},{"damage_healed":0,"gold_gain":0,"player_choice":"Rummage","damage_taken":0,"relics_obtained":["WarpedTongs"],"max_hp_gain":0,"max_hp_loss":0,"event_name":"Accursed Blacksmith","floor":4,"gold_loss":0,"cards_obtained":["Pain"]},{"damage_healed":0,"gold_gain":0,"player_choice":"Shed Blood","damage_taken":18,"max_hp_gain":5,"max_hp_loss":0,"event_name":"Forgotten Altar","floor":19,"gold_loss":0},{"damage_healed":0,"gold_gain":0,"player_choice":"Joined the Cult","damage_taken":6,"max_hp_gain":0,"max_hp_loss":0,"event_name":"Nest","floor":20,"gold_loss":0,"cards_obtained":["RitualDagger"]},{"damage_healed":0,"gold_gain":0,"player_choice":"Fight","damage_taken":0,"max_hp_gain":0,"max_hp_loss":0,"event_name":"Colosseum","floor":22,"gold_loss":0},{"damage_healed":0,"gold_gain":0,"player_choice":"Fled From Nobs","damage_taken":0,"max_hp_gain":0,"max_hp_loss":0,"event_name":"Colosseum","floor":22,"gold_loss":0}],"is_beta":false,"boss_relics":[{"not_picked":["Philosopher\u0027s Stone","Fusion Hammer"],"picked":"HoveringKite"}],"items_purged_floors":[5,21],"is_endless":false,"potions_floor_spawned":[8,10,11],"killed_by":"Spheric Guardian","ascension_level":0}