{"gold_per_floor":[114,114,129,144,159,189,1,1,76,106,31,46,76,91,91,191,191,206,206,221,50,65,95,95,110,135,135,150,180,195,45,45,45],"floor_reached":33,"playtime":4406,"items_purged":["Dualcast","Strike_B"],"score":334,"play_id":"d3e02765-7e20-4845-9581-373d2d131fac","local_time":"20190430132350","daily_mods":["Cursed Run","ControlledChaos","Lethality"],"is_ascension_mode":false,"campfire_choices":[{"floor":8,"key":"REST"},{"data":"Transmutation","floor":15,"key":"SMITH"},{"floor":24,"key":"REST"},{"floor":32,"key":"REST"}],"neow_cost":"","seed_source_timestamp":0,"circlet_count":0,"master_deck":["Strike_B","Strike_B","Strike_B","Defend_B","Defend_B","Defend_B","Defend_B","Sweeping Beam","Rip and Tear","Self Repair","Machine Learning","Transmutation+1","Reinforced Body","Lockon","Defragment+1","Machine Learning+1","Injury","Seek+1","Ball Lightning+1","Fusion","Aggregate","Conserve Battery+1","Chaos+1","Normality","Stack+1","Doom and Gloom","Glacier"],"special_seed":18016,"relics":["Cursed Key","Darkstone Periapt","Du-Vu Doll","Frozen Eye","DataDisk","Frozen Egg 2","Dodecahedron","Dream Catcher","Empty Cage","Bottled Flame","Bronze Scales","Bag of Marbles","Strawberry"],"potions_floor_usage":[10,13,16,18,20,23,33],"damage_taken":[{"damage":0,"enemies":"Cultist","floor":1,"turns":3},{"damage":0,"enemies":"2 Louse","floor":3,"turns":1},{"damage":9,"enemies":"Jaw Worm","floor":4,"turns":2},{"damage":14,"enemies":"Exordium Thugs","floor":5,"turns":5},{"damage":26,"enemies":"Lagavulin","floor":6,"turns":5},{"damage":14,"enemies":"3 Sentries","floor":10,"turns":4},{"damage":0,"enemies":"Large Slime","floor":12,"turns":3},{"damage":3,"enemies":"Lagavulin","floor":13,"turns":5},{"damage":0,"enemies":"3 Louse","floor":14,"turns":3},{"damage":36,"enemies":"Hexaghost","floor":16,"turns":9},{"damage":0,"enemies":"Spheric Guardian","floor":18,"turns":3},{"damage":26,"enemies":"2 Thieves","floor":20,"turns":2},{"damage":14,"enemies":"Snake Plant","floor":22,"turns":5},{"damage":18,"enemies":"Book of Stabbing","floor":23,"turns":4},{"damage":25,"enemies":"Shelled Parasite and Fungi","floor":25,"turns":5},{"damage":9,"enemies":"Centurion and Healer","floor":28,"turns":6},{"damage":42,"enemies":"Gremlin Leader","floor":29,"turns":5},{"damage":20,"enemies":"Snake Plant","floor":30,"turns":3},{"damage":72,"enemies":"Champ","floor":33,"turns":8}],"seed_played":"5114170758115261822","potions_obtained":[{"floor":3,"key":"Explosive Potion"},{"floor":5,"key":"GamblersBrew"},{"floor":6,"key":"Swift Potion"},{"floor":12,"key":"Dexterity Potion"},{"floor":13,"key":"SpeedPotion"},{"floor":18,"key":"Weak Potion"},{"floor":23,"key":"SteroidPotion"},{"floor":30,"key":"PowerPotion"}],"is_trial":false,"path_per_floor":["M","?","M","M","M","E","$","R","T","E","$","M","E","M","R","B",null,"M","?","M","$","M","E","R","M","T","?","M","E","M","$","R","B"],"character_chosen":"DEFECT","items_purchased":["Transmutation","Aggregate","Strawberry"],"campfire_rested":3,"item_purchase_floors":[7,21,31],"current_hp_per_floor":[75,75,75,66,59,40,40,62,68,54,54,54,58,65,65,35,87,87,87,68,68,61,43,69,44,50,81,79,44,24,31,61,0],"gold":45,"neow_bonus":"","is_prod":false,"is_daily":true,"chose_seed":false,"campfire_upgraded":1,"win_rate":0.0,"timestamp":1556623430,"path_taken":["M","?","M","M","M","E","$","R","T","E","$","M","E","M","R","BOSS","M","?","M","$","?","E","R","M","T","?","M","E","M","?","R","BOSS"],"build_version":"2019-01-23","purchased_purges":2,"victory":false,"max_hp_per_floor":[75,75,75,75,75,75,75,75,81,81,81,81,81,81,81,87,87,87,87,87,87,87,87,87,87,93,93,93,93,93,100,100,100],"card_choices":[{"not_picked":["Streamline","Double Energy"],"picked":"Sweeping Beam","floor":1},{"not_picked":["Rebound","Leap"],"picked":"Rip and Tear","floor":3},{"not_picked":["Sweeping Beam","Reinforced Body"],"picked":"Self Repair","floor":4},{"not_picked":["Hologram","Streamline","Blizzard"],"picked":"SKIP","floor":5},{"not_picked":["Streamline","Echo Form"],"picked":"Machine Learning","floor":6},{"not_picked":["Beam Cell","Compile Driver"],"picked":"Reinforced Body","floor":10},{"not_picked":["Stack","Consume"],"picked":"Lockon","floor":12},{"not_picked":["Coolheaded","Double Energy"],"picked":"Defragment+1","floor":13},{"not_picked":["Leap","Hologram"],"picked":"Machine Learning+1","floor":14},{"not_picked":["Creative AI+1","Amplify"],"picked":"Seek","floor":16},{"not_picked":["Double Energy","Conserve Battery"],"picked":"Ball Lightning+1","floor":18},{"not_picked":["Beam Cell","Genetic Algorithm"],"picked":"Fusion","floor":20},{"not_picked":["Streamline","Rip and Tear+1"],"picked":"Conserve Battery+1","floor":22},{"not_picked":["Ball Lightning","Turbo","Multi-Cast"],"picked":"SKIP","floor":23},{"not_picked":["Recycle","Leap"],"picked":"Chaos+1","floor":24},{"not_picked":["Streamline","Static Discharge+1","Leap"],"picked":"SKIP","floor":25},{"not_picked":["Barrage","Streamline"],"picked":"Stack+1","floor":28},{"not_picked":["Turbo","Hologram"],"picked":"Doom and Gloom","floor":29},{"not_picked":["Rebound","Beam Cell"],"picked":"Glacier","floor":30}],"player_experience":28898,"relics_obtained":[{"floor":6,"key":"DataDisk"},{"floor":9,"key":"Frozen Egg 2"},{"floor":10,"key":"Dodecahedron"},{"floor":13,"key":"Dream Catcher"},{"floor":23,"key":"Bottled Flame"},{"floor":26,"key":"Bronze Scales"},{"floor":29,"key":"Bag of Marbles"}],"event_choices":[{"damage_healed":0,"gold_gain":0,"player_choice":"Ignored","damage_taken":0,"max_hp_gain":0,"max_hp_loss":0,"event_name":"Shining Light","floor":2,"gold_loss":0},{"damage_healed":0,"gold_gain":0,"player_choice":"Forge","damage_taken":0,"max_hp_gain":0,"max_hp_loss":0,"event_name":"Accursed Blacksmith","floor":19,"gold_loss":0,"cards_upgraded":["Seek"]},{"damage_healed":31,"gold_gain":0,"player_choice":"Heal","damage_taken":0,"max_hp_gain":0,"max_hp_loss":0,"event_name":"The Library","floor":27,"gold_loss":0}],"is_beta":false,"boss_relics":[{"not_picked":["Coffee Dripper","Snecko Eye"],"picked":"Empty Cage"}],"items_purged_floors":[11,21],"is_endless":false,"potions_floor_spawned":[3,5,6,12,13,18,23,30],"killed_by":"Champ","ascension_level":0}