{"gold_per_floor":[215,62,79,99,49,79,79,110,159,234,264,278,300,300,300,403,403,413,413,429,429,448,474,494,143,167,181,252,287,287,305,305,305],"floor_reached":33,"playtime":2525,"items_purged":[],"score":300,"play_id":"b1e38bea-6397-4daa-87d5-969465f6bac5","local_time":"20181121184809","is_ascension_mode":false,"campfire_choices":[{"data":"Die Die Die","floor":7,"key":"SMITH"},{"floor":15,"key":"REST"},{"floor":30,"key":"REST"},{"data":"Bane","floor":32,"key":"SMITH"}],"neow_cost":"NONE","seed_source_timestamp":606172151397700,"circlet_count":0,"master_deck":["Defend_G+1","Defend_G","Defend_G","Defend_G+1","Defend_G","Strike_G","Survivor","Neutralize","Footwork","Die Die Die+1","Footwork","Backstab","Die Die Die","Finisher+1","Bullet Time","Leg Sweep","Cloak And Dagger+1","Ghostly","Ghostly","Ghostly","Ghostly","Ghostly","Blade Dance","Poisoned Stab","Bane+1","Mind Blast","All Out Attack+1","Acrobatics","Blade Dance+1"],"relics":["Ring of the Snake","Juzu Bracelet","Kunai","Lantern","PreservedInsect","Calipers","Odd Mushroom","Lizard Tail","War Paint","Matryoshka","Anchor","Bottled Lightning","Question Card","The Courier","Red Mask"],"potions_floor_usage":[6,8,8,16,18,22,23,33],"damage_taken":[{"damage":2,"enemies":"Small Slimes","floor":1,"turns":4},{"damage":0,"enemies":"Jaw Worm","floor":3,"turns":7},{"damage":0,"enemies":"2 Louse","floor":4,"turns":4},{"damage":4,"enemies":"3 Sentries","floor":6,"turns":9},{"damage":11,"enemies":"Gremlin Nob","floor":8,"turns":4},{"damage":0,"enemies":"2 Fungi Beasts","floor":12,"turns":2},{"damage":10,"enemies":"The Mushroom Lair","floor":13,"turns":5},{"damage":55,"enemies":"Slime Boss","floor":16,"turns":41},{"damage":4,"enemies":"Spheric Guardian","floor":18,"turns":4},{"damage":1,"enemies":"Shell Parasite","floor":20,"turns":14},{"damage":3,"enemies":"Centurion and Healer","floor":22,"turns":8},{"damage":4,"enemies":"Gremlin Leader","floor":23,"turns":6},{"damage":3,"enemies":"Snake Plant","floor":24,"turns":10},{"damage":0,"enemies":"Snecko","floor":27,"turns":9},{"damage":2,"enemies":"Masked Bandits","floor":29,"turns":6},{"damage":2,"enemies":"Cultist and Chosen","floor":31,"turns":10},{"damage":63,"enemies":"Collector","floor":33,"turns":15}],"seed_played":"7749518283388893807","potions_obtained":[{"floor":1,"key":"Dexterity Potion"},{"floor":3,"key":"Fire Potion"},{"floor":4,"key":"Fire Potion"},{"floor":8,"key":"Fruit Juice"},{"floor":16,"key":"Strength Potion"},{"floor":20,"key":"AttackPotion"},{"floor":22,"key":"FearPotion"},{"floor":31,"key":"AttackPotion"}],"is_trial":false,"path_per_floor":["M","$","M","M","?","E","R","E","T","?","?","M","?","?","R","B",null,"M","?","M","?","M","E","M","$","T","M","T","?","R","M","R","B"],"character_chosen":"THE_SILENT","items_purchased":["Juzu Bracelet","Mind Blast","Matryoshka"],"campfire_rested":2,"item_purchase_floors":[2,25,25],"current_hp_per_floor":[68,68,68,68,68,64,64,58,58,47,47,47,37,37,59,4,75,71,71,70,37,34,30,27,27,27,27,27,25,36,34,34,0],"gold":305,"neow_bonus":"HUNDRED_GOLD","is_prod":false,"is_daily":false,"chose_seed":false,"campfire_upgraded":2,"win_rate":0,"timestamp":1542822489,"path_taken":["M","$","M","M","?","E","R","E","T","?","?","M","?","?","R","BOSS","M","?","M","?","M","E","M","$","T","M","?","?","R","M","R","BOSS"],"build_version":"2018-11-15","purchased_purges":0,"victory":false,"max_hp_per_floor":[70,70,70,70,70,70,70,75,75,75,75,75,75,75,75,75,75,75,75,75,37,37,37,37,37,37,37,37,37,37,37,37,37],"card_choices":[{"not_picked":["Prepared","Deadly Poison"],"picked":"Footwork","floor":1},{"not_picked":["Deflect","Cloak And Dagger","Bane"],"picked":"SKIP","floor":3},{"not_picked":["Bane","Blade Dance"],"picked":"Die Die Die","floor":4},{"not_picked":["Predator","Deadly Poison","Deflect"],"picked":"SKIP","floor":6},{"not_picked":["Bane","Quick Slash"],"picked":"Footwork","floor":8},{"not_picked":["Flechettes","Outmaneuver","PiercingWail"],"picked":"SKIP","floor":12},{"not_picked":["Unload","Bane"],"picked":"Backstab","floor":13},{"not_picked":["Envenom","Phantasmal Killer"],"picked":"Die Die Die","floor":16},{"not_picked":["Setup","PiercingWail"],"picked":"Finisher+1","floor":18},{"not_picked":["Blade Dance","Dodge and Roll"],"picked":"Cloak And Dagger+1","floor":20},{"not_picked":["Prepared","Bane"],"picked":"Blade Dance","floor":22},{"not_picked":["Sucker Punch","Prepared+1"],"picked":"Poisoned Stab","floor":23},{"not_picked":["Poisoned Stab","Prepared"],"picked":"Bane","floor":24},{"not_picked":["Prepared","Die Die Die"],"picked":"All Out Attack+1","floor":27},{"not_picked":["Deflect+1","Prepared","Cloak And Dagger"],"picked":"Acrobatics","floor":29},{"not_picked":["Dash+1","Dodge and Roll","Prepared"],"picked":"Blade Dance+1","floor":31}],"player_experience":1013806,"relics_obtained":[{"floor":6,"key":"Kunai"},{"floor":8,"key":"Lantern"},{"floor":9,"key":"PreservedInsect"},{"floor":13,"key":"Odd Mushroom"},{"floor":23,"key":"War Paint"},{"floor":26,"key":"Anchor"},{"floor":26,"key":"Bottled Lightning"},{"floor":28,"key":"Question Card"},{"floor":28,"key":"The Courier"},{"floor":29,"key":"Red Mask"}],"event_choices":[{"cards_removed":["Strike_G"],"damage_healed":0,"gold_gain":0,"player_choice":"Card Removal","damage_taken":0,"max_hp_gain":0,"max_hp_loss":0,"event_name":"The Cleric","floor":5,"gold_loss":50},{"damage_healed":0,"gold_gain":75,"player_choice":"Gather Gold","damage_taken":11,"max_hp_gain":0,"max_hp_loss":0,"event_name":"World of Goop","floor":10,"gold_loss":0},{"damage_healed":0,"gold_gain":30,"player_choice":"Searched \u00273\u0027 times","damage_taken":0,"relics_obtained":["Calipers"],"max_hp_gain":0,"max_hp_loss":0,"event_name":"Dead Adventurer","floor":11,"gold_loss":0},{"damage_healed":0,"gold_gain":0,"player_choice":"Fought Mushrooms","damage_taken":0,"max_hp_gain":0,"max_hp_loss":0,"event_name":"Mushrooms","floor":13,"gold_loss":0},{"cards_removed":["Strike_G"],"damage_healed":0,"gold_gain":0,"player_choice":"Forget","damage_taken":0,"max_hp_gain":0,"max_hp_loss":0,"event_name":"Living Wall","floor":14,"gold_loss":0},{"damage_healed":0,"gold_gain":0,"cards_transformed":["Strike_G","Strike_G"],"player_choice":"Became Test Subject","damage_taken":0,"max_hp_gain":0,"max_hp_loss":0,"event_name":"Drug Dealer","floor":19,"gold_loss":0,"cards_obtained":["Bullet Time","Leg Sweep"]},{"damage_healed":0,"gold_gain":0,"player_choice":"Became a Ghost","damage_taken":0,"max_hp_gain":0,"max_hp_loss":38,"event_name":"Ghosts","floor":21,"gold_loss":0,"cards_obtained":["Ghostly","Ghostly","Ghostly","Ghostly","Ghostly"]},{"damage_healed":0,"gold_gain":0,"player_choice":"Fought Bandits","damage_taken":0,"max_hp_gain":0,"max_hp_loss":0,"event_name":"Masked Bandits","floor":29,"gold_loss":0}],"is_beta":false,"boss_relics":[{"not_picked":["Runic Dome","Busted Crown"],"picked":"Lizard Tail"}],"items_purged_floors":[],"is_endless":false,"potions_floor_spawned":[1,3,4,8,16,20,22,31],"killed_by":"Collector","ascension_level":0}