{"gold_per_floor":[19,29,29,42,42,74,74,99,152,176,176,193,221,116,116,190,190,161,161,196,196,196,196,223,41,111,138,148,164,189,204,204,283,283,300,300,315,331,4,29,29,59,86,104,39,69,84,103,103,103,103,103,103,16,47,47],"floor_reached":57,"playtime":5931,"items_purged":["Strike_B","Writhe"],"score":3286,"play_id":"e9202838-730a-4de1-b91c-0474e39e1f03","local_time":"20190504172710","is_ascension_mode":true,"campfire_choices":[{"data":"Zap","floor":7,"key":"SMITH"},{"data":"Defragment","floor":15,"key":"SMITH"},{"floor":23,"key":"REST"},{"data":"Capacitor","floor":32,"key":"SMITH"},{"data":"Loop","floor":41,"key":"SMITH"},{"floor":49,"key":"RECALL"},{"data":"Coolheaded","floor":53,"key":"SMITH"}],"neow_cost":"NO_GOLD","seed_source_timestamp":641656356187831,"circlet_count":0,"master_deck":["AscendersBane","Defend_B","Defend_B","Defend_B","Defend_B","Zap+1","Dualcast","Ball Lightning","Undo","Static Discharge","Glacier+1","Defragment+1","Coolheaded","Seek+1","Ball Lightning","Cold Snap","Leap","RitualDagger","Capacitor+1","Loop+1","Electrodynamics","Recycle","Heatsinks","Sunder","Coolheaded+1","Echo Form","Chill+1","Genetic Algorithm","Coolheaded","Doom and Gloom","Self Repair+1","Force Field+1","Reinforced Body"],"relics":["Cracked Core","FossilizedHelix","Blue Candle","Smiling Mask","Vajra","Potion Belt","Singing Bowl","DataDisk","Snecko Eye","Omamori","Red Mask","Pantograph","Sundial","The Courier","Ancient Tea Set","Coffee Dripper","Membership Card","Calipers","War Paint","Darkstone Periapt","Anchor","Thread and Needle","Runic Capacitor","Boot"],"potions_floor_usage":[6,8,13,20,27,30,30,40,42,47,50,56,56],"damage_taken":[{"damage":0,"enemies":"Cultist","floor":1,"turns":3},{"damage":0,"enemies":"Jaw Worm","floor":2,"turns":3},{"damage":0,"enemies":"Small Slimes","floor":4,"turns":4},{"damage":10,"enemies":"Lagavulin","floor":6,"turns":6},{"damage":11,"enemies":"3 Sentries","floor":8,"turns":8},{"damage":0,"enemies":"Red Slaver","floor":12,"turns":4},{"damage":27,"enemies":"Gremlin Nob","floor":13,"turns":4},{"damage":0,"enemies":"Slime Boss","floor":16,"turns":8},{"damage":0,"enemies":"2 Thieves","floor":18,"turns":4},{"damage":17,"enemies":"Masked Bandits","floor":20,"turns":5},{"damage":5,"enemies":"Book of Stabbing","floor":24,"turns":6},{"damage":15,"enemies":"Gremlin Leader","floor":27,"turns":6},{"damage":5,"enemies":"3 Byrds","floor":28,"turns":3},{"damage":0,"enemies":"Centurion and Healer","floor":29,"turns":7},{"damage":12,"enemies":"Book of Stabbing","floor":30,"turns":7},{"damage":14,"enemies":"Sentry and Sphere","floor":31,"turns":4},{"damage":0,"enemies":"Collector","floor":33,"turns":10},{"damage":9,"enemies":"3 Darklings","floor":35,"turns":5},{"damage":0,"enemies":"3 Shapes","floor":37,"turns":3},{"damage":17,"enemies":"Jaw Worm Horde","floor":38,"turns":6},{"damage":0,"enemies":"Reptomancer","floor":40,"turns":6},{"damage":0,"enemies":"Nemesis","floor":42,"turns":9},{"damage":6,"enemies":"Writhing Mass","floor":44,"turns":10},{"damage":11,"enemies":"Reptomancer","floor":46,"turns":8},{"damage":0,"enemies":"Spire Growth","floor":47,"turns":10},{"damage":0,"enemies":"4 Shapes","floor":48,"turns":5},{"damage":0,"enemies":"Donu and Deca","floor":50,"turns":9},{"damage":0,"enemies":"Time Eater","floor":51,"turns":12},{"damage":20,"enemies":"Shield and Spear","floor":55,"turns":9},{"damage":57,"enemies":"The Heart","floor":56,"turns":13}],"seed_played":"7408360544933429788","potions_obtained":[{"floor":2,"key":"PowerPotion"},{"floor":4,"key":"SteroidPotion"},{"floor":6,"key":"Strength Potion"},{"floor":20,"key":"EssenceOfSteel"},{"floor":27,"key":"Regen Potion"},{"floor":29,"key":"Regen Potion"},{"floor":30,"key":"Strength Potion"},{"floor":33,"key":"SteroidPotion"},{"floor":35,"key":"FearPotion"},{"floor":38,"key":"Weak Potion"},{"floor":40,"key":"Swift Potion"},{"floor":44,"key":"FairyPotion"},{"floor":47,"key":"AttackPotion"},{"floor":55,"key":"Swift Potion"}],"is_trial":false,"path_per_floor":["M","M","?","M","$","E","R","E","T","T","?","M","E","$","R","B",null,"M","?","?","?","?","R","E","$","T","E","M","M","E","M","R","B",null,"M","?","M","M","$","E","R","E","T","M","$","E","M","M","R","B","B",null,"R","$","E","B",null],"character_chosen":"DEFECT","items_purchased":["Explosive Potion","Loop","Doom and Gloom","Membership Card","Calipers","Coolheaded","Anchor","Runic Capacitor"],"campfire_rested":1,"item_purchase_floors":[14,25,25,39,39,39,45,54],"current_hp_per_floor":[64,64,64,64,64,54,54,43,43,43,43,43,18,18,18,18,59,61,61,44,44,38,60,55,55,55,40,35,35,68,54,54,75,75,66,66,68,51,51,53,53,55,55,49,49,38,60,70,70,83,83,83,83,83,83,46],"gold":47,"neow_bonus":"ONE_RARE_RELIC","is_prod":false,"is_daily":false,"chose_seed":false,"campfire_upgraded":5,"win_rate":0,"timestamp":1557005230,"path_taken":["M","M","?","M","?","E","R","E","T","?","?","M","E","$","R","BOSS","M","?","?","?","?","R","E","?","T","E","M","M","E","M","R","BOSS","M","?","M","M","?","E","R","E","T","M","$","E","M","M","R","BOSS","BOSS","R","$","E","BOSS"],"build_version":"2019-01-23","purchased_purges":2,"victory":true,"max_hp_per_floor":[71,71,71,71,71,71,71,71,71,71,71,71,73,73,73,73,73,75,75,75,75,75,75,75,75,75,75,75,75,75,75,75,75,75,75,75,77,77,77,79,79,81,81,81,81,81,83,83,83,83,83,83,83,83,83,83],"card_choices":[{"not_picked":["Stack","Cold Snap"],"picked":"Ball Lightning","floor":1},{"not_picked":["Stack","Compile Driver"],"picked":"Undo","floor":2},{"not_picked":["Barrage","Sweeping Beam"],"picked":"Static Discharge","floor":4},{"not_picked":["Chaos","Redo"],"picked":"Glacier","floor":6},{"not_picked":["Fission","Storm"],"picked":"Defragment","floor":8},{"not_picked":["Scrape","Reprogram"],"picked":"Coolheaded","floor":12},{"not_picked":["Force Field","Rebound","Rip and Tear"],"picked":"Singing Bowl","floor":13},{"not_picked":["Multi-Cast","Meteor Strike"],"picked":"Seek","floor":16},{"not_picked":["Stack","Compile Driver+1","Barrage"],"picked":"Singing Bowl","floor":18},{"not_picked":["Hologram","Gash"],"picked":"Ball Lightning","floor":20},{"not_picked":["Beam Cell","Sweeping Beam"],"picked":"Capacitor","floor":24},{"not_picked":["Melter","Redo+1"],"picked":"Electrodynamics","floor":27},{"not_picked":["Go for the Eyes+1","Aggregate"],"picked":"Recycle","floor":28},{"not_picked":["Sweeping Beam","Melter"],"picked":"Heatsinks","floor":29},{"not_picked":["Skim","Stack"],"picked":"Sunder","floor":30},{"not_picked":["Stack+1","Ball Lightning"],"picked":"Coolheaded","floor":31},{"not_picked":["Biased Cognition","Reboot"],"picked":"Echo Form","floor":33},{"not_picked":["Beam Cell","Turbo+1"],"picked":"Chill+1","floor":35},{"not_picked":["FTL","Fusion","Chaos"],"picked":"Singing Bowl","floor":37},{"not_picked":["Hologram","Redo"],"picked":"Genetic Algorithm","floor":38},{"not_picked":["Chill","Consume","Aggregate+1"],"picked":"Singing Bowl","floor":40},{"not_picked":["Sweeping Beam","Streamline","Redo"],"picked":"Singing Bowl","floor":42},{"not_picked":["Seek","Sweeping Beam"],"picked":"Doom and Gloom","floor":44},{"not_picked":["Chill","FTL+1"],"picked":"Self Repair+1","floor":46},{"not_picked":["Barrage","Beam Cell+1","Fusion"],"picked":"Singing Bowl","floor":47},{"not_picked":["Beam Cell","Gash"],"picked":"Force Field+1","floor":48},{"not_picked":["Fusion","Steam+1"],"picked":"Reinforced Body","floor":55}],"player_experience":849045,"relics_obtained":[{"floor":6,"key":"Blue Candle"},{"floor":8,"key":"Smiling Mask"},{"floor":9,"key":"Vajra"},{"floor":10,"key":"Potion Belt"},{"floor":11,"key":"Singing Bowl"},{"floor":13,"key":"DataDisk"},{"floor":20,"key":"Red Mask"},{"floor":24,"key":"Pantograph"},{"floor":26,"key":"Sundial"},{"floor":27,"key":"The Courier"},{"floor":30,"key":"Ancient Tea Set"},{"floor":40,"key":"War Paint"},{"floor":42,"key":"Darkstone Periapt"},{"floor":46,"key":"Thread and Needle"},{"floor":55,"key":"Boot"}],"event_choices":[{"cards_removed":["Strike_B"],"damage_healed":0,"gold_gain":0,"player_choice":"Purged","damage_taken":0,"max_hp_gain":0,"max_hp_loss":0,"event_name":"Purifier","floor":3,"gold_loss":0},{"damage_healed":0,"gold_gain":0,"player_choice":"Relic","damage_taken":0,"max_hp_gain":0,"max_hp_loss":0,"event_name":"Wheel of Change","floor":11,"gold_loss":0},{"damage_healed":0,"gold_gain":0,"player_choice":"Opened","damage_taken":0,"relics_obtained":["Omamori"],"max_hp_gain":0,"max_hp_loss":0,"event_name":"The Mausoleum","floor":19,"gold_loss":0,"cards_obtained":["Writhe"]},{"damage_healed":0,"gold_gain":0,"player_choice":"Fought Bandits","damage_taken":0,"max_hp_gain":0,"max_hp_loss":0,"event_name":"Masked Bandits","floor":20,"gold_loss":0},{"damage_healed":0,"gold_gain":0,"cards_transformed":["Strike_B","Strike_B"],"player_choice":"Became Test Subject","damage_taken":0,"max_hp_gain":0,"max_hp_loss":0,"event_name":"Drug Dealer","floor":21,"gold_loss":0,"cards_obtained":["Cold Snap","Leap"]},{"damage_healed":0,"gold_gain":0,"player_choice":"Joined the Cult","damage_taken":6,"max_hp_gain":0,"max_hp_loss":0,"event_name":"Nest","floor":22,"gold_loss":0,"cards_obtained":["RitualDagger"]},{"cards_removed":["Doom and Gloom"],"damage_healed":0,"gold_gain":0,"player_choice":"Removed Attack","damage_taken":0,"max_hp_gain":0,"max_hp_loss":0,"event_name":"Falling","floor":36,"gold_loss":0}],"is_beta":false,"boss_relics":[{"not_picked":["Calling Bell","Philosopher\u0027s Stone"],"picked":"Snecko Eye"},{"not_picked":["Empty Cage","Sozu"],"picked":"Coffee Dripper"}],"items_purged_floors":[14,25],"is_endless":false,"potions_floor_spawned":[2,4,6,20,27,29,30,33,35,38,40,44,47,55],"ascension_level":20}