{"gold_per_floor":[112,112,42,42,6,6,34,34,57,92,92,103,115,42,42,146,146,159,159,175,195,105,135,85,103,172,182,201,230,230,248,248,347,347,357,307,317,317,262,262,262],"floor_reached":41,"playtime":1874,"items_purged":["Strike_B","Strike_B","Strike_B","Writhe"],"score":591,"play_id":"544b4c82-0167-44af-912b-0df026d18a53","local_time":"20190413150514","is_ascension_mode":true,"campfire_choices":[{"data":"Defragment","floor":6.0,"key":"SMITH"},{"data":"Loop","floor":8.0,"key":"SMITH"},{"data":"Streamline","floor":15.0,"key":"SMITH"},{"floor":30.0,"key":"REST"},{"floor":32.0,"key":"REST"},{"data":"Zap","floor":40,"key":"SMITH"}],"neow_cost":"PERCENT_DAMAGE","seed_source_timestamp":0,"circlet_count":0,"master_deck":["Defend_B","Defend_B","Defend_B","Defend_B","Zap+1","Dualcast","Auto Shields","Loop+1","Defragment+1","Steam","Creative AI","Multi-Cast","Consume","Conserve Battery","Streamline+1","Electrodynamics","Ball Lightning","Defragment+1","Ball Lightning","Buffer","Capacitor","Turbo","Go for the Eyes","Hologram+1","Coolheaded","Defragment","Self Repair+1"],"special_seed":0,"relics":["Cracked Core","FossilizedHelix","Peace Pipe","Anchor","Smiling Mask","Cursed Key","Gambling Chip","Pear","Bottled Flame","Busted Crown","Ornamental Fan"],"potions_floor_usage":[41,41],"damage_taken":[{"damage":0.0,"enemies":"Small Slimes","floor":1.0,"turns":2.0},{"damage":0.0,"enemies":"Lagavulin","floor":7.0,"turns":6.0},{"damage":18.0,"enemies":"Gremlin Nob","floor":10.0,"turns":5.0},{"damage":0.0,"enemies":"2 Louse","floor":12.0,"turns":2.0},{"damage":0.0,"enemies":"Jaw Worm","floor":13.0,"turns":3.0},{"damage":27.0,"enemies":"Hexaghost","floor":16.0,"turns":11.0},{"damage":22.0,"enemies":"2 Thieves","floor":18.0,"turns":4.0},{"damage":0.0,"enemies":"Spheric Guardian","floor":20.0,"turns":3.0},{"damage":7.0,"enemies":"Centurion and Healer","floor":21.0,"turns":5.0},{"damage":14.0,"enemies":"Slavers","floor":23.0,"turns":2.0},{"damage":0.0,"enemies":"3 Cultists","floor":25.0,"turns":3.0},{"damage":16.0,"enemies":"Snake Plant","floor":27.0,"turns":3.0},{"damage":0.0,"enemies":"Snecko","floor":28.0,"turns":4.0},{"damage":25.0,"enemies":"Book of Stabbing","floor":29.0,"turns":5.0},{"damage":9.0,"enemies":"Centurion and Healer","floor":31.0,"turns":4.0},{"damage":0.0,"enemies":"Champ","floor":33.0,"turns":9.0},{"damage":17,"enemies":"3 Darklings","floor":35,"turns":5},{"damage":0,"enemies":"Orb Walker","floor":37,"turns":3},{"damage":73,"enemies":"Reptomancer","floor":41,"turns":5}],"seed_played":"-411790456309424007","potions_obtained":[{"floor":1.0,"key":"GamblersBrew"},{"floor":7.0,"key":"Block Potion"},{"floor":10.0,"key":"SneckoOil"},{"floor":13.0,"key":"SkillPotion"},{"floor":16.0,"key":"SpeedPotion"},{"floor":21.0,"key":"EssenceOfSteel"},{"floor":27.0,"key":"AttackPotion"},{"floor":37,"key":"EssenceOfSteel"}],"is_trial":false,"path_per_floor":["M","?","$","?","$","R","E","R","T","E","?","M","M","$","R","B",null,"M","?","M","M","$","E","$","M","T","M","M","E","R","M","R","B",null,"M","$","M","?","?","R","E"],"character_chosen":"DEFECT","items_purchased":["Loop","Defragment","Streamline","Capacitor"],"campfire_rested":2,"item_purchase_floors":[3,5,14,22],"current_hp_per_floor":[54,59,59,52,52,52,52,52,52,34,34,34,34,34,34,7,80,58,58,58,51,51,37,37,37,47,31,31,6,33,24,51,51,90,73,73,73,73,73,73,0],"gold":262,"neow_bonus":"ONE_RARE_RELIC","is_prod":false,"is_daily":false,"chose_seed":false,"campfire_upgraded":4,"win_rate":0,"timestamp":1555193114,"path_taken":["M","?","$","?","?","R","E","R","T","E","?","M","M","$","R","BOSS","M","?","M","M","$","E","$","M","T","M","?","E","R","M","R","BOSS","M","$","M","?","?","R","E"],"build_version":"2019-01-23","purchased_purges":4,"victory":false,"max_hp_per_floor":[75,80,80,80,80,80,80,80,80,80,80,80,80,80,80,80,80,80,80,80,80,80,80,80,80,90,90,90,90,90,90,90,90,90,90,90,90,85,85,85,85],"card_choices":[{"not_picked":["Beam Cell","Stack"],"picked":"Auto Shields","floor":1.0},{"not_picked":["Sunder","Capacitor"],"picked":"Steam","floor":7.0},{"not_picked":["Capacitor","Leap"],"picked":"Creative AI","floor":10.0},{"not_picked":["Gash","Redo"],"picked":"Consume","floor":12.0},{"not_picked":["Redo","Reinforced Body"],"picked":"Conserve Battery","floor":13.0},{"not_picked":["Seek","Meteor Strike"],"picked":"Electrodynamics","floor":16.0},{"not_picked":["Hologram","Gash"],"picked":"Ball Lightning","floor":18.0},{"not_picked":["Aggregate","Compile Driver"],"picked":"Ball Lightning","floor":20.0},{"not_picked":["Steam Power","Rebound"],"picked":"Buffer","floor":21.0},{"not_picked":["Redo","Chill"],"picked":"Turbo","floor":23.0},{"not_picked":["Consume","Capacitor+1"],"picked":"Go for the Eyes","floor":25.0},{"not_picked":["Heatsinks","Defragment"],"picked":"Hologram+1","floor":27.0},{"not_picked":["Sweeping Beam+1","Leap"],"picked":"Coolheaded","floor":28.0},{"not_picked":["Stack","Rebound","Gash+1"],"picked":"SKIP","floor":29.0},{"not_picked":["Recycle+1","Rebound+1"],"picked":"Defragment","floor":31.0},{"not_picked":["Sunder"],"picked":"SKIP","floor":35},{"not_picked":[],"picked":"Self Repair+1","floor":37}],"player_experience":298179,"relics_obtained":[{"floor":7.0,"key":"Peace Pipe"},{"floor":9.0,"key":"Anchor"},{"floor":10.0,"key":"Smiling Mask"},{"floor":23.0,"key":"Gambling Chip"},{"floor":26.0,"key":"Pear"},{"floor":29.0,"key":"Bottled Flame"}],"event_choices":[{"damage_healed":0.0,"max_hp_gain":5.0,"max_hp_loss":0.0,"gold_gain":0.0,"event_name":"Big Fish","player_choice":"Donut","floor":2.0,"gold_loss":0.0,"damage_taken":0.0},{"cards_removed":["Strike_B"],"damage_healed":0.0,"max_hp_gain":0.0,"max_hp_loss":0.0,"gold_gain":0.0,"event_name":"Golden Wing","player_choice":"Card Removal","floor":4.0,"gold_loss":0.0,"damage_taken":7.0},{"damage_healed":0.0,"max_hp_gain":0.0,"max_hp_loss":0.0,"gold_gain":0.0,"event_name":"Match and Keep!","player_choice":"1 cards matched","floor":11.0,"gold_loss":0.0,"damage_taken":0.0,"cards_obtained":["Multi-Cast"]},{"damage_healed":0.0,"max_hp_gain":0.0,"max_hp_loss":0.0,"gold_gain":0.0,"event_name":"Duplicator","player_choice":"Copied","floor":19.0,"gold_loss":0.0,"damage_taken":0.0,"cards_obtained":["Defragment"]},{"damage_healed":0,"gold_gain":0,"player_choice":"Max HP","damage_taken":0,"max_hp_gain":0,"max_hp_loss":5,"event_name":"Winding Halls","floor":38,"gold_loss":0},{"damage_healed":0,"gold_gain":0,"player_choice":"Paid Gold","damage_taken":0,"relics_obtained":["Ornamental Fan"],"max_hp_gain":0,"max_hp_loss":0,"event_name":"WeMeetAgain","floor":39,"gold_loss":55}],"is_beta":false,"boss_relics":[{"not_picked":["Runic Pyramid","Black Star"],"picked":"Cursed Key"},{"not_picked":["FrozenCore","Pandora\u0027s Box"],"picked":"Busted Crown"}],"items_purged_floors":[14,22,24,36],"is_endless":false,"potions_floor_spawned":[1,7,10,13,16,21,27,31,33,35,37],"killed_by":"Reptomancer","ascension_level":3}