{"gold_per_floor":[116,41,41,52,66,91,91,91,91,91,104,139,139,171,171,273,273,286,385,397,397],"floor_reached":21,"playtime":1824,"items_purged":["Regret"],"score":259,"play_id":"fe9b18b9-68e1-4084-b641-2bb5879472e5","local_time":"20190413190701","is_ascension_mode":true,"campfire_choices":[{"floor":8,"key":"REST"},{"floor":10,"key":"REST"},{"floor":15,"key":"REST"}],"neow_cost":"CURSE","seed_source_timestamp":178999493873546,"circlet_count":0,"master_deck":["Defend_G","Defend_G","Defend_G","Defend_G","Defend_G","Strike_G","Strike_G","Strike_G","Strike_G","Survivor","Neutralize","Dagger Spray+1","Cloak And Dagger","Predator","Expertise","Burst","Backstab","Infinite Blades","Burst","Infinite Blades","Deflect","Blur","Cloak And Dagger","Backflip","Reflex","Dagger Spray"],"relics":["Ring of the Snake","WingedGreaves","Question Card","Sundial","Incense Burner","Vajra","Orrery"],"potions_floor_usage":[7,16,18,21,21],"damage_taken":[{"damage":2,"enemies":"Cultist","floor":1,"turns":5},{"damage":2,"enemies":"Jaw Worm","floor":4,"turns":5},{"damage":0,"enemies":"Small Slimes","floor":5,"turns":3},{"damage":26,"enemies":"Gremlin Nob","floor":6,"turns":5},{"damage":30,"enemies":"Lagavulin","floor":7,"turns":7},{"damage":18,"enemies":"Exordium Thugs","floor":11,"turns":4},{"damage":29,"enemies":"3 Sentries","floor":12,"turns":7},{"damage":1,"enemies":"Gremlin Nob","floor":14,"turns":3},{"damage":1,"enemies":"Hexaghost","floor":16,"turns":9},{"damage":15,"enemies":"Shell Parasite","floor":18,"turns":5},{"damage":18,"enemies":"Chosen","floor":20,"turns":8},{"damage":5,"enemies":"Colosseum Slavers","floor":21,"turns":5},{"damage":32,"enemies":"Colosseum Nobs","floor":21,"turns":3}],"seed_played":"-8702611271213293378","potions_obtained":[{"floor":4,"key":"SmokeBomb"},{"floor":12,"key":"Block Potion"},{"floor":14,"key":"PowerPotion"},{"floor":16,"key":"Dexterity Potion"},{"floor":20,"key":"AttackPotion"}],"is_trial":false,"path_per_floor":["M","$","?","M","M","E","E","R","T","R","M","E","?","E","R","B",null,"M","?","M","?"],"character_chosen":"THE_SILENT","items_purchased":[],"campfire_rested":3,"item_purchase_floors":[],"current_hp_per_floor":[68,68,68,66,66,40,10,31,31,52,34,5,5,4,25,24,59,44,44,26,0],"gold":397,"neow_bonus":"ONE_RARE_RELIC","is_prod":false,"is_daily":false,"chose_seed":false,"campfire_upgraded":0,"win_rate":0,"timestamp":1555207621,"path_taken":["M","$","?","?","M","E","E","R","T","R","M","E","?","E","R","BOSS","M","?","M","?"],"build_version":"2019-01-23","purchased_purges":1,"victory":false,"max_hp_per_floor":[70,70,70,70,70,70,70,70,70,70,70,70,70,70,70,70,70,70,70,70,70],"card_choices":[{"not_picked":["Dodge and Roll","Backflip"],"picked":"Dagger Spray","floor":1},{"not_picked":["PiercingWail","Concentrate"],"picked":"Cloak And Dagger","floor":4},{"not_picked":["Dagger Spray","Well Laid Plans"],"picked":"Predator","floor":5},{"not_picked":["Skewer","Underhanded Strike"],"picked":"Expertise","floor":6},{"not_picked":["Blade Dance","Acrobatics","Accuracy"],"picked":"Burst","floor":11},{"not_picked":["Dodge and Roll","Leg Sweep","Finisher"],"picked":"Backstab","floor":12},{"not_picked":["Glass Knife","Eviscerate","Tactician"],"picked":"Infinite Blades","floor":14},{"not_picked":["Glass Knife","Bullet Time","Corpse Explosion"],"picked":"Burst","floor":16},{"not_picked":["Flying Knee","Predator","Prepared"],"picked":"Infinite Blades","floor":17},{"not_picked":["Dodge and Roll","Sucker Punch","Tactician"],"picked":"Deflect","floor":17},{"not_picked":["Blade Dance","Dagger Throw","Flying Knee"],"picked":"Blur","floor":17},{"not_picked":["Predator","Slice","Quick Slash"],"picked":"Cloak And Dagger","floor":17},{"not_picked":["Sucker Punch","Acrobatics","Flying Knee"],"picked":"Backflip","floor":17},{"not_picked":["Deadly Poison","Doppelganger","Dagger Throw"],"picked":"Reflex","floor":18},{"not_picked":["Quick Slash","Concentrate","Bane"],"picked":"Dagger Spray","floor":20}],"player_experience":1338226,"relics_obtained":[{"floor":6,"key":"Question Card"},{"floor":9,"key":"Sundial"},{"floor":12,"key":"Incense Burner"},{"floor":14,"key":"Vajra"}],"event_choices":[{"damage_healed":0,"gold_gain":0,"player_choice":"Upgraded","damage_taken":0,"max_hp_gain":0,"max_hp_loss":0,"event_name":"Upgrade Shrine","floor":3,"gold_loss":0,"cards_upgraded":["Dagger Spray"]},{"cards_removed":["Strike_G"],"damage_healed":0,"gold_gain":0,"player_choice":"Purged","damage_taken":0,"max_hp_gain":0,"max_hp_loss":0,"event_name":"Purifier","floor":13,"gold_loss":0},{"damage_healed":0,"gold_gain":99,"player_choice":"Stole From Cult","damage_taken":0,"max_hp_gain":0,"max_hp_loss":0,"event_name":"Nest","floor":19,"gold_loss":0},{"damage_healed":0,"gold_gain":0,"player_choice":"Fight","damage_taken":0,"max_hp_gain":0,"max_hp_loss":0,"event_name":"Colosseum","floor":21,"gold_loss":0},{"damage_healed":0,"gold_gain":0,"player_choice":"Fought Nobs","damage_taken":0,"max_hp_gain":0,"max_hp_loss":0,"event_name":"Colosseum","floor":21,"gold_loss":0}],"is_beta":false,"boss_relics":[{"not_picked":["HoveringKite","Lizard Tail"],"picked":"Orrery"}],"items_purged_floors":[2],"is_endless":false,"potions_floor_spawned":[4,12,14,16,20],"killed_by":"Colosseum Nobs","ascension_level":5}