{"gold_per_floor":[112,129,129,99,24,24,56,75,75,93,110,110,124,124,124,224,224,235,218,218,17,31,31,51,51,51,63,63,63,63,78,78,78],"floor_reached":33,"playtime":2355,"items_purged":["Parasite"],"score":438,"play_id":"6e855e36-a8d3-4e13-9398-2f10ea0c8f6e","local_time":"20190427173921","is_ascension_mode":true,"campfire_choices":[{"data":"Footwork","floor":6,"key":"SMITH"},{"floor":12,"key":"REST"},{"data":"Flechettes","floor":15,"key":"SMITH"},{"floor":23,"key":"REST"},{"floor":25,"key":"REST"},{"floor":28,"key":"REST"},{"floor":30,"key":"REST"},{"floor":32,"key":"REST"}],"neow_cost":"NONE","seed_source_timestamp":119850027551249,"circlet_count":0,"master_deck":["AscendersBane","Defend_G","Defend_G","Defend_G","Defend_G","Defend_G","Strike_G","Strike_G","Strike_G","Strike_G","Survivor","Neutralize","Reflex","Backflip","Footwork+1","Crippling Poison","Backflip","Escape Plan","Flechettes+1","Catalyst","Storm of Steel","Cloak And Dagger","PiercingWail","Footwork","Blade Dance","Storm of Steel","Leg Sweep+1","Backstab"],"relics":["Ring of the Snake","NeowsBlessing","Dead Branch","Question Card","WristBlade","Singing Bowl"],"potions_floor_usage":[16,16,31,33,33,33],"damage_taken":[{"damage":0,"enemies":"Small Slimes","floor":1,"turns":1},{"damage":0,"enemies":"Cultist","floor":2,"turns":1},{"damage":0,"enemies":"Lagavulin","floor":7,"turns":1},{"damage":1,"enemies":"2 Louse","floor":8,"turns":2},{"damage":9,"enemies":"Large Slime","floor":10,"turns":13},{"damage":7,"enemies":"Gremlin Gang","floor":11,"turns":5},{"damage":2,"enemies":"Looter","floor":13,"turns":4},{"damage":48,"enemies":"Slime Boss","floor":16,"turns":18},{"damage":14,"enemies":"Spheric Guardian","floor":18,"turns":6},{"damage":14,"enemies":"2 Thieves","floor":19,"turns":4},{"damage":4,"enemies":"Centurion and Healer","floor":22,"turns":9},{"damage":25,"enemies":"Chosen and Byrds","floor":24,"turns":7},{"damage":47,"enemies":"Shelled Parasite and Fungi","floor":27,"turns":8},{"damage":20,"enemies":"Snake Plant","floor":31,"turns":6},{"damage":82,"enemies":"Champ","floor":33,"turns":13}],"seed_played":"1147536197230053284","potions_obtained":[{"floor":4,"key":"Weak Potion"},{"floor":4,"key":"Block Potion"},{"floor":11,"key":"AttackPotion"},{"floor":16,"key":"Regen Potion"},{"floor":22,"key":"EntropicBrew"}],"is_trial":false,"path_per_floor":["M","M","?","?","$","R","E","M","T","M","M","R","M","?","R","B",null,"M","M","?","$","M","R","M","R","T","M","R","?","R","M","R","B"],"character_chosen":"THE_SILENT","items_purchased":["Footwork","Footwork","Blade Dance"],"campfire_rested":6,"item_purchase_floors":[5,21,21],"current_hp_per_floor":[63,63,56,56,56,56,56,55,55,46,39,60,58,70,70,22,58,44,30,53,53,49,67,42,62,62,17,37,37,57,49,69,0],"gold":78,"neow_bonus":"THREE_ENEMY_KILL","is_prod":false,"is_daily":false,"chose_seed":false,"campfire_upgraded":2,"win_rate":0,"timestamp":1556411961,"path_taken":["M","M","?","?","$","R","E","M","T","M","?","R","?","?","R","BOSS","M","M","?","$","M","R","M","R","T","M","R","?","R","M","R","BOSS"],"build_version":"2019-01-23","purchased_purges":1,"victory":false,"max_hp_per_floor":[70,70,70,70,70,70,70,70,70,70,70,70,70,70,70,70,70,70,70,70,67,67,67,67,67,67,69,69,69,69,69,69,69],"card_choices":[{"not_picked":["Deflect","Blur"],"picked":"Reflex","floor":1},{"not_picked":["Sucker Punch","Dodge and Roll"],"picked":"Backflip","floor":2},{"not_picked":["Reflex","Cloak And Dagger"],"picked":"Crippling Poison","floor":7},{"not_picked":["Underhanded Strike","Night Terror"],"picked":"Backflip","floor":8},{"not_picked":["Cloak And Dagger","Acrobatics","Poisoned Stab"],"picked":"Escape Plan","floor":10},{"not_picked":["Underhanded Strike","Bane","Deflect"],"picked":"Flechettes","floor":11},{"not_picked":["Dagger Throw","Poisoned Stab","Underhanded Strike"],"picked":"Catalyst","floor":13},{"not_picked":["Glass Knife","Envenom","A Thousand Cuts"],"picked":"Storm of Steel","floor":16},{"not_picked":["Blade Dance","Leg Sweep","Prepared"],"picked":"Cloak And Dagger","floor":18},{"not_picked":["Blade Dance","Flying Knee","Deadly Poison"],"picked":"PiercingWail","floor":19},{"not_picked":["Underhanded Strike","Distraction","Sucker Punch"],"picked":"Storm of Steel","floor":22},{"not_picked":["Backflip","Dagger Spray","Sucker Punch+1"],"picked":"Leg Sweep+1","floor":24},{"not_picked":["Flying Knee","Finisher","Dagger Spray+1","Prepared"],"picked":"Singing Bowl","floor":27},{"not_picked":["Acrobatics","Dash","Deadly Poison"],"picked":"Backstab","floor":31}],"player_experience":1487950,"relics_obtained":[{"floor":7,"key":"Dead Branch"},{"floor":9,"key":"Question Card"},{"floor":26,"key":"Singing Bowl"}],"event_choices":[{"cards_removed":["Strike_G"],"damage_healed":0,"gold_gain":0,"player_choice":"Card Removal","damage_taken":7,"max_hp_gain":0,"max_hp_loss":0,"event_name":"Golden Wing","floor":3,"gold_loss":0},{"damage_healed":0,"gold_gain":0,"player_choice":"Bought 2 Potions","damage_taken":0,"max_hp_gain":0,"max_hp_loss":0,"event_name":"The Woman in Blue","floor":4,"gold_loss":0},{"damage_healed":17,"gold_gain":0,"player_choice":"Healed and dodged fight","damage_taken":0,"max_hp_gain":0,"max_hp_loss":0,"event_name":"Mushrooms","floor":14,"gold_loss":0,"cards_obtained":["Parasite"]},{"damage_healed":23,"gold_gain":0,"player_choice":"Heal","damage_taken":0,"max_hp_gain":0,"max_hp_loss":0,"event_name":"The Library","floor":20,"gold_loss":0},{"damage_healed":0,"gold_gain":0,"player_choice":"Got Potions","damage_taken":0,"max_hp_gain":0,"max_hp_loss":0,"event_name":"Lab","floor":29,"gold_loss":0}],"is_beta":false,"boss_relics":[{"not_picked":["Ring of the Serpent","Runic Dome"],"picked":"WristBlade"}],"items_purged_floors":[21],"is_endless":false,"potions_floor_spawned":[11,13,16,22,27],"killed_by":"Champ","ascension_level":12}