{"gold_per_floor":[13,188,113,113,126,126,126,126,152,152,152,186,205,233,233,330,330,348,348,348,359,370,400,500,519,519,539,565,593,179,209,209,308,308,328,339,279,4,4,4,4,57,82,32,57,57,86,166,166,166],"floor_reached":51,"playtime":6772,"items_purged":["Doubt"],"score":1487,"play_id":"9896df60-3d83-4f2f-ae7c-c3741808a3d6","local_time":"20190513221658","is_ascension_mode":true,"campfire_choices":[{"data":"Magnetism","floor":6,"key":"SMITH"},{"data":"Finisher","floor":8,"key":"SMITH"},{"floor":15,"key":"REST"},{"floor":32,"key":"REST"},{"data":"Wraith Form v2","floor":40,"key":"SMITH"},{"data":"Jack Of All Trades","floor":49,"key":"SMITH"}],"neow_cost":"NO_GOLD","seed_source_timestamp":8822471738100,"circlet_count":0,"master_deck":["AscendersBane","Defend_G","Defend_G","Defend_G","Defend_G","Survivor","Neutralize","Panache+1","Magnetism+1","Finisher+1","All Out Attack+1","Infinite Blades","Unload+1","Corpse Explosion+1","Corpse Explosion+1","Well Laid Plans+1","Terror","Ghostly","Ghostly","Ghostly","Ghostly","Ghostly","Prepared","Bane+1","Terror+1","Outmaneuver+1","Sadistic Nature","Wraith Form v2+1","Jack Of All Trades+1","Unload+1","Adrenaline","Quick Slash+1","Acrobatics+1","Die Die Die+1","Slice+1","Skewer+1","Master of Strategy","Bullet Time","Catalyst+1"],"relics":["Ring of the Snake","Molten Egg 2","Regal Pillow","Potion Belt","Kunai","Orichalcum","Astrolabe","Bottled Flame","Snake Skull","Ancient Tea Set","Red Mask","WingedGreaves","Letter Opener","Eternal Feather","Shuriken","Bottled Tornado","Lantern","Pocketwatch","Toxic Egg 2","Darkstone Periapt"],"potions_floor_usage":[29,29,29,33,50,50,50],"damage_taken":[{"damage":0,"enemies":"Cultist","floor":1,"turns":5},{"damage":4,"enemies":"Jaw Worm","floor":5,"turns":5},{"damage":24,"enemies":"Lagavulin","floor":12,"turns":7},{"damage":0,"enemies":"2 Louse","floor":13,"turns":1},{"damage":31,"enemies":"Gremlin Nob","floor":14,"turns":5},{"damage":24,"enemies":"Hexaghost","floor":16,"turns":10},{"damage":22,"enemies":"2 Thieves","floor":18,"turns":3},{"damage":0,"enemies":"Spheric Guardian","floor":21,"turns":5},{"damage":0,"enemies":"Snecko","floor":22,"turns":6},{"damage":14,"enemies":"Book of Stabbing","floor":23,"turns":5},{"damage":0,"enemies":"Snake Plant","floor":25,"turns":6},{"damage":0,"enemies":"Cultist and Chosen","floor":27,"turns":4},{"damage":0,"enemies":"Masked Bandits","floor":28,"turns":4},{"damage":0,"enemies":"Gremlin Leader","floor":29,"turns":5},{"damage":0,"enemies":"Book of Stabbing","floor":31,"turns":7},{"damage":13,"enemies":"Champ","floor":33,"turns":11},{"damage":0,"enemies":"3 Darklings","floor":35,"turns":5},{"damage":12,"enemies":"Orb Walker","floor":36,"turns":4},{"damage":0,"enemies":"Reptomancer","floor":42,"turns":6},{"damage":0,"enemies":"Giant Head","floor":45,"turns":7},{"damage":0,"enemies":"Reptomancer","floor":47,"turns":5},{"damage":18,"enemies":"Donu and Deca","floor":50,"turns":7}],"seed_played":"-3795320670520458606","potions_obtained":[{"floor":1,"key":"FairyPotion"},{"floor":5,"key":"Ancient Potion"},{"floor":16,"key":"EssenceOfSteel"},{"floor":18,"key":"EssenceOfSteel"},{"floor":28,"key":"Swift Potion"},{"floor":31,"key":"Dexterity Potion"},{"floor":36,"key":"Regen Potion"},{"floor":45,"key":"Strength Potion"}],"is_trial":false,"path_per_floor":["M","?","$","?","M","R","?","R","T","?","?","E","M","E","R","B",null,"M","?","T","M","M","E","?","M","T","M","?","E","$","E","R","B",null,"M","M","?","$","?","R","?","E","T","$","E","$","E","T","R","B",null],"character_chosen":"THE_SILENT","items_purchased":["Sadistic Nature","Wraith Form v2","Jack Of All Trades","Skewer+1","Shuriken","SteroidPotion"],"campfire_rested":2,"item_purchase_floors":[30,30,30,38,38,44],"current_hp_per_floor":[63,63,63,63,59,59,56,56,56,56,56,32,32,1,37,13,56,34,34,34,34,34,20,20,20,20,20,20,20,20,20,35,22,32,32,20,20,20,20,35,35,35,35,35,35,35,35,35,35,26],"gold":166,"neow_bonus":"RANDOM_COLORLESS_2","is_prod":false,"is_daily":false,"chose_seed":false,"campfire_upgraded":4,"win_rate":0,"timestamp":1557778618,"path_taken":["M","?","$","?","?","R","?","R","T","?","?","E","?","E","R","BOSS","M","?","?","M","?","E","?","M","T","?","?","E","$","E","R","BOSS","M","M","?","?","?","R","?","E","T","$","E","?","E","?","R","BOSS"],"build_version":"2019-01-23","purchased_purges":1,"victory":true,"max_hp_per_floor":[70,70,70,70,70,70,70,70,70,70,70,70,70,70,70,70,70,70,35,35,35,35,35,35,35,35,35,35,35,35,35,35,35,35,35,35,35,35,35,35,35,35,35,35,35,35,35,35,35,35],"card_choices":[{"not_picked":["Poisoned Stab","Flying Knee","Reflex"],"picked":"SKIP","floor":1},{"not_picked":["Deadly Poison","Caltrops"],"picked":"Finisher","floor":5},{"not_picked":["Setup","Distraction"],"picked":"All Out Attack+1","floor":12},{"not_picked":["Slice+1","Prepared"],"picked":"Infinite Blades","floor":13},{"not_picked":["Eviscerate+1","Poisoned Stab+1","Deflect"],"picked":"SKIP","floor":14},{"not_picked":["Corpse Explosion","Wraith Form v2"],"picked":"Unload+1","floor":16},{"not_picked":["Well Laid Plans+1","Deadly Poison"],"picked":"Terror","floor":18},{"not_picked":["Quick Slash+1","Noxious Fumes"],"picked":"Prepared","floor":21},{"not_picked":["Acrobatics","Slice+1","Escape Plan"],"picked":"SKIP","floor":22},{"not_picked":["Caltrops+1","Concentrate","Sucker Punch+1"],"picked":"SKIP","floor":23},{"not_picked":["Underhanded Strike+1","Well Laid Plans"],"picked":"Finisher+1","floor":25},{"not_picked":["Acrobatics","Choke+1"],"picked":"Bane+1","floor":27},{"not_picked":["Footwork","Slice+1"],"picked":"Terror+1","floor":28},{"not_picked":["Dagger Throw+1","Poisoned Stab+1"],"picked":"Outmaneuver+1","floor":29},{"not_picked":["Underhanded Strike+1","Quick Slash+1"],"picked":"Unload+1","floor":31},{"not_picked":["A Thousand Cuts","Phantasmal Killer"],"picked":"Adrenaline","floor":33},{"not_picked":["Well Laid Plans","Slice+1"],"picked":"Quick Slash+1","floor":35},{"not_picked":["Slice+1","Backflip+1"],"picked":"Acrobatics+1","floor":36},{"not_picked":["Mind Blast+1","Secret Weapon"],"picked":"Master of Strategy","floor":39},{"not_picked":["Deflect+1","Sucker Punch+1"],"picked":"Bullet Time","floor":42},{"not_picked":["Terror","Escape Plan","All Out Attack+1"],"picked":"SKIP","floor":45},{"not_picked":["Skewer+1","Flechettes+1"],"picked":"Catalyst","floor":47}],"player_experience":1847861,"relics_obtained":[{"floor":9,"key":"Regal Pillow"},{"floor":12,"key":"Kunai"},{"floor":14,"key":"Orichalcum"},{"floor":20,"key":"Bottled Flame"},{"floor":23,"key":"Snake Skull"},{"floor":26,"key":"Ancient Tea Set"},{"floor":28,"key":"Red Mask"},{"floor":29,"key":"WingedGreaves"},{"floor":31,"key":"Letter Opener"},{"floor":42,"key":"Bottled Tornado"},{"floor":43,"key":"Lantern"},{"floor":45,"key":"Pocketwatch"},{"floor":47,"key":"Toxic Egg 2"},{"floor":48,"key":"Darkstone Periapt"}],"event_choices":[{"damage_healed":0,"gold_gain":175,"player_choice":"AGREE","damage_taken":0,"max_hp_gain":0,"max_hp_loss":0,"event_name":"Liars Game","floor":2,"gold_loss":0,"cards_obtained":["Doubt"]},{"cards_removed":["Strike_G"],"damage_healed":0,"gold_gain":0,"player_choice":"Purged","damage_taken":0,"max_hp_gain":0,"max_hp_loss":0,"event_name":"Purifier","floor":4,"gold_loss":0},{"damage_healed":0,"gold_gain":0,"player_choice":"Success","damage_taken":3,"relics_obtained":["Molten Egg 2"],"max_hp_gain":0,"max_hp_loss":0,"event_name":"Scrap Ooze","floor":7,"gold_loss":0},{"damage_healed":0,"gold_gain":0,"player_choice":"Searched \u00272\u0027 times","damage_taken":0,"relics_obtained":["Potion Belt"],"max_hp_gain":0,"max_hp_loss":0,"event_name":"Dead Adventurer","floor":10,"gold_loss":0},{"damage_healed":0,"gold_gain":0,"player_choice":"Upgraded","damage_taken":0,"max_hp_gain":0,"max_hp_loss":0,"event_name":"Upgrade Shrine","floor":11,"gold_loss":0,"cards_upgraded":["Panache"]},{"damage_healed":0,"gold_gain":0,"player_choice":"Became a Ghost","damage_taken":0,"max_hp_gain":0,"max_hp_loss":35,"event_name":"Ghosts","floor":19,"gold_loss":0,"cards_obtained":["Ghostly","Ghostly","Ghostly","Ghostly","Ghostly"]},{"damage_healed":0,"gold_gain":100,"player_choice":"Pray","damage_taken":0,"max_hp_gain":0,"max_hp_loss":0,"event_name":"Golden Shrine","floor":24,"gold_loss":0},{"damage_healed":0,"gold_gain":0,"player_choice":"Fought Bandits","damage_taken":0,"max_hp_gain":0,"max_hp_loss":0,"event_name":"Masked Bandits","floor":28,"gold_loss":0},{"damage_healed":0,"gold_gain":0,"cards_transformed":["Defend_G","Strike_G"],"player_choice":"Transformed Cards","damage_taken":0,"max_hp_gain":0,"max_hp_loss":0,"event_name":"Designer","floor":37,"gold_loss":60,"cards_obtained":["Die Die Die","Slice"]},{"damage_healed":0,"gold_gain":0,"player_choice":"Memory 1","damage_taken":0,"max_hp_gain":0,"max_hp_loss":0,"event_name":"SensoryStone","floor":39,"gold_loss":0},{"cards_removed":["Finisher"],"damage_healed":0,"gold_gain":0,"player_choice":"Removed Attack","damage_taken":0,"max_hp_gain":0,"max_hp_loss":0,"event_name":"Falling","floor":41,"gold_loss":0}],"is_beta":false,"boss_relics":[{"not_picked":["Lizard Tail","Calling Bell"],"picked":"Astrolabe"},{"not_picked":["HoveringKite","Sozu"],"picked":"Eternal Feather"}],"items_purged_floors":[3],"is_endless":false,"potions_floor_spawned":[1,5,16,18,23,27,28,31,36,45,47],"ascension_level":11}