{"gold_per_floor":[111,111,186,202,202,227,246,264,264,264,279,27,45,57,57,130,130,143,162,162,66,86,286,298,324,324,324],"floor_reached":27,"playtime":1837,"items_purged":["Regret"],"score":498,"play_id":"600fa2aa-fcc9-4ec2-8868-b0b7b72d7682","local_time":"20190510130753","is_ascension_mode":true,"campfire_choices":[{"data":"Glass Knife","floor":10,"key":"SMITH"},{"data":"Noxious Fumes","floor":15,"key":"SMITH"}],"neow_cost":"NONE","seed_source_timestamp":26852527099717,"circlet_count":0,"master_deck":["AscendersBane","Defend_G","Defend_G","Defend_G","Defend_G","Defend_G","Strike_G","Strike_G","Strike_G","Strike_G","Survivor","Neutralize","Escape Plan","Sucker Punch","Dash","Neutralize","Backstab","Glass Knife+1","Noxious Fumes+1","Riddle With Holes","Dark Shackles","Well Laid Plans","Backstab","Caltrops","After Image","Finisher","Blade Dance","Footwork","PiercingWail","Prepared+1","Dash","Dash"],"relics":["Ring of the Serpent","NeowsBlessing","Ornamental Fan","Ninja Scroll","Darkstone Periapt","Ginger","Frozen Egg 2"],"potions_floor_usage":[14,19,19,19,22,25,25],"damage_taken":[{"damage":0,"enemies":"Cultist","floor":1,"turns":1},{"damage":0,"enemies":"2 Louse","floor":4,"turns":2},{"damage":0,"enemies":"Gremlin Nob","floor":6,"turns":1},{"damage":3,"enemies":"Small Slimes","floor":7,"turns":2},{"damage":0,"enemies":"Red Slaver","floor":8,"turns":2},{"damage":0,"enemies":"2 Fungi Beasts","floor":11,"turns":1},{"damage":0,"enemies":"3 Louse","floor":13,"turns":2},{"damage":0,"enemies":"Large Slime","floor":14,"turns":2},{"damage":2,"enemies":"Hexaghost","floor":16,"turns":9},{"damage":8,"enemies":"Shell Parasite","floor":18,"turns":4},{"damage":0,"enemies":"Spheric Guardian","floor":19,"turns":4},{"damage":10,"enemies":"Chosen and Byrds","floor":22,"turns":6},{"damage":11,"enemies":"Shelled Parasite and Fungi","floor":24,"turns":4},{"damage":27,"enemies":"Gremlin Leader","floor":25,"turns":7},{"damage":8,"enemies":"3 Cultists","floor":27,"turns":3}],"seed_played":"689076223686455029","potions_obtained":[{"floor":1,"key":"FearPotion"},{"floor":4,"key":"Dexterity Potion"},{"floor":14,"key":"SkillPotion"},{"floor":16,"key":"EntropicBrew"},{"floor":19,"key":"Fire Potion"},{"floor":22,"key":"GamblersBrew"},{"floor":24,"key":"Explosive Potion"}],"is_trial":false,"path_per_floor":["M","?","?","M","?","E","M","M","T","R","M","$","M","M","R","B",null,"M","M","?","$","M","?","M","E","T","M"],"character_chosen":"THE_SILENT","items_purchased":["Dark Shackles","Well Laid Plans","Footwork","PiercingWail"],"campfire_rested":0,"item_purchase_floors":[12,12,21,21],"current_hp_per_floor":[59,59,48,48,48,48,45,45,45,45,45,45,45,45,45,43,60,52,52,52,52,42,42,31,4,4,0],"gold":324,"neow_bonus":"THREE_ENEMY_KILL","is_prod":false,"is_daily":false,"chose_seed":false,"campfire_upgraded":2,"win_rate":0,"timestamp":1557518873,"path_taken":["M","?","?","M","?","E","M","?","T","R","M","$","M","M","R","BOSS","M","M","?","$","?","?","M","E","T","M"],"build_version":"2019-01-23","purchased_purges":1,"victory":false,"max_hp_per_floor":[66,66,66,66,66,66,66,66,66,66,66,66,66,66,66,66,66,66,66,66,66,66,66,66,66,66,66],"card_choices":[{"not_picked":["Flying Knee","Blade Dance"],"picked":"Escape Plan","floor":1},{"not_picked":["Flying Knee","Underhanded Strike"],"picked":"Sucker Punch","floor":4},{"not_picked":["Well Laid Plans","Sucker Punch"],"picked":"Backstab","floor":6},{"not_picked":["Slice","Outmaneuver"],"picked":"Glass Knife","floor":7},{"not_picked":["Tactician","Choke"],"picked":"Noxious Fumes","floor":8},{"not_picked":["Dodge and Roll","Concentrate"],"picked":"Riddle With Holes","floor":11},{"not_picked":["Blade Dance","Bane"],"picked":"Backstab","floor":13},{"not_picked":["Flying Knee","Backflip"],"picked":"Caltrops","floor":14},{"not_picked":["Night Terror","Envenom"],"picked":"After Image","floor":16},{"not_picked":["Escape Plan","Bouncing Flask"],"picked":"Finisher","floor":18},{"not_picked":["Sucker Punch","Concentrate"],"picked":"Blade Dance","floor":19},{"not_picked":["PiercingWail","Dagger Spray"],"picked":"Prepared+1","floor":22},{"not_picked":["Dodge and Roll","Skewer"],"picked":"Dash","floor":24},{"not_picked":["Backflip","Skewer"],"picked":"Dash","floor":25}],"player_experience":1677157,"relics_obtained":[{"floor":6,"key":"Ninja Scroll"},{"floor":9,"key":"Darkstone Periapt"},{"floor":25,"key":"Ginger"},{"floor":26,"key":"Frozen Egg 2"}],"event_choices":[{"damage_healed":0,"gold_gain":0,"player_choice":"Box","damage_taken":0,"relics_obtained":["Ornamental Fan"],"max_hp_gain":0,"max_hp_loss":0,"event_name":"Big Fish","floor":2,"gold_loss":0,"cards_obtained":["Regret"]},{"damage_healed":0,"gold_gain":75,"player_choice":"Gather Gold","damage_taken":11,"max_hp_gain":0,"max_hp_loss":0,"event_name":"World of Goop","floor":3,"gold_loss":0},{"damage_healed":0,"gold_gain":0,"player_choice":"2 cards matched","damage_taken":0,"max_hp_gain":0,"max_hp_loss":0,"event_name":"Match and Keep!","floor":5,"gold_loss":0,"cards_obtained":["Dash","Neutralize"]},{"cards_removed":["Strike_G"],"damage_healed":0,"gold_gain":0,"player_choice":"Purged","damage_taken":0,"max_hp_gain":0,"max_hp_loss":0,"event_name":"Purifier","floor":20,"gold_loss":0},{"damage_healed":0,"gold_gain":200,"player_choice":"Gold","damage_taken":0,"max_hp_gain":0,"max_hp_loss":0,"event_name":"Wheel of Change","floor":23,"gold_loss":0}],"is_beta":false,"boss_relics":[{"not_picked":["Astrolabe","Coffee Dripper"],"picked":"Ring of the Serpent"}],"items_purged_floors":[12],"is_endless":false,"potions_floor_spawned":[1,4,8,14,16,19,22,24],"killed_by":"3 Cultists","ascension_level":18}