{"gold_per_floor":[369,381,398,398,398,398,418,436,459,253,272,287,301,312,312,312],"floor_reached":16,"playtime":643,"items_purged":[],"score":147,"play_id":"fae46282-8676-431e-b69a-a26c7312cd37","local_time":"20190113124134","is_ascension_mode":true,"campfire_choices":[{"floor":6,"key":"REST"},{"floor":15,"key":"REST"}],"neow_cost":"CURSE","seed_source_timestamp":295359922414100,"circlet_count":0,"master_deck":["AscendersBane","Strike_R","Strike_R","Strike_R","Strike_R","Strike_R","Defend_R","Defend_R","Defend_R","Defend_R","Bash","Body Slam","Dual Wield","Armaments","Seeing Red","Cleave","True Grit","Feed","Shockwave"],"relics":["Burning Blood","Omamori","Toy Ornithopter"],"potions_floor_usage":[2,7,8,11,13,16],"damage_taken":[{"damage":21,"enemies":"Cultist","floor":1,"turns":5},{"damage":7,"enemies":"2 Louse","floor":2,"turns":2},{"damage":16,"enemies":"Small Slimes","floor":3,"turns":4},{"damage":11,"enemies":"Looter","floor":7,"turns":2},{"damage":12,"enemies":"Red Slaver","floor":8,"turns":5},{"damage":0,"enemies":"Lots of Slimes","floor":11,"turns":1},{"damage":11,"enemies":"Blue Slaver","floor":12,"turns":3},{"damage":25,"enemies":"Exordium Thugs","floor":13,"turns":6},{"damage":30,"enemies":"2 Fungi Beasts","floor":14,"turns":4},{"damage":56,"enemies":"Slime Boss","floor":16,"turns":10}],"seed_played":"4211696179634054057","potions_obtained":[{"floor":1,"key":"SteroidPotion"},{"floor":3,"key":"Explosive Potion"},{"floor":5,"key":"LiquidBronze"},{"floor":5,"key":"SteroidPotion"},{"floor":8,"key":"Explosive Potion"},{"floor":12,"key":"Dexterity Potion"}],"is_trial":false,"path_per_floor":["M","M","M","?","?","R","M","M","T","$","M","M","M","M","R","B"],"character_chosen":"IRONCLAD","items_purchased":["Toy Ornithopter"],"campfire_rested":2,"item_purchase_floors":[10],"current_hp_per_floor":[57,56,46,39,39,63,58,52,52,52,63,58,44,20,44,0],"gold":312,"neow_bonus":"TWO_FIFTY_GOLD","is_prod":false,"is_daily":false,"chose_seed":false,"campfire_upgraded":0,"win_rate":0,"timestamp":1547379694,"path_taken":["M","M","?","?","?","R","M","M","T","$","M","M","M","M","R","BOSS"],"build_version":"2019-01-10","purchased_purges":0,"victory":false,"max_hp_per_floor":[80,80,80,80,80,80,80,80,80,80,80,80,80,80,80,80],"card_choices":[{"not_picked":["Uppercut","Sentinel"],"picked":"Body Slam","floor":1},{"not_picked":["Anger","Blood for Blood"],"picked":"Dual Wield","floor":2},{"not_picked":["Wild Strike","Flex"],"picked":"Armaments","floor":3},{"not_picked":["Clothesline","Cleave"],"picked":"Seeing Red","floor":7},{"not_picked":["Sword Boomerang","Havoc"],"picked":"Cleave","floor":8},{"not_picked":["True Grit","Dropkick","Warcry"],"picked":"SKIP","floor":11},{"not_picked":["Rupture","Anger"],"picked":"True Grit","floor":12},{"not_picked":["Second Wind","Infernal Blade"],"picked":"Feed","floor":13},{"not_picked":["Warcry","Blood for Blood"],"picked":"Shockwave","floor":14}],"player_experience":1108121,"relics_obtained":[{"floor":9,"key":"Omamori"}],"event_choices":[{"cards_removed":["Shame"],"damage_healed":0,"gold_gain":0,"player_choice":"Card Removal","damage_taken":7,"max_hp_gain":0,"max_hp_loss":0,"event_name":"Golden Wing","floor":4,"gold_loss":0},{"damage_healed":0,"gold_gain":0,"player_choice":"Got Potions","damage_taken":0,"max_hp_gain":0,"max_hp_loss":0,"event_name":"Lab","floor":5,"gold_loss":0}],"is_beta":false,"boss_relics":[],"items_purged_floors":[],"is_endless":false,"potions_floor_spawned":[1,3,8,12],"killed_by":"Slime Boss","ascension_level":10}