{"gold_per_floor":[114,129,144,144,159,159,189,189,214,214,63,78,93,108,108,208,208,208,208,132,132,132,132,132,132,132,132,132,132,132,79,79,79,79,79,79,79,79,79,79,79,79,79,79,26,26,26,26,26,26],"floor_reached":51,"playtime":4159,"items_purged":["Zap"],"score":753,"play_id":"3986f8a5-8e09-432f-b3bc-8e52321a47b8","local_time":"20190514173701","daily_mods":["Chimera","Uncertain Future","Lethality"],"is_ascension_mode":false,"campfire_choices":[{"data":"Inflame","floor":6.0,"key":"SMITH"},{"data":"Sword Boomerang","floor":8.0,"key":"SMITH"},{"data":"Warcry","floor":15.0,"key":"SMITH"},{"data":"Inflame","floor":25.0,"key":"SMITH"},{"data":"Sword Boomerang","floor":29.0,"key":"SMITH"},{"data":"Sword Boomerang","floor":32.0,"key":"SMITH"},{"data":"Heavy Blade","floor":41,"key":"SMITH"},{"data":"Pommel Strike","floor":47,"key":"SMITH"},{"floor":49,"key":"REST"}],"neow_cost":"","seed_source_timestamp":0,"circlet_count":0,"master_deck":["Bash","Survivor","Strike_R","Strike_G","Strike_B","Defend_R","Defend_G","Sword Boomerang+1","Anger","Inflame+1","Sword Boomerang+1","Pummel","Warcry+1","Pommel Strike+1","Thunderclap","Limit Break","Armaments","Pommel Strike+1","Inflame+1","Pummel+1","Pummel","Pummel","Sword Boomerang+1","Impervious","Heavy Blade+1","Secret Weapon","Mayhem","Sword Boomerang+1","Pommel Strike+1","Thunderclap","Shrug It Off+1"],"special_seed":18030,"relics":["Burning Blood","Blue Candle","Strawberry","Ectoplasm","Unceasing Top","Pear","Philosopher\u0027s Stone","Meat on the Bone","Dodecahedron","Bird Faced Urn"],"potions_floor_usage":[39,48,50,50],"damage_taken":[{"damage":9.0,"enemies":"Cultist","floor":1.0,"turns":3.0},{"damage":0.0,"enemies":"2 Louse","floor":2.0,"turns":1.0},{"damage":6.0,"enemies":"Jaw Worm","floor":3.0,"turns":2.0},{"damage":3.0,"enemies":"Large Slime","floor":5.0,"turns":4.0},{"damage":24.0,"enemies":"Lagavulin","floor":7.0,"turns":4.0},{"damage":0.0,"enemies":"Looter","floor":12.0,"turns":1.0},{"damage":0.0,"enemies":"Exordium Wildlife","floor":13.0,"turns":2.0},{"damage":10.0,"enemies":"2 Fungi Beasts","floor":14.0,"turns":2.0},{"damage":30.0,"enemies":"The Guardian","floor":16.0,"turns":6.0},{"damage":16.0,"enemies":"Chosen","floor":18.0,"turns":2.0},{"damage":0.0,"enemies":"Spheric Guardian","floor":19.0,"turns":1.0},{"damage":18.0,"enemies":"Snecko","floor":21.0,"turns":3.0},{"damage":0.0,"enemies":"Snake Plant","floor":22.0,"turns":2.0},{"damage":0.0,"enemies":"Gremlin Leader","floor":23.0,"turns":2.0},{"damage":10.0,"enemies":"3 Cultists","floor":28.0,"turns":3.0},{"damage":16.0,"enemies":"Cultist and Chosen","floor":30.0,"turns":3.0},{"damage":36.0,"enemies":"Collector","floor":33.0,"turns":3.0},{"damage":6,"enemies":"3 Shapes","floor":35,"turns":3},{"damage":0,"enemies":"3 Darklings","floor":38,"turns":3},{"damage":20,"enemies":"Spire Growth","floor":39,"turns":2},{"damage":17,"enemies":"Giant Head","floor":40,"turns":3},{"damage":0,"enemies":"4 Shapes","floor":42,"turns":3},{"damage":0,"enemies":"Sphere and 2 Shapes","floor":44,"turns":3},{"damage":33,"enemies":"Writhing Mass","floor":46,"turns":2},{"damage":11,"enemies":"Mind Bloom Boss Battle","floor":48,"turns":3},{"damage":49,"enemies":"Donu and Deca","floor":50,"turns":5}],"seed_played":"7474928015794905263","potions_obtained":[{"floor":1.0,"key":"Poison Potion"},{"floor":7.0,"key":"Regen Potion"},{"floor":12.0,"key":"Energy Potion"},{"floor":13.0,"key":"FearPotion"},{"floor":16.0,"key":"GamblersBrew"},{"floor":28.0,"key":"Fire Potion"},{"floor":38,"key":"BloodPotion"},{"floor":39,"key":"Weak Potion"},{"floor":44,"key":"BloodPotion"},{"floor":48,"key":"BloodPotion"}],"is_trial":false,"path_per_floor":["M","M","M","?","M","R","E","R","T","T","$","M","M","M","R","B",null,"M","M","$","M","M","E","?","R","T","?","M","R","M","$","R","B",null,"M","?","?","M","M","E","R","M","T","M","$","M","R","?","R","B",null],"character_chosen":"IRONCLAD","items_purchased":["Pummel","Inflame","Sword Boomerang","Thunderclap"],"campfire_rested":1,"item_purchase_floors":[11,20,31,45],"current_hp_per_floor":[77,80,80,85,85,85,67,67,74,74,74,80,86,82,82,58,92,82,88,88,76,82,88,88,88,98,98,94,94,84,84,84,59,102,102,97,97,102,98,87,87,93,93,99,99,72,72,77,102,65],"gold":26,"neow_bonus":"","is_prod":false,"is_daily":true,"chose_seed":false,"campfire_upgraded":8,"win_rate":0,"timestamp":1557848221,"path_taken":["M","?","M","?","M","R","E","R","T","?","$","M","M","M","R","BOSS","M","M","$","M","M","E","?","R","T","?","M","R","M","?","R","BOSS","M","?","?","M","M","E","R","M","T","M","$","M","R","?","R","BOSS"],"build_version":"2019-01-23","purchased_purges":1,"victory":true,"max_hp_per_floor":[80,80,80,85,85,85,85,85,92,92,92,92,92,92,92,92,92,92,92,92,92,92,92,92,92,102,102,102,102,102,102,102,102,102,102,102,102,102,102,102,102,102,102,102,102,102,102,102,102,102],"card_choices":[{"not_picked":["Second Wind","Clash"],"picked":"Sword Boomerang","floor":1.0},{"not_picked":["Armaments","Disarm"],"picked":"Anger","floor":2.0},{"not_picked":["Thunderclap","Clothesline"],"picked":"Inflame","floor":3.0},{"not_picked":["Body Slam","Bloodletting","Feel No Pain"],"picked":"SKIP","floor":5.0},{"not_picked":["Armaments","Wild Strike"],"picked":"Sword Boomerang","floor":7.0},{"not_picked":["Perfected Strike","Ghostly Armor"],"picked":"Warcry","floor":12.0},{"not_picked":["Clothesline","Disarm"],"picked":"Pommel Strike","floor":13.0},{"not_picked":["Wild Strike","Sentinel"],"picked":"Thunderclap","floor":14.0},{"not_picked":["Impervious","Dark Embrace"],"picked":"Limit Break","floor":16.0},{"not_picked":["Havoc","Anger"],"picked":"Armaments","floor":18.0},{"not_picked":["Feel No Pain","Warcry+1"],"picked":"Pommel Strike+1","floor":19.0},{"not_picked":["Whirlwind","Twin Strike"],"picked":"Pummel+1","floor":21.0},{"not_picked":["Clash+1","Twin Strike"],"picked":"Pummel","floor":22.0},{"not_picked":["Whirlwind","Cleave+1","Fire Breathing"],"picked":"SKIP","floor":23.0},{"not_picked":["True Grit","Burning Pact","Pommel Strike"],"picked":"SKIP","floor":28.0},{"not_picked":["Fire Breathing+1","Rampage+1"],"picked":"Pummel","floor":30.0},{"not_picked":["Juggernaut","Fiend Fire"],"picked":"Impervious","floor":33.0},{"not_picked":["Perfected Strike+1","Havoc+1"],"picked":"Heavy Blade","floor":35},{"not_picked":["Panache","Apotheosis"],"picked":"Secret Weapon","floor":36},{"not_picked":["Dramatic Entrance","Magnetism"],"picked":"Mayhem","floor":36},{"not_picked":["Inflame","Wild Strike+1"],"picked":"Sword Boomerang+1","floor":38},{"not_picked":["Sever Soul","Power Through+1","Clash+1"],"picked":"SKIP","floor":39},{"not_picked":["Power Through","Carnage","Sentinel"],"picked":"SKIP","floor":40},{"not_picked":["Wild Strike+1","Feel No Pain+1","Combust"],"picked":"SKIP","floor":42},{"not_picked":["Second Wind","Anger"],"picked":"Pommel Strike+1","floor":44},{"not_picked":["Rupture+1","Dual Wield"],"picked":"Shrug It Off+1","floor":46}],"player_experience":86953,"relics_obtained":[{"floor":7.0,"key":"Blue Candle"},{"floor":9.0,"key":"Strawberry"},{"floor":23.0,"key":"Unceasing Top"},{"floor":26.0,"key":"Pear"},{"floor":40,"key":"Meat on the Bone"},{"floor":43,"key":"Dodecahedron"},{"floor":48,"key":"Bird Faced Urn"}],"event_choices":[{"damage_healed":0.0,"max_hp_gain":5.0,"max_hp_loss":0.0,"gold_gain":0.0,"event_name":"Big Fish","player_choice":"Donut","floor":4.0,"gold_loss":0.0,"damage_taken":0.0},{"damage_healed":0.0,"max_hp_gain":0.0,"max_hp_loss":0.0,"gold_gain":0.0,"event_name":"Vampires","player_choice":"Ignored","floor":24.0,"gold_loss":0.0,"damage_taken":0.0},{"damage_healed":0.0,"max_hp_gain":0.0,"max_hp_loss":0.0,"gold_gain":0.0,"event_name":"The Mausoleum","player_choice":"Ignored","floor":27.0,"gold_loss":0.0,"damage_taken":0.0},{"damage_healed":0,"gold_gain":0,"player_choice":"Memory 2","damage_taken":5,"max_hp_gain":0,"max_hp_loss":0,"event_name":"SensoryStone","floor":36,"gold_loss":0},{"cards_removed":["Defend_B"],"damage_healed":0,"gold_gain":0,"player_choice":"Removed Skill","damage_taken":0,"max_hp_gain":0,"max_hp_loss":0,"event_name":"Falling","floor":37,"gold_loss":0},{"damage_healed":0,"gold_gain":0,"player_choice":"Fight","damage_taken":0,"max_hp_gain":0,"max_hp_loss":0,"event_name":"MindBloom","floor":48,"gold_loss":0}],"is_beta":false,"boss_relics":[{"not_picked":["Busted Crown","Fusion Hammer"],"picked":"Ectoplasm"},{"not_picked":["Snecko Eye","Astrolabe"],"picked":"Philosopher\u0027s Stone"}],"items_purged_floors":[11],"is_endless":false,"potions_floor_spawned":[1,7,12,13,16,18,21,28,38,39,44,48],"ascension_level":0}