{"gold_per_floor":[114,114,39,55,55,55,69,98,98,113,113,113,139,93,93,190,190,204,204,204,223,223,223,255,354,407,407,436,446,457,457,457,457],"floor_reached":33,"playtime":1732,"items_purged":["Defend_G"],"score":451,"play_id":"8e13d6d8-e65d-495b-9325-cfb91bb3d469","local_time":"20190413185817","is_ascension_mode":true,"campfire_choices":[{"floor":6,"key":"REST"},{"data":"Dagger Spray","floor":12,"key":"SMITH"},{"floor":15,"key":"REST"},{"floor":23,"key":"REST"},{"floor":27,"key":"REST"},{"floor":32,"key":"REST"}],"neow_cost":"NONE","seed_source_timestamp":237804441969000,"circlet_count":0,"master_deck":["AscendersBane","Defend_G","Defend_G","Defend_G","Defend_G","Strike_G","Strike_G","Strike_G","Survivor","Neutralize","PiercingWail","Flying Knee","Dagger Spray+1","Blade Dance","Backstab","Skewer","Burst","Escape Plan","Footwork","A Thousand Cuts","Escape Plan","PiercingWail","Dagger Spray","Storm of Steel","Reflex+1","Caltrops+1","Cloak And Dagger+1"],"relics":["Ring of the Snake","Tingsha","Anchor","Ice Cream","Juzu Bracelet","Orrery","Enchiridion","Pen Nib","Oddly Smooth Stone","Letter Opener"],"potions_floor_usage":[4,8,16],"damage_taken":[{"damage":4,"enemies":"2 Louse","floor":1,"turns":3},{"damage":0,"enemies":"Jaw Worm","floor":4,"turns":4},{"damage":6,"enemies":"Small Slimes","floor":7,"turns":4},{"damage":20,"enemies":"3 Sentries","floor":8,"turns":8},{"damage":5,"enemies":"3 Louse","floor":10,"turns":3},{"damage":37,"enemies":"Gremlin Nob","floor":13,"turns":5},{"damage":44,"enemies":"Slime Boss","floor":16,"turns":10},{"damage":19,"enemies":"2 Thieves","floor":18,"turns":5},{"damage":2,"enemies":"3 Byrds","floor":21,"turns":4},{"damage":16,"enemies":"Gremlin Leader","floor":24,"turns":9},{"damage":36,"enemies":"Slavers","floor":28,"turns":6},{"damage":9,"enemies":"Shelled Parasite and Fungi","floor":29,"turns":6},{"damage":6,"enemies":"Snake Plant","floor":30,"turns":3},{"damage":67,"enemies":"Champ","floor":33,"turns":11}],"seed_played":"-5695784343705167718","potions_obtained":[{"floor":0,"key":"AttackPotion"},{"floor":0,"key":"SkillPotion"},{"floor":4,"key":"SpeedPotion"},{"floor":10,"key":"Ancient Potion"},{"floor":13,"key":"Weak Potion"},{"floor":28,"key":"FairyPotion"},{"floor":30,"key":"Explosive Potion"}],"is_trial":false,"path_per_floor":["M","?","$","M","?","R","M","E","T","M","?","R","E","?","R","B",null,"M","?","?","M","?","R","E","?","T","R","E","M","M","?","R","B"],"character_chosen":"THE_SILENT","items_purchased":[],"campfire_rested":5,"item_purchase_floors":[],"current_hp_per_floor":[59,52,52,52,49,70,64,44,44,39,62,62,25,25,46,2,53,34,57,57,55,39,60,44,44,44,65,29,20,14,14,35,0],"gold":457,"neow_bonus":"THREE_SMALL_POTIONS","is_prod":false,"is_daily":false,"chose_seed":false,"campfire_upgraded":1,"win_rate":0,"timestamp":1555174697,"path_taken":["M","?","$","M","?","R","M","E","T","M","?","R","E","?","R","BOSS","M","?","?","M","?","R","E","?","T","R","E","M","M","?","R","BOSS"],"build_version":"2019-01-23","purchased_purges":1,"victory":false,"max_hp_per_floor":[70,70,70,70,70,70,70,70,70,70,70,70,70,70,70,70,70,70,70,70,70,70,70,70,70,70,70,70,70,70,70,70,70],"card_choices":[{"not_picked":["Deflect","Flechettes"],"picked":"PiercingWail","floor":1},{"not_picked":["Sucker Punch","Acrobatics"],"picked":"Flying Knee","floor":4},{"not_picked":["Eviscerate","Reflex"],"picked":"Dagger Spray","floor":7},{"not_picked":["Terror","Poisoned Stab"],"picked":"Blade Dance","floor":8},{"not_picked":["Underhanded Strike","Escape Plan"],"picked":"Backstab","floor":10},{"not_picked":["Catalyst","Bouncing Flask"],"picked":"Skewer","floor":13},{"not_picked":["Unload","After Image"],"picked":"Burst","floor":16},{"not_picked":["All Out Attack","Poisoned Stab"],"picked":"Escape Plan","floor":17},{"not_picked":["Poisoned Stab","Eviscerate"],"picked":"Footwork","floor":17},{"not_picked":["Cloak And Dagger","Concentrate"],"picked":"A Thousand Cuts","floor":17},{"not_picked":["Outmaneuver","Slice"],"picked":"Escape Plan","floor":17},{"not_picked":["Bouncing Flask","Acrobatics"],"picked":"PiercingWail","floor":17},{"not_picked":["Acrobatics","Bane"],"picked":"Dagger Spray","floor":18},{"not_picked":["Dagger Throw","Sucker Punch","Eviscerate"],"picked":"SKIP","floor":21},{"not_picked":["Poisoned Stab","Outmaneuver"],"picked":"Storm of Steel","floor":24},{"not_picked":["Heel Hook","Flying Knee+1"],"picked":"Reflex+1","floor":28},{"not_picked":["Slice","Setup"],"picked":"Caltrops+1","floor":29},{"not_picked":["Slice+1","Underhanded Strike"],"picked":"Cloak And Dagger+1","floor":30}],"player_experience":1690441,"relics_obtained":[{"floor":8,"key":"Anchor"},{"floor":9,"key":"Ice Cream"},{"floor":13,"key":"Juzu Bracelet"},{"floor":22,"key":"Enchiridion"},{"floor":24,"key":"Pen Nib"},{"floor":26,"key":"Oddly Smooth Stone"},{"floor":28,"key":"Letter Opener"}],"event_choices":[{"cards_removed":["Strike_G"],"damage_healed":0,"gold_gain":0,"player_choice":"Card Removal","damage_taken":7,"max_hp_gain":0,"max_hp_loss":0,"event_name":"Golden Wing","floor":2,"gold_loss":0},{"damage_healed":0,"gold_gain":0,"player_choice":"Success","damage_taken":3,"relics_obtained":["Tingsha"],"max_hp_gain":0,"max_hp_loss":0,"event_name":"Scrap Ooze","floor":5,"gold_loss":0},{"damage_healed":23,"gold_gain":0,"player_choice":"Banana","damage_taken":0,"max_hp_gain":0,"max_hp_loss":0,"event_name":"Big Fish","floor":11,"gold_loss":0},{"damage_healed":0,"gold_gain":0,"player_choice":"Left Gold","damage_taken":0,"max_hp_gain":0,"max_hp_loss":0,"event_name":"World of Goop","floor":14,"gold_loss":46},{"damage_healed":23,"gold_gain":0,"player_choice":"Heal","damage_taken":0,"max_hp_gain":0,"max_hp_loss":0,"event_name":"The Library","floor":19,"gold_loss":0},{"damage_healed":0,"gold_gain":0,"player_choice":"Ignored","damage_taken":0,"max_hp_gain":0,"max_hp_loss":0,"event_name":"Vampires","floor":20,"gold_loss":0},{"damage_healed":0,"gold_gain":0,"player_choice":"Obtained Book","damage_taken":16,"max_hp_gain":0,"max_hp_loss":0,"event_name":"Cursed Tome","floor":22,"gold_loss":0},{"damage_healed":0,"gold_gain":99,"player_choice":"Stole From Cult","damage_taken":0,"max_hp_gain":0,"max_hp_loss":0,"event_name":"Nest","floor":25,"gold_loss":0},{"cards_removed":["Strike_G"],"damage_healed":0,"gold_gain":0,"player_choice":"Elegance","damage_taken":0,"max_hp_gain":0,"max_hp_loss":0,"event_name":"Back to Basics","floor":31,"gold_loss":0}],"is_beta":false,"boss_relics":[{"not_picked":["Ring of the Serpent","Runic Pyramid"],"picked":"Orrery"}],"items_purged_floors":[3],"is_endless":false,"potions_floor_spawned":[4,10,13,28,30],"killed_by":"Champ","ascension_level":11}