{"gold_per_floor":[114,114,114,39,50,81,81,6,32,46,76,76,86,13,13,115,115,115,44,44,18,18,18,18,18,18,18,18,18,18,18,18,18,18,18,0,0,0,0,0,0,0,0,0,0,0,0,0,0,0],"floor_reached":51,"playtime":2508,"items_purged":["Strike_G"],"score":1181,"play_id":"49c020cc-1cf6-4244-bd3e-0656c7d3c3be","local_time":"20190509130108","is_ascension_mode":true,"campfire_choices":[{"data":"Footwork","floor":7,"key":"SMITH"},{"floor":15,"key":"REST"},{"data":"Catalyst","floor":24,"key":"SMITH"},{"data":"Footwork","floor":27,"key":"SMITH"},{"floor":32,"key":"REST"},{"data":"1","floor":40,"key":"LIFT"},{"data":"2","floor":44,"key":"LIFT"},{"data":"3","floor":49,"key":"LIFT"}],"neow_cost":"NONE","seed_source_timestamp":444512596080400,"circlet_count":0,"master_deck":["Defend_G","Defend_G","Defend_G+1","Defend_G+1","Defend_G","Strike_G+1","Strike_G+1","Strike_G+1","Strike_G","Survivor+1","Neutralize+1","Dagger Throw","Cloak And Dagger","Footwork+1","Endless Agony+1","Footwork+1","Backflip","PiercingWail","Bouncing Flask","Adrenaline","Deadly Poison+1","Footwork","Catalyst+1","Dagger Spray","Backstab+1","Backflip","Catalyst+1","Crippling Poison","Dodge and Roll","Wraith Form v2","Escape Plan","Dodge and Roll","Flash of Steel","Secret Technique","Thinking Ahead","Dodge and Roll","Prepared","Tactician+1","Cloak And Dagger+1"],"relics":["Ring of the Snake","NeowsBlessing","Regal Pillow","Art of War","War Paint","Ectoplasm","Blood Vial","Darkstone Periapt","Gremlin Horn","Girya","Kunai","Tiny House","Red Mask","Whetstone","Nunchaku","Dream Catcher","Sundial","StoneCalendar"],"potions_floor_usage":[29],"damage_taken":[{"damage":0,"enemies":"Small Slimes","floor":1,"turns":1},{"damage":0,"enemies":"Jaw Worm","floor":5,"turns":1},{"damage":0,"enemies":"Lagavulin","floor":6,"turns":1},{"damage":0,"enemies":"2 Louse","floor":10,"turns":2},{"damage":29,"enemies":"Gremlin Nob","floor":11,"turns":6},{"damage":1,"enemies":"Exordium Wildlife","floor":13,"turns":8},{"damage":9,"enemies":"The Guardian","floor":16,"turns":12},{"damage":0,"enemies":"Shell Parasite","floor":18,"turns":7},{"damage":5,"enemies":"3 Byrds","floor":20,"turns":5},{"damage":0,"enemies":"Book of Stabbing","floor":23,"turns":5},{"damage":10,"enemies":"Centurion and Healer","floor":25,"turns":7},{"damage":4,"enemies":"Slavers","floor":29,"turns":6},{"damage":1,"enemies":"Snecko","floor":30,"turns":6},{"damage":11,"enemies":"Colosseum Slavers","floor":31,"turns":7},{"damage":7,"enemies":"Colosseum Nobs","floor":31,"turns":5},{"damage":30,"enemies":"Collector","floor":33,"turns":7},{"damage":8,"enemies":"3 Shapes","floor":35,"turns":3},{"damage":24,"enemies":"2 Orb Walkers","floor":39,"turns":7},{"damage":5,"enemies":"Nemesis","floor":41,"turns":7},{"damage":1,"enemies":"3 Darklings","floor":45,"turns":5},{"damage":0,"enemies":"Spire Growth","floor":46,"turns":4},{"damage":21,"enemies":"Reptomancer","floor":48,"turns":3},{"damage":1,"enemies":"Awakened One","floor":50,"turns":18}],"seed_played":"-241313708965170616","potions_obtained":[{"floor":6,"key":"Regen Potion"},{"floor":10,"key":"Energy Potion"},{"floor":16,"key":"Fire Potion"},{"floor":29,"key":"Poison Potion"}],"is_trial":false,"path_per_floor":["M","?","?","$","M","E","R","$","T","M","E","?","M","$","R","B",null,"M","$","M","$","?","E","R","M","T","R","?","E","M","?","R","B",null,"M","?","T","?","?","R","E","?","T","R","M","M","$","E","R","B",null],"character_chosen":"THE_SILENT","items_purchased":["Endless Agony","Bouncing Flask","Footwork","Dagger Spray"],"campfire_rested":2,"item_purchase_floors":[8,14,19,21],"current_hp_per_floor":[63,49,49,49,49,49,49,49,49,49,20,20,19,19,55,46,64,64,64,59,59,59,59,59,51,51,51,51,49,50,36,70,40,68,62,62,62,52,30,30,27,66,66,66,65,66,66,45,45,46],"gold":0,"neow_bonus":"THREE_ENEMY_KILL","is_prod":false,"is_daily":false,"chose_seed":false,"campfire_upgraded":3,"win_rate":0,"timestamp":1557432068,"path_taken":["M","?","?","$","M","E","R","?","T","?","E","?","M","$","R","BOSS","M","$","M","$","?","E","R","M","T","R","?","E","?","?","R","BOSS","M","?","?","?","?","R","E","?","T","R","M","M","?","E","R","BOSS"],"build_version":"2019-01-23","purchased_purges":1,"victory":true,"max_hp_per_floor":[70,70,70,70,70,70,70,70,70,70,70,70,70,70,70,70,70,70,70,70,70,70,70,70,70,70,70,70,70,70,70,70,70,75,75,75,75,75,75,75,75,66,66,66,66,66,66,66,66,66],"card_choices":[{"not_picked":["Backflip","Well Laid Plans"],"picked":"Dagger Throw","floor":1},{"not_picked":["Dodge and Roll","Quick Slash"],"picked":"Cloak And Dagger","floor":5},{"not_picked":["Underhanded Strike","Predator"],"picked":"Footwork","floor":6},{"not_picked":["Heel Hook","Deflect"],"picked":"Footwork","floor":10},{"not_picked":["Predator","Tactician"],"picked":"Backflip","floor":11},{"not_picked":["Skewer","Sucker Punch"],"picked":"PiercingWail","floor":13},{"not_picked":["Burst","Grand Finale"],"picked":"Adrenaline","floor":16},{"not_picked":["Bane+1","Cloak And Dagger"],"picked":"Deadly Poison+1","floor":18},{"not_picked":["Accuracy+1","Flying Knee"],"picked":"Catalyst","floor":20},{"not_picked":["Reflex+1","Deadly Poison+1"],"picked":"Backstab+1","floor":23},{"not_picked":["Expertise","Bullet Time"],"picked":"Backflip","floor":25},{"not_picked":["Flying Knee","Deflect","Poisoned Stab"],"picked":"SKIP","floor":29},{"not_picked":["Dagger Spray","Prepared"],"picked":"Crippling Poison","floor":30},{"not_picked":["Blade Dance","Backflip+1"],"picked":"Dodge and Roll","floor":31},{"not_picked":["Storm of Steel","Glass Knife"],"picked":"Wraith Form v2","floor":33},{"not_picked":["Cloak And Dagger","Dagger Spray"],"picked":"Escape Plan","floor":34},{"not_picked":["Deflect+1","Backflip"],"picked":"Dodge and Roll","floor":35},{"not_picked":["Mind Blast","Trip"],"picked":"Flash of Steel","floor":38},{"not_picked":["PanicButton","Deep Breath"],"picked":"Secret Technique","floor":38},{"not_picked":["Mind Blast","Enlightenment"],"picked":"Thinking Ahead","floor":38},{"not_picked":["Cloak And Dagger","Poisoned Stab"],"picked":"Dodge and Roll","floor":39},{"not_picked":["Sucker Punch+1","Endless Agony"],"picked":"Prepared","floor":41},{"not_picked":["Flying Knee+1","Dagger Throw","Sucker Punch"],"picked":"SKIP","floor":45},{"not_picked":["Bane+1","Sucker Punch"],"picked":"Tactician+1","floor":46},{"not_picked":["Quick Slash+1","PiercingWail"],"picked":"Cloak And Dagger+1","floor":48}],"player_experience":445951,"relics_obtained":[{"floor":6,"key":"Regal Pillow"},{"floor":9,"key":"Art of War"},{"floor":11,"key":"War Paint"},{"floor":23,"key":"Blood Vial"},{"floor":26,"key":"Darkstone Periapt"},{"floor":29,"key":"Gremlin Horn"},{"floor":31,"key":"Girya"},{"floor":31,"key":"Kunai"},{"floor":37,"key":"Whetstone"},{"floor":39,"key":"Nunchaku"},{"floor":41,"key":"Dream Catcher"},{"floor":43,"key":"Sundial"},{"floor":48,"key":"StoneCalendar"}],"event_choices":[{"damage_healed":0,"gold_gain":0,"player_choice":"Entered Light","damage_taken":14,"max_hp_gain":0,"max_hp_loss":0,"event_name":"Shining Light","floor":2,"gold_loss":0,"cards_upgraded":["Strike_G","Strike_G"]},{"damage_healed":0,"gold_gain":0,"player_choice":"Grow","damage_taken":0,"max_hp_gain":0,"max_hp_loss":0,"event_name":"Living Wall","floor":3,"gold_loss":0,"cards_upgraded":["Neutralize"]},{"damage_healed":0,"gold_gain":0,"player_choice":"Ignored","damage_taken":0,"max_hp_gain":0,"max_hp_loss":0,"event_name":"Liars Game","floor":12,"gold_loss":0},{"damage_healed":0,"gold_gain":0,"player_choice":"Ignored","damage_taken":0,"max_hp_gain":0,"max_hp_loss":0,"event_name":"Vampires","floor":22,"gold_loss":0},{"damage_healed":0,"gold_gain":0,"player_choice":"Copied","damage_taken":0,"max_hp_gain":0,"max_hp_loss":0,"event_name":"Duplicator","floor":28,"gold_loss":0,"cards_obtained":["Catalyst"]},{"damage_healed":0,"gold_gain":0,"player_choice":"Fight","damage_taken":0,"max_hp_gain":0,"max_hp_loss":0,"event_name":"Colosseum","floor":31,"gold_loss":0},{"damage_healed":0,"gold_gain":0,"player_choice":"Fought Nobs","damage_taken":0,"max_hp_gain":0,"max_hp_loss":0,"event_name":"Colosseum","floor":31,"gold_loss":0},{"damage_healed":0,"gold_gain":0,"player_choice":"Paid","damage_taken":0,"relics_obtained":["Red Mask"],"max_hp_gain":0,"max_hp_loss":0,"event_name":"Tomb of Lord Red Mask","floor":36,"gold_loss":18},{"damage_healed":0,"gold_gain":0,"player_choice":"Memory 3","damage_taken":10,"max_hp_gain":0,"max_hp_loss":0,"event_name":"SensoryStone","floor":38,"gold_loss":0},{"damage_healed":0,"gold_gain":0,"player_choice":"Fight","damage_taken":0,"max_hp_gain":0,"max_hp_loss":0,"event_name":"Mysterious Sphere","floor":39,"gold_loss":0},{"damage_healed":66,"gold_gain":0,"player_choice":"Heal","damage_taken":0,"max_hp_gain":0,"max_hp_loss":9,"event_name":"The Moai Head","floor":42,"gold_loss":0}],"is_beta":false,"boss_relics":[{"not_picked":["Pandora\u0027s Box","Cursed Key"],"picked":"Ectoplasm"},{"not_picked":["White Beast Statue","Snecko Eye"],"picked":"Tiny House"}],"items_purged_floors":[4],"is_endless":false,"potions_floor_spawned":[6,10,16,20,29,31,33,39,46,48],"ascension_level":8}