{"gold_per_floor":[114,124,124,124,43,71,71,21,21,21,49,60,60,86,86,185,185,203,24,24,24,35,66,66,166,166,166],"floor_reached":27,"playtime":1210,"items_purged":[],"score":432,"play_id":"c9546ef3-1e60-44d5-a5d1-c50d62e98c05","local_time":"20190317151313","is_ascension_mode":true,"campfire_choices":[{"data":"Discovery","floor":7,"key":"SMITH"},{"data":"Rage","floor":15,"key":"SMITH"}],"neow_cost":"NONE","seed_source_timestamp":246998586470200,"circlet_count":0,"master_deck":["AscendersBane","Strike_R","Strike_R","Strike_R","Defend_R","Defend_R","Defend_R","Defend_R","Bash","Cleave","Thunderclap","Discovery+1","Inflame","Rage+1","Rampage","Thunderclap","Dark Embrace","Body Slam+1","Panache","True Grit","Metallicize+1","True Grit"],"relics":["Burning Blood","NeowsBlessing","Mummified Hand","Unceasing Top","Bag of Preparation","Meat on the Bone","Omamori","Runic Cube","Gremlin Horn","Darkstone Periapt","Ice Cream","Letter Opener","Bottled Flame"],"potions_floor_usage":[11,22,23,25,25],"damage_taken":[{"damage":0,"enemies":"Cultist","floor":1,"turns":1},{"damage":0,"enemies":"Jaw Worm","floor":2,"turns":1},{"damage":0,"enemies":"Gremlin Nob","floor":6,"turns":1},{"damage":30,"enemies":"Lagavulin","floor":11,"turns":6},{"damage":0,"enemies":"2 Louse","floor":12,"turns":2},{"damage":12,"enemies":"3 Sentries","floor":14,"turns":5},{"damage":10,"enemies":"Slime Boss","floor":16,"turns":10},{"damage":20,"enemies":"Spheric Guardian","floor":18,"turns":5},{"damage":6,"enemies":"Shell Parasite","floor":22,"turns":3},{"damage":38,"enemies":"Gremlin Leader","floor":23,"turns":7},{"damage":0,"enemies":"Colosseum Slavers","floor":25,"turns":3},{"damage":25,"enemies":"Colosseum Nobs","floor":25,"turns":4},{"damage":55,"enemies":"Book of Stabbing","floor":27,"turns":7}],"seed_played":"7570027912354134253","potions_obtained":[{"floor":6,"key":"Strength Potion"},{"floor":12,"key":"Energy Potion"},{"floor":16,"key":"AttackPotion"},{"floor":22,"key":"LiquidBronze"},{"floor":23,"key":"Fire Potion"}],"is_trial":false,"path_per_floor":["M","M","$","?","$","E","R","?","T","?","E","M","$","E","R","B",null,"M","$","?","$","M","E","T","?","T","E"],"character_chosen":"IRONCLAD","items_purchased":["Discovery","Panache"],"campfire_rested":0,"item_purchase_floors":[5,19],"current_hp_per_floor":[78,80,80,73,73,79,79,79,79,76,52,58,58,52,52,48,72,58,58,58,58,58,38,38,49,49,0],"gold":166,"neow_bonus":"THREE_ENEMY_KILL","is_prod":false,"is_daily":false,"chose_seed":false,"campfire_upgraded":2,"win_rate":0,"timestamp":1552831993,"path_taken":["M","?","$","?","$","E","R","?","T","?","E","?","?","E","R","BOSS","M","$","?","$","M","E","?","?","T","E"],"build_version":"2019-01-23","purchased_purges":0,"victory":false,"max_hp_per_floor":[80,80,80,80,80,80,80,80,80,80,80,80,80,80,80,80,80,80,80,80,80,80,80,80,80,80,80],"card_choices":[{"not_picked":["Armaments","Havoc"],"picked":"Cleave","floor":1},{"not_picked":["Evolve","Anger"],"picked":"Thunderclap","floor":2},{"not_picked":["Fire Breathing","Dark Embrace"],"picked":"Inflame","floor":6},{"not_picked":["Carnage","Iron Wave"],"picked":"Rage","floor":11},{"not_picked":["Twin Strike","Heavy Blade"],"picked":"Rampage","floor":12},{"not_picked":["Bloodletting","Sword Boomerang"],"picked":"Thunderclap","floor":14},{"not_picked":["Barricade","Brutality"],"picked":"Dark Embrace","floor":16},{"not_picked":["Perfected Strike","Warcry"],"picked":"Body Slam+1","floor":18},{"not_picked":["Shrug It Off","Disarm+1"],"picked":"True Grit","floor":22},{"not_picked":["Ghostly Armor","Anger"],"picked":"Metallicize+1","floor":23},{"not_picked":["Flex","Armaments"],"picked":"True Grit","floor":25}],"player_experience":1531408,"relics_obtained":[{"floor":6,"key":"Mummified Hand"},{"floor":9,"key":"Unceasing Top"},{"floor":11,"key":"Meat on the Bone"},{"floor":14,"key":"Omamori"},{"floor":23,"key":"Gremlin Horn"},{"floor":24,"key":"Darkstone Periapt"},{"floor":25,"key":"Ice Cream"},{"floor":25,"key":"Letter Opener"},{"floor":26,"key":"Bottled Flame"}],"event_choices":[{"cards_removed":["Strike_R"],"damage_healed":0,"gold_gain":0,"player_choice":"Card Removal","damage_taken":7,"max_hp_gain":0,"max_hp_loss":0,"event_name":"Golden Wing","floor":4,"gold_loss":0},{"cards_removed":["Strike_R"],"damage_healed":0,"gold_gain":0,"player_choice":"Card Removal","damage_taken":0,"max_hp_gain":0,"max_hp_loss":0,"event_name":"The Cleric","floor":8,"gold_loss":50},{"damage_healed":0,"gold_gain":0,"player_choice":"Success","damage_taken":3,"relics_obtained":["Bag of Preparation"],"max_hp_gain":0,"max_hp_loss":0,"event_name":"Scrap Ooze","floor":10,"gold_loss":0},{"damage_healed":0,"gold_gain":0,"player_choice":"Ignored","damage_taken":0,"max_hp_gain":0,"max_hp_loss":0,"event_name":"Beggar","floor":20,"gold_loss":0},{"damage_healed":0,"gold_gain":0,"player_choice":"Fight","damage_taken":0,"max_hp_gain":0,"max_hp_loss":0,"event_name":"Colosseum","floor":25,"gold_loss":0},{"damage_healed":0,"gold_gain":0,"player_choice":"Fought Nobs","damage_taken":0,"max_hp_gain":0,"max_hp_loss":0,"event_name":"Colosseum","floor":25,"gold_loss":0}],"is_beta":false,"boss_relics":[{"not_picked":["Eternal Feather","Velvet Choker"],"picked":"Runic Cube"}],"items_purged_floors":[],"is_endless":false,"potions_floor_spawned":[6,12,16,22,23],"killed_by":"Book of Stabbing","ascension_level":12}