{"path_per_floor":["M","?","M","M","M","R","E","R","T","R","M","$","?","?","R","B",null,"M","?","?","$","M","R","M","M","T","R","M","R","M","M","R","B",null,"M","$","M","M","M","R","?","?","T","M","$","T","M","M","R","B"],"character_chosen":"THE_SILENT","items_purchased":["Cloak And Dagger","Infinite Blades","Backflip","Footwork","Cloak And Dagger","Orichalcum","PiercingWail","Bag of Marbles","Accuracy"],"gold_per_floor":[112,187,202,218,236,236,268,268,339,339,352,182,207,266,266,363,363,378,478,478,323,336,336,353,369,369,369,387,387,398,413,413,515,515,527,352,372,384,403,403,403,403,428,442,204,231,244,256,256,256],"floor_reached":51,"campfire_rested":9,"playtime":3783,"current_hp_per_floor":[70,59,59,58,17,38,25,48,48,71,64,64,49,39,62,38,77,57,57,57,57,48,71,52,27,27,50,50,50,45,44,67,57,77,77,77,54,49,35,58,58,77,77,67,67,67,62,54,77,22],"items_purged":["Strike_G"],"gold":256,"score":501,"play_id":"b2bdf946-5b55-496b-b3f8-a4e223fd2d02","is_prod":false,"is_daily":false,"is_ascension_mode":true,"campfire_upgraded":1,"path_taken":["M","?","?","M","M","R","E","R","T","R","M","?","?","?","R","BOSS","M","?","?","$","M","R","M","M","T","R","M","R","M","M","R","BOSS","M","$","?","M","M","R","?","?","T","M","$","?","?","M","R","BOSS"],"build_version":"2018-02-22-PROD2","purchased_purges":1,"victory":true,"master_deck":["Survivor","Neutralize","Accuracy+1","Terror","Dagger Spray","Sucker Punch","Tactician","Reflex","Cloak And Dagger","Infinite Blades","Acrobatics","Finisher+1","Glass Knife+1","Quick Slash+1","Dagger Spray+1","Reflex","Underhanded Strike+1","Quick Slash+1","Dagger Throw+1","Blur","Dagger Throw+1","Backflip","Footwork","Cloak And Dagger","Slice+1","Backflip+1","Dash+1","Eviscerate+1","Distraction","Infinite Blades+1","Glass Knife+1","Cloak And Dagger+1","PiercingWail","Deflect","Well Laid Plans+1","Deflect","Accuracy","Accuracy","Leg Sweep+1","Dagger Spray+1"],"max_hp_per_floor":[70,70,70,70,70,70,77,77,77,77,77,77,77,77,77,77,77,77,77,77,77,77,77,77,77,77,77,77,77,77,77,77,77,77,77,77,77,77,77,77,77,77,77,77,77,77,77,77,77,77],"relics":["Ring of the Snake","Strawberry","Molten Egg 2","Odd Mushroom","Omamori","Pandora\u0027s Box","Thread and Needle","Sozu","Orichalcum","Bag of Preparation","Bag of Marbles","Oddly Smooth Stone"],"card_choices":[{"not_picked":["Dodge and Roll","Outmaneuver"],"picked":"Accuracy"},{"not_picked":["Envenom","Dodge and Roll"],"picked":"Terror"},{"not_picked":["Dagger Throw","Underhanded Strike"],"picked":"Dagger Spray"},{"not_picked":["Accuracy","Masterful Stab"],"picked":"Sucker Punch"},{"not_picked":["Dodge and Roll","Riddle With Holes"],"picked":"Tactician"},{"not_picked":["Underhanded Strike","Choke"],"picked":"Reflex"},{"not_picked":["Quick Slash","Cloak And Dagger"],"picked":"Acrobatics"},{"not_picked":["Eviscerate","Flying Knee"],"picked":"Finisher"},{"not_picked":["Die Die Die","Venomology"],"picked":"Glass Knife"},{"not_picked":["Flying Knee","Quick Slash"],"picked":"Dagger Throw"},{"not_picked":["Backflip","Blade Dance"],"picked":"Slice"},{"not_picked":["Calculated Gamble","Dagger Throw"],"picked":"Backflip"},{"not_picked":["Riddle With Holes","PiercingWail"],"picked":"Dash"},{"not_picked":["Die Die Die","Dagger Throw"],"picked":"Eviscerate"},{"not_picked":["Deadly Poison","PiercingWail"],"picked":"Distraction"},{"not_picked":["Choke","Flechettes"],"picked":"Infinite Blades"},{"not_picked":["Grand Finale","Corpse Explosion"],"picked":"Glass Knife"},{"not_picked":["Skewer","Noxious Fumes"],"picked":"Cloak And Dagger"},{"not_picked":["All Out Attack","Dagger Spray"],"picked":"Deflect"},{"not_picked":["Acrobatics","Backflip"],"picked":"Well Laid Plans"},{"not_picked":["Dagger Spray","Dagger Throw"],"picked":"Deflect"},{"not_picked":["Dagger Throw","Riddle With Holes"],"picked":"Accuracy"},{"not_picked":["Masterful Stab","Backflip"],"picked":"Leg Sweep"},{"not_picked":["Setup","Leg Sweep"],"picked":"Dagger Spray"}],"player_experience":124872,"potions_floor_usage":[7,14,16,16,16,33,33,50],"damage_taken":[{"damage":0,"enemies":"Small Slimes","floor":1,"turns":5},{"damage":0,"enemies":"2 Louse","floor":3,"turns":4},{"damage":1,"enemies":"Cultist","floor":4,"turns":4},{"damage":41,"enemies":"Exordium Thugs","floor":5,"turns":8},{"damage":20,"enemies":"3 Sentries","floor":7,"turns":7},{"damage":7,"enemies":"Blue Slaver","floor":11,"turns":5},{"damage":15,"enemies":"The Mushroom Lair","floor":13,"turns":6},{"damage":25,"enemies":"3 Sentries","floor":14,"turns":7},{"damage":24,"enemies":"Slime Boss","floor":16,"turns":13},{"damage":20,"enemies":"Spheric Guardian","floor":18,"turns":4},{"damage":9,"enemies":"Shell Parasite","floor":22,"turns":3},{"damage":19,"enemies":"Snecko","floor":24,"turns":4},{"damage":25,"enemies":"Sentry and Sphere","floor":25,"turns":5},{"damage":0,"enemies":"Chosen and Byrds","floor":28,"turns":4},{"damage":5,"enemies":"Snake Plant","floor":30,"turns":6},{"damage":1,"enemies":"Centurion and Healer","floor":31,"turns":8},{"damage":10,"enemies":"Collector","floor":33,"turns":6},{"damage":0,"enemies":"Orb Walker","floor":35,"turns":4},{"damage":23,"enemies":"3 Darklings","floor":37,"turns":4},{"damage":5,"enemies":"Maw","floor":38,"turns":6},{"damage":14,"enemies":"Sphere and 2 Shapes","floor":39,"turns":9},{"damage":10,"enemies":"3 Darklings","floor":44,"turns":5},{"damage":5,"enemies":"Maw","floor":47,"turns":6},{"damage":8,"enemies":"Sphere and 2 Shapes","floor":48,"turns":6},{"damage":67,"enemies":"Donu and Deca","floor":50,"turns":10}],"event_choices":[{"event_name":"World of Goop","player_choice":"Gather Gold","floor":2,"damage_taken":0},{"event_name":"Mushrooms","player_choice":"Fought Mushrooms","floor":13,"damage_taken":0},{"event_name":"Dead Adventurer","player_choice":"Searched \u00271\u0027 times","floor":14,"damage_taken":0},{"event_name":"Golden Shrine","player_choice":"Pray","floor":19,"damage_taken":0},{"event_name":"Back to Basics","player_choice":"Elegance","floor":20,"damage_taken":0},{"event_name":"Mysterious Sphere","player_choice":"Ignore","floor":41,"damage_taken":0},{"event_name":"Winding Halls","player_choice":"Writhe","floor":42,"damage_taken":0}],"boss_relics":[{"not_picked":["Runic Pyramid","Tiny House"],"picked":"Pandora\u0027s Box"},{"not_picked":["Astrolabe","Lizard Tail"],"picked":"Sozu"}],"potions_floor_spawned":[3,5,7,13,14,25,28,30,31,37,38,39,47,48],"seed_played":"4805189971331650288","ascension_level":1,"is_trial":false}