{"gold_per_floor":[112,125,140,155,165,195,195,222,222,222,297,297,297,315,315,413,413,413,413,413,413,413,413,323,323],"floor_reached":25,"playtime":2308,"items_purged":[],"score":259,"play_id":"59a3d31f-e85a-49a4-9653-cd17f741c393","local_time":"20190511222838","is_ascension_mode":true,"campfire_choices":[{"data":"White Noise","floor":7,"key":"SMITH"},{"data":"Genetic Algorithm","floor":10,"key":"SMITH"},{"floor":12,"key":"REST"},{"floor":15,"key":"REST"}],"neow_cost":"NONE","seed_source_timestamp":851773094521920,"circlet_count":0,"master_deck":["Strike_B","Defend_B","Defend_B","Defend_B","Defend_B","Zap","Dualcast","Trip","White Noise+1","Defragment","Conserve Battery","Rip and Tear","Genetic Algorithm+1","Rainbow","Auto Shields","Cold Snap","Biased Cognition","Doom and Gloom+1","Beam Cell+1","Beam Cell","Cold Snap","Hologram+1","Heatsinks+1","Reprogram+1"],"relics":["Cracked Core","Bronze Scales","Sundial","Mummified Hand","Ectoplasm","Question Card"],"potions_floor_usage":[6,16,16,23,23,25],"damage_taken":[{"damage":2,"enemies":"Jaw Worm","floor":1,"turns":3},{"damage":0,"enemies":"Small Slimes","floor":2,"turns":2},{"damage":0,"enemies":"Cultist","floor":3,"turns":3},{"damage":2,"enemies":"Blue Slaver","floor":4,"turns":4},{"damage":10,"enemies":"2 Fungi Beasts","floor":5,"turns":3},{"damage":9,"enemies":"Lagavulin","floor":6,"turns":7},{"damage":24,"enemies":"Gremlin Nob","floor":8,"turns":4},{"damage":2,"enemies":"3 Louse","floor":14,"turns":3},{"damage":35,"enemies":"Slime Boss","floor":16,"turns":11},{"damage":8,"enemies":"3 Byrds","floor":18,"turns":3},{"damage":6,"enemies":"Spheric Guardian","floor":19,"turns":3},{"damage":0,"enemies":"Cultist and Chosen","floor":21,"turns":4},{"damage":6,"enemies":"Chosen and Byrds","floor":22,"turns":4},{"damage":48,"enemies":"Gremlin Leader","floor":23,"turns":7},{"damage":14,"enemies":"Snake Plant","floor":25,"turns":1}],"seed_played":"-7325821840036917755","potions_obtained":[{"floor":3,"key":"Fire Potion"},{"floor":4,"key":"Fire Potion"},{"floor":6,"key":"EntropicBrew"},{"floor":18,"key":"Weak Potion"},{"floor":23,"key":"Swift Potion"}],"is_trial":false,"path_per_floor":["M","M","M","M","M","E","R","E","T","R","?","R","?","M","R","B",null,"M","M","?","M","M","E","?","M"],"character_chosen":"DEFECT","items_purchased":[],"campfire_rested":2,"item_purchase_floors":[],"current_hp_per_floor":[73,73,73,71,61,52,52,28,28,28,17,39,44,42,66,31,80,72,66,66,66,60,12,12,0],"gold":323,"neow_bonus":"RANDOM_COLORLESS","is_prod":false,"is_daily":false,"chose_seed":false,"campfire_upgraded":2,"win_rate":0,"timestamp":1557628118,"path_taken":["M","M","M","M","M","E","R","E","T","R","?","R","?","M","R","BOSS","M","M","?","M","M","E","?","M"],"build_version":"2019-01-23","purchased_purges":0,"victory":false,"max_hp_per_floor":[75,75,75,75,75,75,75,75,75,75,75,75,80,80,80,80,80,80,80,80,80,80,80,80,80],"card_choices":[{"not_picked":["Stack","Rebound"],"picked":"White Noise","floor":1},{"not_picked":["Turbo","Recycle"],"picked":"Defragment","floor":2},{"not_picked":["Scrape","Fusion"],"picked":"Conserve Battery","floor":3},{"not_picked":["Barrage","Compile Driver"],"picked":"Rip and Tear","floor":4},{"not_picked":["Capacitor","Coolheaded"],"picked":"Genetic Algorithm","floor":5},{"not_picked":["Steam","Streamline"],"picked":"Rainbow","floor":6},{"not_picked":["Streamline","Gash"],"picked":"Auto Shields","floor":8},{"not_picked":["Turbo","Recycle"],"picked":"Cold Snap","floor":14},{"not_picked":["Seek","Thunder Strike"],"picked":"Biased Cognition","floor":16},{"not_picked":["Lockon+1","Beam Cell+1"],"picked":"Doom and Gloom+1","floor":18},{"not_picked":["Compile Driver","Gash"],"picked":"Beam Cell+1","floor":19},{"not_picked":["Leap","Reboot"],"picked":"Hologram+1","floor":21},{"not_picked":["Ball Lightning+1","Conserve Battery"],"picked":"Heatsinks","floor":22},{"not_picked":["Hologram+1","Steam+1"],"picked":"Reprogram+1","floor":23}],"player_experience":216661,"relics_obtained":[{"floor":6,"key":"Bronze Scales"},{"floor":8,"key":"Sundial"},{"floor":9,"key":"Mummified Hand"},{"floor":23,"key":"Question Card"}],"event_choices":[{"damage_healed":0,"gold_gain":75,"player_choice":"Gather Gold","damage_taken":11,"max_hp_gain":0,"max_hp_loss":0,"event_name":"World of Goop","floor":11,"gold_loss":0},{"damage_healed":0,"gold_gain":0,"player_choice":"Donut","damage_taken":0,"max_hp_gain":5,"max_hp_loss":0,"event_name":"Big Fish","floor":13,"gold_loss":0},{"damage_healed":0,"gold_gain":0,"cards_transformed":["Strike_B","Strike_B"],"player_choice":"Became Test Subject","damage_taken":0,"max_hp_gain":0,"max_hp_loss":0,"event_name":"Drug Dealer","floor":20,"gold_loss":0,"cards_obtained":["Beam Cell","Cold Snap"]},{"cards_removed":["Strike_B"],"damage_healed":0,"gold_gain":0,"player_choice":"Upgrade and Remove","damage_taken":0,"max_hp_gain":0,"max_hp_loss":0,"event_name":"Designer","floor":24,"gold_loss":90,"cards_upgraded":["Heatsinks"]}],"is_beta":false,"boss_relics":[{"not_picked":["Nuclear Battery","Pandora\u0027s Box"],"picked":"Ectoplasm"}],"items_purged_floors":[],"is_endless":false,"potions_floor_spawned":[3,4,6,16,18,21,23],"killed_by":"Snake Plant","ascension_level":2}