{"gold_per_floor":[111,61,75,75,93,93,118,118,118,133,152,152,171,182,182,285,285,296,323,166,178,178],"floor_reached":22,"playtime":1463,"items_purged":["Defend_B"],"score":256,"play_id":"80d7a3fd-4845-434e-b88e-0a8355454434","local_time":"20181230202026","is_ascension_mode":true,"campfire_choices":[{"data":"Streamline","floor":6,"key":"SMITH"},{"data":"Go for the Eyes","floor":8,"key":"SMITH"},{"data":"Go for the Eyes","floor":12,"key":"SMITH"},{"data":"Hologram","floor":15,"key":"SMITH"}],"neow_cost":"NONE","seed_source_timestamp":283039461697124,"circlet_count":0,"master_deck":["Strike_B","Strike_B","Strike_B","Defend_B","Defend_B","Streamline+1","Go for the Eyes+1","Go for the Eyes+1","Rebound+1","Hologram+1","Scrape+1","Turbo","Flash of Steel+1","Recycle"],"relics":["Cracked Core","Question Card","Molten Egg 2","Empty Cage","Red Mask"],"potions_floor_usage":[7,7,7,13],"damage_taken":[{"damage":1,"enemies":"Cultist","floor":1,"turns":4},{"damage":3,"enemies":"2 Louse","floor":3,"turns":2},{"damage":4,"enemies":"Small Slimes","floor":5,"turns":3},{"damage":0,"enemies":"Gremlin Nob","floor":7,"turns":2},{"damage":26,"enemies":"Exordium Thugs","floor":10,"turns":4},{"damage":8,"enemies":"Lots of Slimes","floor":11,"turns":4},{"damage":0,"enemies":"Exordium Wildlife","floor":13,"turns":3},{"damage":4,"enemies":"Exordium Thugs","floor":14,"turns":4},{"damage":21,"enemies":"Hexaghost","floor":16,"turns":7},{"damage":23,"enemies":"2 Thieves","floor":18,"turns":4},{"damage":22,"enemies":"Masked Bandits","floor":19,"turns":4},{"damage":6,"enemies":"3 Byrds","floor":21,"turns":4},{"damage":31,"enemies":"Cultist and Chosen","floor":22,"turns":5}],"seed_played":"6430508810349953870","potions_obtained":[{"floor":0,"key":"Strength Potion"},{"floor":0,"key":"SkillPotion"},{"floor":0,"key":"FearPotion"},{"floor":11,"key":"Fire Potion"},{"floor":13,"key":"SpeedPotion"},{"floor":18,"key":"SteroidPotion"}],"is_trial":false,"path_per_floor":["M","?","M","?","M","R","E","R","T","M","M","R","M","M","R","B",null,"M","?","$","M","M"],"character_chosen":"DEFECT","items_purchased":["Flash of Steel+1"],"campfire_rested":0,"item_purchase_floors":[20],"current_hp_per_floor":[74,74,71,71,67,67,67,67,67,41,33,33,33,29,29,8,75,52,30,30,24,0],"gold":178,"neow_bonus":"THREE_SMALL_POTIONS","is_prod":false,"is_daily":false,"chose_seed":false,"campfire_upgraded":4,"win_rate":0,"timestamp":1546230026,"path_taken":["M","?","M","?","M","R","E","R","T","M","?","R","M","M","R","BOSS","M","?","$","M","M"],"build_version":"2018-12-20","purchased_purges":1,"victory":false,"max_hp_per_floor":[75,75,75,75,75,75,75,75,75,75,75,75,75,75,75,75,75,75,75,75,75,75],"card_choices":[{"not_picked":["Leap","Coolheaded"],"picked":"Streamline","floor":1},{"not_picked":["Storm","Chaos"],"picked":"Go for the Eyes","floor":3},{"not_picked":["Steam","BootSequence"],"picked":"Go for the Eyes","floor":5},{"not_picked":["Steam","Self Repair","Tempest"],"picked":"SKIP","floor":7},{"not_picked":["Compile Driver+1","Force Field","Sweeping Beam+1","Blizzard+1"],"picked":"SKIP","floor":10},{"not_picked":["Tempest","Rainbow","Stack","Barrage+1"],"picked":"SKIP","floor":11},{"not_picked":["Sweeping Beam+1","Beam Cell+1","Go for the Eyes+1"],"picked":"Rebound+1","floor":13},{"not_picked":["Leap","Capacitor","Double Energy"],"picked":"Hologram","floor":14},{"not_picked":["Conserve Battery","Chill","Barrage+1"],"picked":"Scrape+1","floor":18},{"not_picked":["Redo","Coolheaded","Consume"],"picked":"Turbo","floor":19},{"not_picked":["Sweeping Beam+1","Capacitor+1","Scrape+1"],"picked":"Recycle","floor":21}],"player_experience":272279,"relics_obtained":[{"floor":7,"key":"Question Card"},{"floor":9,"key":"Molten Egg 2"},{"floor":19,"key":"Red Mask"}],"event_choices":[{"cards_removed":["Strike_B"],"damage_healed":0,"gold_gain":0,"player_choice":"Card Removal","damage_taken":0,"max_hp_gain":0,"max_hp_loss":0,"event_name":"The Cleric","floor":2,"gold_loss":50},{"cards_removed":["Defend_B"],"damage_healed":0,"gold_gain":0,"player_choice":"Purged","damage_taken":0,"max_hp_gain":0,"max_hp_loss":0,"event_name":"Purifier","floor":4,"gold_loss":0},{"damage_healed":0,"gold_gain":0,"player_choice":"Fought Bandits","damage_taken":0,"max_hp_gain":0,"max_hp_loss":0,"event_name":"Masked Bandits","floor":19,"gold_loss":0}],"is_beta":false,"boss_relics":[{"not_picked":["Astrolabe","Runic Dome"],"picked":"Empty Cage"}],"items_purged_floors":[20],"is_endless":false,"potions_floor_spawned":[3,11,13,18],"killed_by":"Cultist and Chosen","ascension_level":4}