{"gold_per_floor":[217,177,29,39,56,56,76,76,76,94,58,86,102,120,120,222,222,237,257,257,257,257,312,324,354,354,354,354,374,421,435,435,535,535,553,566,52,52,69,69,82,97,120,146,146,146,41,58,58,58],"floor_reached":51,"playtime":4157,"items_purged":["Strike_G"],"score":876,"play_id":"6f0d1b5d-44bf-4825-8c69-b34ae68d4321","local_time":"20181106204253","is_ascension_mode":true,"campfire_choices":[{"data":"Setup","floor":6,"key":"SMITH"},{"floor":8,"key":"REST"},{"floor":15,"key":"REST"},{"data":"Burst","floor":28,"key":"SMITH"},{"data":"Ghostly","floor":32,"key":"SMITH"},{"data":"Burst","floor":40,"key":"SMITH"},{"data":"Bandage Up","floor":46,"key":"SMITH"},{"data":"Ghostly","floor":49,"key":"SMITH"}],"neow_cost":"NONE","seed_source_timestamp":685791197100900,"circlet_count":0,"master_deck":["Defend_G","Defend_G","Defend_G","Defend_G","Defend_G","Strike_G","Strike_G","Strike_G","Strike_G","Survivor","Neutralize","Quick Slash","Noxious Fumes","Bouncing Flask","Setup+1","Backstab","After Image","Quick Slash","Deadly Poison","Blur","Burst+1","Deadly Poison","Dagger Spray+1","Ghostly+1","Ghostly+1","Ghostly","Ghostly","Ghostly","Adrenaline","Footwork+1","Outmaneuver","Acrobatics+1","Burst+1","Bouncing Flask+1","Bane","Acrobatics","Flying Knee","Calculated Gamble","Footwork","Finisher","Phantasmal Killer","Jack Of All Trades","Bane","Backstab","Bandage Up+1","Footwork","Backstab"],"relics":["Ring of the Snake","Pear","The Courier","Coffee Dripper","Unceasing Top","Tiny Chest","Centennial Puzzle","Ancient Tea Set","Bag of Marbles","Orrery","Art of War","PrismaticShard","PreservedInsect","Bronze Scales","Orichalcum"],"potions_floor_usage":[7,12,12,14,18,18,19,25,29,31,41,50,50,50],"damage_taken":[{"damage":1,"enemies":"Small Slimes","floor":1,"turns":5},{"damage":0,"enemies":"Cultist","floor":4,"turns":4},{"damage":2,"enemies":"2 Louse","floor":5,"turns":4},{"damage":15,"enemies":"Exordium Wildlife","floor":7,"turns":5},{"damage":2,"enemies":"2 Fungi Beasts","floor":10,"turns":4},{"damage":19,"enemies":"Gremlin Nob","floor":12,"turns":4},{"damage":1,"enemies":"Looter","floor":13,"turns":4},{"damage":2,"enemies":"Exordium Thugs","floor":14,"turns":5},{"damage":42,"enemies":"Slime Boss","floor":16,"turns":11},{"damage":1,"enemies":"3 Byrds","floor":18,"turns":3},{"damage":11,"enemies":"Shell Parasite","floor":19,"turns":6},{"damage":3,"enemies":"Book of Stabbing","floor":23,"turns":7},{"damage":2,"enemies":"Shelled Parasite and Fungi","floor":24,"turns":5},{"damage":1,"enemies":"Slavers","floor":25,"turns":6},{"damage":0,"enemies":"Centurion and Healer","floor":29,"turns":8},{"damage":2,"enemies":"3 Cultists","floor":31,"turns":7},{"damage":2,"enemies":"Collector","floor":33,"turns":9},{"damage":1,"enemies":"Orb Walker","floor":35,"turns":4},{"damage":1,"enemies":"3 Shapes","floor":36,"turns":5},{"damage":0,"enemies":"Transient","floor":39,"turns":5},{"damage":2,"enemies":"Maw","floor":41,"turns":9},{"damage":0,"enemies":"Sphere and 2 Shapes","floor":42,"turns":8},{"damage":0,"enemies":"Jaw Worm Horde","floor":48,"turns":6},{"damage":28,"enemies":"Donu and Deca","floor":50,"turns":12}],"seed_played":"-3982503589653613103","potions_obtained":[{"floor":2,"key":"AttackPotion"},{"floor":2,"key":"SpeedPotion"},{"floor":2,"key":"FearPotion"},{"floor":7,"key":"Poison Potion"},{"floor":12,"key":"Block Potion"},{"floor":13,"key":"Dexterity Potion"},{"floor":16,"key":"LiquidBronze"},{"floor":18,"key":"SteroidPotion"},{"floor":24,"key":"Poison Potion"},{"floor":29,"key":"GamblersBrew"},{"floor":36,"key":"AttackPotion"},{"floor":39,"key":"Poison Potion"},{"floor":42,"key":"Swift Potion"}],"is_trial":false,"path_per_floor":["M","?","$","M","M","R","M","R","T","M","?","E","M","M","R","B",null,"M","M","?","?","?","E","M","E","T","?","R","M","T","M","R","B",null,"M","M","$","?","M","R","M","M","T","T","?","R","$","M","R","B",null],"character_chosen":"THE_SILENT","items_purchased":["Noxious Fumes","Bouncing Flask","Phantasmal Killer","Art of War","PrismaticShard","PreservedInsect","Swift Potion","Footwork"],"campfire_rested":2,"item_purchase_floors":[3,3,37,37,37,37,47,47],"current_hp_per_floor":[69,69,69,69,67,67,52,70,80,78,78,59,58,56,80,38,70,69,58,58,58,40,37,35,34,34,34,34,34,34,32,32,30,38,37,36,36,36,36,36,34,34,34,34,34,34,34,40,40,18],"gold":58,"neow_bonus":"HUNDRED_GOLD","is_prod":false,"is_daily":false,"chose_seed":false,"campfire_upgraded":6,"win_rate":0,"timestamp":1541533373,"path_taken":["M","?","$","M","?","R","?","R","T","M","?","E","M","M","R","BOSS","M","M","?","?","?","E","?","E","T","?","R","M","?","?","R","BOSS","M","M","$","?","?","R","M","?","T","?","?","R","$","M","R","BOSS"],"build_version":"2018-11-01","purchased_purges":1,"victory":true,"max_hp_per_floor":[70,70,70,70,70,70,70,70,80,80,80,80,80,80,80,80,80,80,80,80,80,40,40,40,40,40,40,40,40,40,40,40,40,40,40,40,40,40,40,40,40,40,40,40,40,40,40,40,40,40],"card_choices":[{"not_picked":["Underhanded Strike","Deflect"],"picked":"Quick Slash","floor":1},{"not_picked":["Deflect","Prepared"],"picked":"Setup","floor":4},{"not_picked":["Flying Knee","Deadly Poison"],"picked":"Backstab","floor":5},{"not_picked":["Deflect","Expertise"],"picked":"After Image","floor":7},{"not_picked":["Dagger Spray","Backflip","Underhanded Strike"],"picked":"SKIP","floor":10},{"not_picked":["Deflect","Heel Hook"],"picked":"Quick Slash","floor":12},{"not_picked":["Underhanded Strike","Deflect"],"picked":"Deadly Poison","floor":13},{"not_picked":["Deflect","Infinite Blades"],"picked":"Blur","floor":14},{"not_picked":["Doppelganger","Storm of Steel"],"picked":"Burst","floor":16},{"not_picked":["Dagger Throw","Deflect+1"],"picked":"Deadly Poison","floor":18},{"not_picked":["Expertise","Finisher+1"],"picked":"Dagger Spray+1","floor":19},{"not_picked":["Backflip","All Out Attack+1"],"picked":"Adrenaline","floor":23},{"not_picked":["Leg Sweep","Infinite Blades","Sucker Punch"],"picked":"SKIP","floor":24},{"not_picked":["Predator","Concentrate"],"picked":"Footwork+1","floor":25},{"not_picked":["Acrobatics","Predator"],"picked":"Outmaneuver","floor":29},{"not_picked":["PiercingWail","Cloak And Dagger"],"picked":"Acrobatics+1","floor":31},{"not_picked":["Unload","Bullet Time"],"picked":"Burst","floor":33},{"not_picked":["PiercingWail","Cloak And Dagger+1"],"picked":"Bouncing Flask+1","floor":34},{"not_picked":["Deflect","Heel Hook"],"picked":"Bane","floor":34},{"not_picked":["Sucker Punch","Blade Dance"],"picked":"Acrobatics","floor":34},{"not_picked":["Dodge and Roll","Prepared"],"picked":"Flying Knee","floor":34},{"not_picked":["Backflip","Dagger Throw"],"picked":"Calculated Gamble","floor":34},{"not_picked":["Blur","Setup"],"picked":"Footwork","floor":35},{"not_picked":["Cloak And Dagger","Well Laid Plans"],"picked":"Finisher","floor":36},{"not_picked":["All Out Attack+1","True Grit+1","Infinite Blades+1"],"picked":"SKIP","floor":39},{"not_picked":["Thunderclap","Fire Breathing"],"picked":"Backstab","floor":41},{"not_picked":["Outmaneuver","True Grit+1","Hemokinesis+1"],"picked":"SKIP","floor":42},{"not_picked":["Thinking Ahead","Impatience"],"picked":"Bandage Up","floor":45},{"not_picked":["Havoc","Hemokinesis+1"],"picked":"Backstab","floor":48}],"player_experience":860403,"relics_obtained":[{"floor":9,"key":"Pear"},{"floor":12,"key":"The Courier"},{"floor":23,"key":"Tiny Chest"},{"floor":25,"key":"Centennial Puzzle"},{"floor":26,"key":"Ancient Tea Set"},{"floor":30,"key":"Bag of Marbles"},{"floor":43,"key":"Bronze Scales"},{"floor":44,"key":"Orichalcum"}],"event_choices":[{"damage_healed":0,"gold_gain":0,"player_choice":"Bought 3 Potions","damage_taken":0,"max_hp_gain":0,"max_hp_loss":0,"event_name":"The Woman in Blue","floor":2,"gold_loss":0},{"damage_healed":0,"gold_gain":0,"player_choice":"Left Gold","damage_taken":0,"max_hp_gain":0,"max_hp_loss":0,"event_name":"World of Goop","floor":11,"gold_loss":36},{"damage_healed":0,"gold_gain":0,"player_choice":"Opened","damage_taken":0,"relics_obtained":["Unceasing Top"],"max_hp_gain":0,"max_hp_loss":0,"event_name":"The Mausoleum","floor":20,"gold_loss":0,"cards_obtained":["Writhe"]},{"cards_removed":["Writhe"],"damage_healed":0,"gold_gain":0,"player_choice":"Elegance","damage_taken":0,"max_hp_gain":0,"max_hp_loss":0,"event_name":"Back to Basics","floor":21,"gold_loss":0},{"damage_healed":0,"gold_gain":0,"player_choice":"Became a Ghost","damage_taken":0,"max_hp_gain":0,"max_hp_loss":40,"event_name":"Ghosts","floor":22,"gold_loss":0,"cards_obtained":["Ghostly","Ghostly","Ghostly","Ghostly","Ghostly"]},{"damage_healed":0,"gold_gain":0,"player_choice":"Ignored","damage_taken":0,"max_hp_gain":0,"max_hp_loss":0,"event_name":"Vampires","floor":27,"gold_loss":0},{"damage_healed":0,"gold_gain":0,"player_choice":"2 cards matched","damage_taken":0,"max_hp_gain":0,"max_hp_loss":0,"event_name":"Match and Keep!","floor":38,"gold_loss":0,"cards_obtained":["Jack Of All Trades","Bane"]},{"damage_healed":0,"gold_gain":0,"player_choice":"Memory 1","damage_taken":0,"max_hp_gain":0,"max_hp_loss":0,"event_name":"SensoryStone","floor":45,"gold_loss":0}],"is_beta":false,"boss_relics":[{"not_picked":["Sozu","Philosopher\u0027s Stone"],"picked":"Coffee Dripper"},{"not_picked":["Snecko Eye","White Beast Statue"],"picked":"Orrery"}],"items_purged_floors":[37],"is_endless":false,"potions_floor_spawned":[4,7,12,13,16,18,24,29,36,39,42,48],"ascension_level":5}