{"gold_per_floor":[113,130,7,182,199,199,199,226,226,254,23,36,36,46,46,144,144,164,164,164,39,57,57,67,101,101,101],"floor_reached":27,"playtime":2465,"items_purged":["Parasite","Regret","Doubt"],"score":338,"play_id":"9a5f3ee0-4211-4949-919b-af6d8483d4d7","local_time":"20190126120551","is_ascension_mode":true,"campfire_choices":[{"data":"Doom and Gloom","floor":7,"key":"SMITH"},{"data":"Lockon","floor":15,"key":"SMITH"},{"data":"Buffer","floor":23,"key":"SMITH"}],"neow_cost":"CURSE","seed_source_timestamp":1445774579068662,"circlet_count":0,"master_deck":["Strike_B","Strike_B","Strike_B","Strike_B","Defend_B","Defend_B","Defend_B","Defend_B","Zap","Dualcast","Blind","PanicButton","Conserve Battery","Ball Lightning","Streamline","Doom and Gloom+1","Cold Snap","Ball Lightning","Lockon+1","Streamline","Turbo","Melter","Hologram","Buffer+1","Ball Lightning+1","Ball Lightning","Writhe","Zap","Echo Form","Rebound","Beam Cell","Ball Lightning","Double Energy","Consume+1"],"relics":["Cracked Core","Bronze Scales","Oddly Smooth Stone","Mercury Hourglass","Prayer Wheel","Sozu","Cables","Boot","Bottled Flame"],"potions_floor_usage":[8,25,25,25],"damage_taken":[{"damage":2,"enemies":"Jaw Worm","floor":1,"turns":4},{"damage":7,"enemies":"Small Slimes","floor":2,"turns":4},{"damage":0,"enemies":"Cultist","floor":5,"turns":3},{"damage":28,"enemies":"3 Sentries","floor":8,"turns":5},{"damage":19,"enemies":"Lagavulin","floor":10,"turns":5},{"damage":9,"enemies":"2 Fungi Beasts","floor":12,"turns":2},{"damage":0,"enemies":"Red Slaver","floor":14,"turns":2},{"damage":24,"enemies":"The Guardian","floor":16,"turns":8},{"damage":0,"enemies":"Spheric Guardian","floor":18,"turns":3},{"damage":6,"enemies":"Chosen","floor":22,"turns":2},{"damage":34,"enemies":"Centurion and Healer","floor":24,"turns":3},{"damage":14,"enemies":"Slavers","floor":25,"turns":3},{"damage":14,"enemies":"Shelled Parasite and Fungi","floor":27,"turns":1}],"seed_played":"8948886005082392705","potions_obtained":[{"floor":1,"key":"AttackPotion"},{"floor":8,"key":"SkillPotion"},{"floor":12,"key":"EssenceOfSteel"},{"floor":14,"key":"LiquidBronze"}],"is_trial":false,"path_per_floor":["M","M","$","?","M","?","R","E","T","E","$","M","?","M","R","B",null,"M","?","?","$","M","R","M","E","T","M"],"character_chosen":"DEFECT","items_purchased":["Streamline","Lockon","Streamline"],"campfire_rested":0,"item_purchase_floors":[3,11,11],"current_hp_per_floor":[66,59,59,59,59,59,59,31,31,12,12,3,72,72,72,48,66,66,66,66,66,60,60,26,12,12,0],"gold":101,"neow_bonus":"RANDOM_COLORLESS_2","is_prod":false,"is_daily":false,"chose_seed":false,"campfire_upgraded":3,"win_rate":0,"timestamp":1548533151,"path_taken":["M","M","$","?","M","?","R","E","T","E","$","M","?","M","R","BOSS","M","?","?","$","M","R","M","E","T","?"],"build_version":"2019-01-23","purchased_purges":3,"victory":false,"max_hp_per_floor":[75,75,72,72,72,72,72,72,72,72,72,72,72,72,72,72,72,72,72,72,72,72,72,72,72,72,72],"card_choices":[{"not_picked":["Coolheaded","Loop"],"picked":"Conserve Battery","floor":1},{"not_picked":["Reboot","Go for the Eyes"],"picked":"Ball Lightning","floor":2},{"not_picked":["Go for the Eyes","Fusion"],"picked":"Doom and Gloom","floor":5},{"not_picked":["Storm","Coolheaded"],"picked":"Cold Snap","floor":8},{"not_picked":["Stack","Reinforced Body"],"picked":"Ball Lightning","floor":10},{"not_picked":["Compile Driver","Beam Cell"],"picked":"Auto Shields","floor":12},{"not_picked":["Stack","Genetic Algorithm"],"picked":"Turbo","floor":12},{"not_picked":["Gash","Turbo"],"picked":"Melter","floor":14},{"not_picked":["Compile Driver","Force Field"],"picked":"Hologram","floor":14},{"not_picked":["Biased Cognition","Multi-Cast"],"picked":"Buffer","floor":16},{"not_picked":["Barrage","Steam"],"picked":"Ball Lightning+1","floor":18},{"not_picked":["Barrage+1","Fusion"],"picked":"Ball Lightning","floor":18},{"not_picked":["Sweeping Beam","Conserve Battery+1"],"picked":"Rebound","floor":22},{"not_picked":["Redo","Scrape+1"],"picked":"Beam Cell","floor":22},{"not_picked":["Steam+1","Gash+1"],"picked":"Ball Lightning","floor":24},{"not_picked":["Glacier","Force Field"],"picked":"Double Energy","floor":24},{"not_picked":["Undo","Storm"],"picked":"Consume+1","floor":25}],"player_experience":618053,"relics_obtained":[{"floor":8,"key":"Oddly Smooth Stone"},{"floor":9,"key":"Mercury Hourglass"},{"floor":10,"key":"Prayer Wheel"},{"floor":25,"key":"Boot"},{"floor":26,"key":"Bottled Flame"}],"event_choices":[{"damage_healed":0,"gold_gain":175,"player_choice":"AGREE","damage_taken":0,"max_hp_gain":0,"max_hp_loss":0,"event_name":"Liars Game","floor":4,"gold_loss":0,"cards_obtained":["Doubt"]},{"damage_healed":0,"gold_gain":0,"player_choice":"Box","damage_taken":0,"relics_obtained":["Bronze Scales"],"max_hp_gain":0,"max_hp_loss":0,"event_name":"Big Fish","floor":6,"gold_loss":0,"cards_obtained":["Regret"]},{"cards_removed":["Auto Shields"],"damage_healed":69,"gold_gain":0,"player_choice":"Offered Uncommon","damage_taken":0,"max_hp_gain":0,"max_hp_loss":0,"event_name":"Bonfire Elementals","floor":13,"gold_loss":0},{"damage_healed":0,"gold_gain":0,"player_choice":"Opened","damage_taken":0,"relics_obtained":["Cables"],"max_hp_gain":0,"max_hp_loss":0,"event_name":"The Mausoleum","floor":19,"gold_loss":0,"cards_obtained":["Writhe"]},{"damage_healed":0,"gold_gain":0,"player_choice":"2 cards matched","damage_taken":0,"max_hp_gain":0,"max_hp_loss":0,"event_name":"Match and Keep!","floor":20,"gold_loss":0,"cards_obtained":["Zap","Echo Form"]}],"is_beta":false,"boss_relics":[{"not_picked":["Fusion Hammer","Snecko Eye"],"picked":"Sozu"}],"items_purged_floors":[3,11,21],"is_endless":false,"potions_floor_spawned":[1,8,12,14,18,24,25],"killed_by":"Shelled Parasite and Fungi","ascension_level":6}