{"gold_per_floor":[109,109,109,61,80,80,98,153,153,153,76,93,110,123,123,123],"floor_reached":16,"playtime":643,"items_purged":[],"score":138,"play_id":"22e74e9b-18ad-45b7-9bcf-3f372a7f6ff9","local_time":"20190126204332","is_ascension_mode":true,"campfire_choices":[{"floor":6,"key":"REST"},{"floor":10,"key":"REST"},{"floor":15,"key":"REST"}],"neow_cost":"PERCENT_DAMAGE","seed_source_timestamp":269992910771699,"circlet_count":0,"master_deck":["AscendersBane","Strike_R","Strike_R","Strike_R","Defend_R","Defend_R","Defend_R","Defend_R","Bash","Magnetism","Finesse","Dropkick","Body Slam","Infernal Blade","True Grit","Limit Break","Power Through","Armaments"],"relics":["Burning Blood","Dodecahedron","Du-Vu Doll"],"potions_floor_usage":[8,8,14],"damage_taken":[{"damage":15,"enemies":"Cultist","floor":1,"turns":5},{"damage":6,"enemies":"Jaw Worm","floor":5,"turns":5},{"damage":4,"enemies":"Small Slimes","floor":7,"turns":4},{"damage":38,"enemies":"Gremlin Nob","floor":8,"turns":4},{"damage":13,"enemies":"Looter","floor":12,"turns":3},{"damage":1,"enemies":"Exordium Thugs","floor":13,"turns":5},{"damage":34,"enemies":"Gremlin Gang","floor":14,"turns":7},{"damage":50,"enemies":"The Guardian","floor":16,"turns":4}],"seed_played":"-4688723717752593828","potions_obtained":[{"floor":1,"key":"LiquidBronze"},{"floor":5,"key":"PowerPotion"},{"floor":12,"key":"Dexterity Potion"}],"is_trial":false,"path_per_floor":["M","?","?","$","M","R","M","?","T","R","$","M","M","M","R","B"],"character_chosen":"IRONCLAD","items_purchased":["Body Slam","Limit Break"],"campfire_rested":3,"item_purchase_floors":[4,11],"current_hp_per_floor":[42,42,35,35,35,59,61,29,29,53,53,46,51,23,47,0],"gold":123,"neow_bonus":"RANDOM_COLORLESS_2","is_prod":false,"is_daily":false,"chose_seed":false,"campfire_upgraded":0,"win_rate":0,"timestamp":1548531812,"path_taken":["M","?","?","?","M","R","M","?","T","R","?","?","M","M","R","BOSS"],"build_version":"2019-01-23","purchased_purges":0,"victory":false,"max_hp_per_floor":[80,80,80,80,80,80,80,80,80,80,80,80,80,80,80,80],"card_choices":[{"not_picked":["Perfected Strike","Clash"],"picked":"Dropkick","floor":1},{"not_picked":["Reckless Charge","Intimidate"],"picked":"Infernal Blade","floor":5},{"not_picked":["Reckless Charge","Clothesline","Anger"],"picked":"SKIP","floor":7},{"not_picked":["Heavy Blade","Feel No Pain"],"picked":"True Grit","floor":8},{"not_picked":["Sword Boomerang","Warcry"],"picked":"Power Through","floor":12},{"not_picked":["Thunderclap","Searing Blow","Ghostly Armor"],"picked":"SKIP","floor":13},{"not_picked":["Wild Strike","Sword Boomerang"],"picked":"Armaments","floor":14}],"player_experience":1321415,"relics_obtained":[{"floor":8,"key":"Dodecahedron"},{"floor":9,"key":"Du-Vu Doll"}],"event_choices":[{"cards_removed":["Strike_R"],"damage_healed":0,"gold_gain":0,"player_choice":"Forget","damage_taken":0,"max_hp_gain":0,"max_hp_loss":0,"event_name":"Living Wall","floor":2,"gold_loss":0},{"cards_removed":["Strike_R"],"damage_healed":0,"gold_gain":0,"player_choice":"Card Removal","damage_taken":7,"max_hp_gain":0,"max_hp_loss":0,"event_name":"Golden Wing","floor":3,"gold_loss":0},{"damage_healed":0,"gold_gain":0,"player_choice":"Searched \u00272\u0027 times","damage_taken":0,"max_hp_gain":0,"max_hp_loss":0,"event_name":"Dead Adventurer","floor":8,"gold_loss":0}],"is_beta":false,"boss_relics":[],"items_purged_floors":[],"is_endless":false,"potions_floor_spawned":[1,5,12],"killed_by":"The Guardian","ascension_level":10}