{"gold_per_floor":[118,129,204,218,299,299,328,346,369,369,104,114,147,147,147,147],"floor_reached":16,"playtime":656,"items_purged":["Strike_G"],"score":138,"play_id":"1e44cbd9-29b5-4270-aaa0-b9bed250d95d","local_time":"20190425130141","is_ascension_mode":true,"campfire_choices":[{"data":"Footwork","floor":6,"key":"SMITH"},{"data":"Cloak And Dagger","floor":10,"key":"SMITH"},{"floor":15,"key":"REST"}],"neow_cost":"NONE","seed_source_timestamp":1225381313398300,"circlet_count":0,"master_deck":["Defend_G","Defend_G","Defend_G","Defend_G","Defend_G","Strike_G","Strike_G","Strike_G","Strike_G","Survivor","Neutralize","Footwork+1","Distraction","Cloak And Dagger+1","Quick Slash","PiercingWail","Dash","Bullet Time"],"relics":["Ring of the Snake","Oddly Smooth Stone","Ninja Scroll","Pen Nib","Orichalcum","Blood Vial","Dodecahedron"],"potions_floor_usage":[16],"damage_taken":[{"damage":1,"enemies":"Jaw Worm","floor":1,"turns":4},{"damage":2,"enemies":"Cultist","floor":2,"turns":5},{"damage":0,"enemies":"2 Louse","floor":4,"turns":6},{"damage":16,"enemies":"Lagavulin","floor":7,"turns":14},{"damage":2,"enemies":"2 Fungi Beasts","floor":8,"turns":2},{"damage":0,"enemies":"Exordium Thugs","floor":12,"turns":4},{"damage":16,"enemies":"Gremlin Nob","floor":13,"turns":5},{"damage":49,"enemies":"Hexaghost","floor":16,"turns":18}],"seed_played":"-1379955074450172344","potions_obtained":[{"floor":8,"key":"SkillPotion"},{"floor":12,"key":"Energy Potion"}],"is_trial":false,"path_per_floor":["M","M","?","M","T","R","E","M","T","R","$","M","E","?","R","B"],"character_chosen":"THE_SILENT","items_purchased":["Blood Vial","PiercingWail"],"campfire_rested":1,"item_purchase_floors":[11,11],"current_hp_per_floor":[69,67,56,56,56,56,40,38,38,38,38,40,26,26,47,0],"gold":147,"neow_bonus":"RANDOM_COMMON_RELIC","is_prod":false,"is_daily":false,"chose_seed":false,"campfire_upgraded":2,"win_rate":0,"timestamp":1556222501,"path_taken":["M","M","?","M","?","R","E","M","T","R","$","?","E","?","R","BOSS"],"build_version":"2019-01-23","purchased_purges":1,"victory":false,"max_hp_per_floor":[70,70,70,70,70,70,70,70,70,70,70,70,70,70,70,70],"card_choices":[{"not_picked":["Dagger Spray","Bane"],"picked":"Footwork","floor":1},{"not_picked":["Setup","Outmaneuver"],"picked":"Distraction","floor":2},{"not_picked":["Outmaneuver","Prepared","Bane"],"picked":"SKIP","floor":4},{"not_picked":["Tactician","Flying Knee"],"picked":"Cloak And Dagger","floor":7},{"not_picked":["Riddle With Holes","Blade Dance"],"picked":"Quick Slash","floor":8},{"not_picked":["Dodge and Roll","Crippling Poison"],"picked":"Dash","floor":12},{"not_picked":["Quick Slash","Bane"],"picked":"Bullet Time","floor":13}],"player_experience":361423,"relics_obtained":[{"floor":5,"key":"Ninja Scroll"},{"floor":7,"key":"Pen Nib"},{"floor":9,"key":"Orichalcum"},{"floor":13,"key":"Dodecahedron"}],"event_choices":[{"damage_healed":0,"gold_gain":75,"player_choice":"Gather Gold","damage_taken":11,"max_hp_gain":0,"max_hp_loss":0,"event_name":"World of Goop","floor":3,"gold_loss":0},{"damage_healed":0,"gold_gain":0,"player_choice":"Ignored","damage_taken":0,"max_hp_gain":0,"max_hp_loss":0,"event_name":"Liars Game","floor":14,"gold_loss":0}],"is_beta":false,"boss_relics":[],"items_purged_floors":[11],"is_endless":false,"potions_floor_spawned":[8,12],"killed_by":"Hexaghost","ascension_level":5}