{"path_per_floor":["M","M","?","M","M","R","E","R","T","E","R","M","?","$","R","B",null,"M","$","M","?","$","R","?","R","T","E","$","?","M","M","R"],"character_chosen":"IRONCLAD","items_purchased":["Apotheosis"],"gold_per_floor":[119,132,82,100,111,111,146,146,146,179,179,189,247,36,36,141,141,158,158,176,176,176,176,126,126,149,174,174,274,284,303,303],"floor_reached":33,"campfire_rested":4,"playtime":1677,"current_hp_per_floor":[81,84,84,88,80,80,63,63,63,27,53,53,37,37,63,37,88,62,62,46,46,46,46,46,72,72,24,24,24,28,32,58],"items_purged":[],"gold":303,"score":300,"play_id":"0490dd6a-baab-4d9e-9c1b-b91f392c88ed","local_time":"20180314223010","is_prod":false,"is_daily":false,"is_ascension_mode":true,"campfire_upgraded":3,"timestamp":1521091810,"path_taken":["M","M","?","M","M","R","E","R","T","E","R","M","?","$","R","BOSS","M","$","M","?","?","R","?","R","T","E","$","?","M","M","R","BOSS"],"build_version":"2018-03-09","purchased_purges":1,"victory":false,"master_deck":["Strike_R+1","Strike_R+1","Strike_R+1","Strike_R+1","Defend_R+1","Defend_R+1","Defend_R+1","Defend_R+1","Bash","True Grit","Cleave+1","Dropkick","Infernal Blade","Dark Embrace","Whirlwind+1","Rampage+1","Heavy Blade+1","Apotheosis+1","Bludgeon+1","Pommel Strike+1","Searing Blow+1","Power Through","Dual Wield"],"max_hp_per_floor":[88,88,88,88,88,88,88,88,88,88,88,88,88,88,88,88,88,88,88,88,88,88,88,88,88,88,88,88,88,88,88,88],"relics":["Burning Blood","Anchor","Molten Egg 2","Frozen Egg 2","Red Skull","Runic Cube","Happy Flower","Darkstone Periapt"],"card_choices":[{"not_picked":["Warcry","Combust"],"picked":"True Grit"},{"not_picked":["Warcry","Sword Boomerang"],"picked":"Cleave"},{"not_picked":["Havoc","Reaper"],"picked":"Dropkick"},{"not_picked":["Iron Wave","True Grit"],"picked":"Infernal Blade"},{"not_picked":["Perfected Strike","Corruption"],"picked":"Dark Embrace"},{"not_picked":["Evolve","Blood for Blood"],"picked":"Whirlwind"},{"not_picked":["Warcry","Heavy Blade"],"picked":"Rampage"},{"not_picked":["Body Slam","Burning Pact"],"picked":"Heavy Blade"},{"not_picked":["Brutality","Dark Embrace"],"picked":"Bludgeon"},{"not_picked":["Armaments","Havoc"],"picked":"Pommel Strike"},{"not_picked":["Havoc","Second Wind"],"picked":"Searing Blow"},{"not_picked":["Pommel Strike","Cleave"],"picked":"Power Through"},{"not_picked":["Anger","Headbutt"],"picked":"Dual Wield"}],"player_experience":180122,"potions_floor_usage":[10,30,31,33,33],"damage_taken":[{"damage":13,"enemies":"Jaw Worm","floor":1,"turns":4},{"damage":3,"enemies":"2 Louse","floor":2,"turns":3},{"damage":1,"enemies":"Cultist","floor":4,"turns":3},{"damage":14,"enemies":"2 Fungi Beasts","floor":5,"turns":4},{"damage":23,"enemies":"3 Sentries","floor":7,"turns":8},{"damage":42,"enemies":"Lagavulin","floor":10,"turns":6},{"damage":6,"enemies":"Looter","floor":12,"turns":3},{"damage":22,"enemies":"Gremlin Nob","floor":13,"turns":4},{"damage":32,"enemies":"Slime Boss","floor":16,"turns":8},{"damage":32,"enemies":"Spheric Guardian","floor":18,"turns":5},{"damage":22,"enemies":"Chosen","floor":20,"turns":5},{"damage":54,"enemies":"Book of Stabbing","floor":27,"turns":6},{"damage":2,"enemies":"Snecko","floor":30,"turns":3},{"damage":2,"enemies":"Cultist and Chosen","floor":31,"turns":6},{"damage":74,"enemies":"Collector","floor":33,"turns":7}],"event_choices":[{"event_name":"The Cleric","player_choice":"Card Removal","floor":3,"damage_taken":0},{"event_name":"Dead Adventurer","player_choice":"Searched \u00272\u0027 times","floor":13,"damage_taken":0},{"event_name":"Back to Basics","player_choice":"Simplicity","floor":21,"damage_taken":0},{"event_name":"The Joust","player_choice":"Bet on Murderer","floor":24,"damage_taken":0},{"event_name":"Golden Shrine","player_choice":"Pray","floor":29,"damage_taken":0}],"boss_relics":[{"not_picked":["Cursed Key","Astrolabe"],"picked":"Runic Cube"}],"potions_floor_spawned":[2,4,5,13,16,20,27,31],"seed_played":"5986994623634557524","killed_by":"Collector","ascension_level":2,"is_trial":false}