{"gold_per_floor":[112,130,143,4,4,4,29,45,71,87,102,252,252,252,252,252],"floor_reached":16,"playtime":993,"items_purged":[],"score":194,"play_id":"b89fe964-9bd7-45ce-a3c7-7441728a83d1","local_time":"20190513200527","is_ascension_mode":true,"campfire_choices":[{"data":"Sadistic Nature","floor":6,"key":"SMITH"},{"floor":13,"key":"REST"},{"floor":15,"key":"REST"}],"neow_cost":"TEN_PERCENT_HP_LOSS","seed_source_timestamp":47662442904779,"circlet_count":0,"master_deck":["AscendersBane","Defend_G","Defend_G","Defend_G","Defend_G","Defend_G","Strike_G","Strike_G","Strike_G","Strike_G","Survivor","Neutralize","Sadistic Nature+1","Blind","Catalyst","PiercingWail","Sucker Punch","Deadly Poison","Caltrops","Backstab","Backstab","Deadly Poison","Crippling Poison","Cloak And Dagger","Deadly Poison"],"relics":["Ring of the Snake","Dream Catcher","Ancient Tea Set"],"potions_floor_usage":[10,11,16],"damage_taken":[{"damage":2,"enemies":"Cultist","floor":1,"turns":5},{"damage":1,"enemies":"2 Louse","floor":2,"turns":5},{"damage":4,"enemies":"Small Slimes","floor":3,"turns":5},{"damage":19,"enemies":"Lagavulin","floor":7,"turns":8},{"damage":3,"enemies":"3 Louse","floor":8,"turns":5},{"damage":1,"enemies":"Blue Slaver","floor":10,"turns":3},{"damage":3,"enemies":"Large Slime","floor":11,"turns":5},{"damage":58,"enemies":"Slime Boss","floor":16,"turns":9}],"seed_played":"2135793740120309944","potions_obtained":[{"floor":7,"key":"GhostInAJar"},{"floor":10,"key":"FearPotion"},{"floor":11,"key":"Strength Potion"}],"is_trial":false,"path_per_floor":["M","M","M","$","?","R","E","M","T","M","M","?","R","?","R","B"],"character_chosen":"THE_SILENT","items_purchased":["Deadly Poison","Caltrops"],"campfire_rested":2,"item_purchase_floors":[4,4],"current_hp_per_floor":[57,56,52,52,52,52,33,30,30,29,26,26,44,37,55,0],"gold":252,"neow_bonus":"RANDOM_COLORLESS_2","is_prod":false,"is_daily":false,"chose_seed":false,"campfire_upgraded":1,"win_rate":0,"timestamp":1557803127,"path_taken":["M","M","M","$","?","R","E","M","T","?","M","?","R","?","R","BOSS"],"build_version":"2019-01-23","purchased_purges":0,"victory":false,"max_hp_per_floor":[60,60,60,60,60,60,60,60,60,60,60,60,60,60,60,60],"card_choices":[{"not_picked":["Dodge and Roll","Outmaneuver"],"picked":"Catalyst","floor":1},{"not_picked":["Infinite Blades","Dagger Spray"],"picked":"PiercingWail","floor":2},{"not_picked":["Dagger Throw","Quick Slash"],"picked":"Sucker Punch","floor":3},{"not_picked":["A Thousand Cuts","Blur"],"picked":"Backstab","floor":7},{"not_picked":["Quick Slash","Blade Dance"],"picked":"Backstab","floor":8},{"not_picked":["Slice","Deflect"],"picked":"Deadly Poison","floor":10},{"not_picked":["Masterful Stab","Dagger Throw"],"picked":"Crippling Poison","floor":11},{"not_picked":["Flying Knee","Dagger Throw"],"picked":"Cloak And Dagger","floor":13},{"not_picked":["Flying Knee","Prepared"],"picked":"Deadly Poison","floor":15}],"player_experience":1698047,"relics_obtained":[{"floor":7,"key":"Dream Catcher"},{"floor":9,"key":"Ancient Tea Set"}],"event_choices":[{"cards_removed":["Strike_G"],"damage_healed":0,"gold_gain":0,"player_choice":"Purged","damage_taken":0,"max_hp_gain":0,"max_hp_loss":0,"event_name":"Purifier","floor":5,"gold_loss":0},{"damage_healed":0,"gold_gain":150,"player_choice":"AGREE","damage_taken":0,"max_hp_gain":0,"max_hp_loss":0,"event_name":"Liars Game","floor":12,"gold_loss":0,"cards_obtained":["Doubt"]},{"cards_removed":["Doubt"],"damage_healed":0,"gold_gain":0,"player_choice":"Card Removal","damage_taken":7,"max_hp_gain":0,"max_hp_loss":0,"event_name":"Golden Wing","floor":14,"gold_loss":0}],"is_beta":false,"boss_relics":[],"items_purged_floors":[],"is_endless":false,"potions_floor_spawned":[7,10,11],"killed_by":"Slime Boss","ascension_level":18}