{"gold_per_floor":[216,228,248,248,271,271,305,318,318,318,331,331,369,403,403,403],"floor_reached":16,"playtime":746,"items_purged":[],"score":157,"play_id":"4e47c944-6c78-4034-ac16-af5ad262bff4","local_time":"20190104203957","is_ascension_mode":true,"campfire_choices":[{"floor":6,"key":"REST"},{"floor":10,"key":"REST"},{"floor":12,"key":"REST"},{"floor":15,"key":"REST"}],"neow_cost":"NONE","seed_source_timestamp":93028261127000,"circlet_count":0,"master_deck":["Strike_B","Strike_B","Strike_B","Strike_B","Defend_B","Defend_B","Defend_B","Defend_B","Zap","Dualcast","Melter","Redo","Injury","Echo Form","Redo","White Noise","Storm","Chill"],"relics":["Cracked Core","Golden Idol","Incense Burner","Anchor","Lantern","Odd Mushroom"],"potions_floor_usage":[14,16,16],"damage_taken":[{"damage":0,"enemies":"Cultist","floor":1,"turns":4},{"damage":0,"enemies":"2 Louse","floor":2,"turns":1},{"damage":7,"enemies":"Jaw Worm","floor":3,"turns":2},{"damage":20,"enemies":"Large Slime","floor":5,"turns":5},{"damage":35,"enemies":"Lagavulin","floor":7,"turns":8},{"damage":7,"enemies":"Looter","floor":8,"turns":3},{"damage":1,"enemies":"Exordium Wildlife","floor":11,"turns":4},{"damage":25,"enemies":"3 Sentries","floor":13,"turns":8},{"damage":24,"enemies":"The Mushroom Lair","floor":14,"turns":4},{"damage":53,"enemies":"Hexaghost","floor":16,"turns":9}],"seed_played":"6719409828188282310","potions_obtained":[{"floor":1,"key":"FearPotion"},{"floor":5,"key":"Regen Potion"},{"floor":8,"key":"Energy Potion"}],"is_trial":false,"path_per_floor":["M","M","M","?","M","R","E","M","T","R","M","R","E","?","R","B"],"character_chosen":"DEFECT","items_purchased":[],"campfire_rested":4,"item_purchase_floors":[],"current_hp_per_floor":[68,68,61,61,41,63,28,21,21,43,42,64,39,15,37,0],"gold":403,"neow_bonus":"HUNDRED_GOLD","is_prod":false,"is_daily":false,"chose_seed":false,"campfire_upgraded":0,"win_rate":0,"timestamp":1546630797,"path_taken":["M","?","M","?","M","R","E","M","T","R","M","R","E","?","R","BOSS"],"build_version":"2019-01-03v3","purchased_purges":0,"victory":false,"max_hp_per_floor":[75,75,75,75,75,75,75,75,75,75,75,75,75,75,75,75],"card_choices":[{"not_picked":["Streamline","Hologram"],"picked":"Melter","floor":1},{"not_picked":["Go for the Eyes","Recycle"],"picked":"Redo","floor":2},{"not_picked":["Go for the Eyes","Rip and Tear","Sweeping Beam"],"picked":"SKIP","floor":3},{"not_picked":["Sunder","Coolheaded"],"picked":"Echo Form","floor":5},{"not_picked":["Leap","Auto Shields","Rebound"],"picked":"SKIP","floor":7},{"not_picked":["Go for the Eyes","Coolheaded"],"picked":"Redo","floor":8},{"not_picked":["Consume","Conserve Battery"],"picked":"White Noise","floor":11},{"not_picked":["Buffer","Cold Snap"],"picked":"Storm","floor":13},{"not_picked":["Compile Driver","Glacier"],"picked":"Chill","floor":14}],"player_experience":1077097,"relics_obtained":[{"floor":7,"key":"Incense Burner"},{"floor":9,"key":"Anchor"},{"floor":13,"key":"Lantern"},{"floor":14,"key":"Odd Mushroom"}],"event_choices":[{"damage_healed":0,"gold_gain":0,"player_choice":"Take Wound","damage_taken":0,"relics_obtained":["Golden Idol"],"max_hp_gain":0,"max_hp_loss":0,"event_name":"Golden Idol","floor":4,"gold_loss":0,"cards_obtained":["Injury"]},{"damage_healed":0,"gold_gain":0,"player_choice":"Fought Mushrooms","damage_taken":0,"max_hp_gain":0,"max_hp_loss":0,"event_name":"Mushrooms","floor":14,"gold_loss":0}],"is_beta":false,"boss_relics":[],"items_purged_floors":[],"is_endless":false,"potions_floor_spawned":[1,5,8],"killed_by":"Hexaghost","ascension_level":8}