{"gold_per_floor":[110,128,128,128,144,144,154,172,172,186,216,216,228,192,192,192],"floor_reached":16,"playtime":1474,"items_purged":[],"score":151,"play_id":"b3964171-109b-48b9-bb1a-40330acb366b","local_time":"20190423120043","is_ascension_mode":true,"campfire_choices":[{"data":"Distraction","floor":6,"key":"SMITH"},{"floor":12,"key":"REST"},{"data":"Distraction","floor":15,"key":"SMITH"}],"neow_cost":"NONE","seed_source_timestamp":18181703188511,"circlet_count":0,"master_deck":["Defend_G","Defend_G","Defend_G","Defend_G","Defend_G","Strike_G","Strike_G","Strike_G","Strike_G","Survivor","Neutralize","Dash","Distraction+1","Distraction+1","Deflect","All Out Attack","Deflect","Well Laid Plans","Distraction","Deflect","Escape Plan"],"relics":["Ring of the Snake","Happy Flower","Sundial","Ornamental Fan"],"potions_floor_usage":[11,11,16],"damage_taken":[{"damage":5,"enemies":"Jaw Worm","floor":1,"turns":4},{"damage":0,"enemies":"Cultist","floor":2,"turns":5},{"damage":0,"enemies":"2 Louse","floor":5,"turns":4},{"damage":5,"enemies":"Exordium Thugs","floor":7,"turns":7},{"damage":0,"enemies":"Blue Slaver","floor":8,"turns":5},{"damage":4,"enemies":"2 Fungi Beasts","floor":10,"turns":4},{"damage":8,"enemies":"Lagavulin","floor":11,"turns":10},{"damage":8,"enemies":"Exordium Thugs","floor":13,"turns":3},{"damage":71,"enemies":"Hexaghost","floor":16,"turns":16}],"seed_played":"5583567365283496768","potions_obtained":[{"floor":8,"key":"Weak Potion"},{"floor":10,"key":"LiquidBronze"},{"floor":13,"key":"Regen Potion"}],"is_trial":false,"path_per_floor":["M","M","?","$","M","R","M","M","T","M","E","R","M","$","R","B"],"character_chosen":"THE_SILENT","items_purchased":["Escape Plan"],"campfire_rested":1,"item_purchase_floors":[14],"current_hp_per_floor":[58,58,58,58,58,58,53,53,53,49,41,62,54,54,54,0],"gold":192,"neow_bonus":"RANDOM_COMMON_RELIC","is_prod":false,"is_daily":false,"chose_seed":false,"campfire_upgraded":2,"win_rate":0,"timestamp":1556046043,"path_taken":["M","M","?","?","M","R","M","M","T","M","E","R","M","$","R","BOSS"],"build_version":"2019-01-23","purchased_purges":0,"victory":false,"max_hp_per_floor":[70,70,70,70,70,70,70,70,70,70,70,70,70,70,70,70],"card_choices":[{"not_picked":["Deflect","Blade Dance"],"picked":"Dash","floor":1},{"not_picked":["Slice","Dagger Throw"],"picked":"Distraction","floor":2},{"not_picked":["Acrobatics","Flying Knee"],"picked":"Deflect","floor":5},{"not_picked":["Catalyst","Slice"],"picked":"All Out Attack","floor":7},{"not_picked":["Outmaneuver","Poisoned Stab"],"picked":"Deflect","floor":8},{"not_picked":["Sucker Punch","Quick Slash"],"picked":"Well Laid Plans","floor":10},{"not_picked":["Dodge and Roll","Heel Hook"],"picked":"Distraction","floor":11},{"not_picked":["Cloak And Dagger","Setup"],"picked":"Deflect","floor":13}],"player_experience":1434229,"relics_obtained":[{"floor":9,"key":"Sundial"},{"floor":11,"key":"Ornamental Fan"}],"event_choices":[{"damage_healed":0,"gold_gain":0,"cards_transformed":["Strike_G"],"player_choice":"Change","damage_taken":0,"max_hp_gain":0,"max_hp_loss":0,"event_name":"Living Wall","floor":3,"gold_loss":0,"cards_obtained":["Distraction"]}],"is_beta":false,"boss_relics":[],"items_purged_floors":[],"is_endless":false,"potions_floor_spawned":[8,10,13],"killed_by":"Hexaghost","ascension_level":9}