{"gold_per_floor":[13,13,13,30,30,57,57,57,82,114,127,155,155,168,168,272,272,242,26,125,29,29,29,61,71,97,117,134,134,146,164,164,164],"floor_reached":33,"playtime":2261,"items_purged":[],"score":428,"play_id":"a07ae978-8f0a-4121-b103-d74cec62ea23","local_time":"20190407122933","is_ascension_mode":true,"campfire_choices":[{"floor":8,"key":"REST"},{"floor":13,"key":"REST"},{"floor":15,"key":"REST"},{"floor":23,"key":"REST"},{"floor":29,"key":"REST"},{"floor":32,"key":"REST"}],"neow_cost":"NO_GOLD","seed_source_timestamp":72696134823600,"circlet_count":0,"master_deck":["AscendersBane","Defend_G","Defend_G","Defend_G","Defend_G","Defend_G","Strike_G","Strike_G","Strike_G+1","Strike_G","Survivor","Neutralize","Slice","Quick Slash","Catalyst","Parasite","Slice+1","Storm of Steel","Backstab","A Thousand Cuts","Footwork","Calculated Gamble","Panacea"],"relics":["Ring of the Snake","Dead Branch","Unceasing Top","Bag of Preparation","Dodecahedron","Omamori","Lizard Tail","Whetstone","Pantograph","Centennial Puzzle"],"potions_floor_usage":[12,18,27,28,33],"damage_taken":[{"damage":6,"enemies":"Cultist","floor":1,"turns":3},{"damage":4,"enemies":"2 Louse","floor":4,"turns":3},{"damage":22,"enemies":"3 Sentries","floor":6,"turns":10},{"damage":34,"enemies":"Gremlin Nob","floor":10,"turns":5},{"damage":4,"enemies":"Small Slimes","floor":11,"turns":3},{"damage":12,"enemies":"Lagavulin","floor":12,"turns":4},{"damage":0,"enemies":"3 Louse","floor":14,"turns":3},{"damage":29,"enemies":"The Guardian","floor":16,"turns":9},{"damage":24,"enemies":"2 Thieves","floor":18,"turns":5},{"damage":28,"enemies":"Slavers","floor":24,"turns":5},{"damage":2,"enemies":"3 Byrds","floor":25,"turns":8},{"damage":0,"enemies":"3 Cultists","floor":27,"turns":2},{"damage":26,"enemies":"Sentry and Sphere","floor":28,"turns":7},{"damage":0,"enemies":"Shelled Parasite and Fungi","floor":30,"turns":4},{"damage":0,"enemies":"Snake Plant","floor":31,"turns":1},{"damage":153,"enemies":"Automaton","floor":33,"turns":12}],"seed_played":"-5455508297677869226","potions_obtained":[{"floor":6,"key":"FairyPotion"},{"floor":10,"key":"AttackPotion"},{"floor":16,"key":"GhostInAJar"},{"floor":24,"key":"Block Potion"},{"floor":25,"key":"SkillPotion"},{"floor":30,"key":"LiquidBronze"}],"is_trial":false,"path_per_floor":["M","$","?","M","$","E","?","R","T","E","M","E","R","M","R","B",null,"M","$","?","$","?","R","E","M","T","M","M","R","M","M","R","B"],"character_chosen":"THE_SILENT","items_purchased":["Calculated Gamble","Whetstone","Panacea"],"campfire_rested":6,"item_purchase_floors":[19,19,21],"current_hp_per_floor":[57,57,50,46,46,24,41,62,62,28,24,12,33,33,54,25,59,35,35,35,35,35,56,28,26,26,26,7,28,28,28,49,0],"gold":164,"neow_bonus":"ONE_RARE_RELIC","is_prod":false,"is_daily":false,"chose_seed":false,"campfire_upgraded":0,"win_rate":0,"timestamp":1554632973,"path_taken":["M","$","?","M","$","E","?","R","T","E","M","E","R","M","R","BOSS","M","$","?","$","?","R","E","M","T","M","M","R","M","M","R","BOSS"],"build_version":"2019-01-23","purchased_purges":0,"victory":false,"max_hp_per_floor":[70,70,70,70,70,70,70,70,70,70,70,70,70,70,70,70,70,70,70,70,70,70,70,70,70,70,70,70,70,70,70,70,70],"card_choices":[{"not_picked":["Dodge and Roll","Deflect"],"picked":"Slice","floor":1},{"not_picked":["Outmaneuver","Backflip"],"picked":"Quick Slash","floor":4},{"not_picked":["Setup","Skewer"],"picked":"Catalyst","floor":6},{"not_picked":["Heel Hook","Sucker Punch"],"picked":"Slice","floor":10},{"not_picked":["Bane","Poisoned Stab"],"picked":"Storm of Steel","floor":11},{"not_picked":["Skewer","Quick Slash","Underhanded Strike"],"picked":"SKIP","floor":12},{"not_picked":["Leg Sweep","Dodge and Roll"],"picked":"Backstab","floor":14},{"not_picked":["Tools of the Trade","Wraith Form v2"],"picked":"A Thousand Cuts","floor":16},{"not_picked":["Prepared","Deadly Poison"],"picked":"Footwork","floor":18},{"not_picked":["Dagger Spray","Blade Dance","Riddle With Holes+1"],"picked":"SKIP","floor":24},{"not_picked":["Riddle With Holes","Prepared","Dagger Throw+1"],"picked":"SKIP","floor":25},{"not_picked":["Predator","Heel Hook+1","Slice+1"],"picked":"SKIP","floor":27},{"not_picked":["Eviscerate","Dagger Spray+1","Riddle With Holes+1"],"picked":"SKIP","floor":28},{"not_picked":["Skewer","Prepared","Outmaneuver+1"],"picked":"SKIP","floor":30},{"not_picked":["Deflect+1","Caltrops","Underhanded Strike"],"picked":"SKIP","floor":31}],"player_experience":1611331,"relics_obtained":[{"floor":6,"key":"Unceasing Top"},{"floor":9,"key":"Bag of Preparation"},{"floor":10,"key":"Dodecahedron"},{"floor":12,"key":"Omamori"},{"floor":24,"key":"Pantograph"},{"floor":26,"key":"Centennial Puzzle"}],"event_choices":[{"cards_removed":["Strike_G"],"damage_healed":0,"gold_gain":0,"player_choice":"Card Removal","damage_taken":7,"max_hp_gain":0,"max_hp_loss":0,"event_name":"Golden Wing","floor":3,"gold_loss":0},{"damage_healed":17,"gold_gain":0,"player_choice":"Healed and dodged fight","damage_taken":0,"max_hp_gain":0,"max_hp_loss":0,"event_name":"Mushrooms","floor":7,"gold_loss":0,"cards_obtained":["Parasite"]},{"damage_healed":0,"gold_gain":99,"player_choice":"Stole From Cult","damage_taken":0,"max_hp_gain":0,"max_hp_loss":0,"event_name":"Nest","floor":20,"gold_loss":0},{"damage_healed":0,"gold_gain":0,"player_choice":"Smashed Altar","damage_taken":0,"max_hp_gain":0,"max_hp_loss":0,"event_name":"Forgotten Altar","floor":22,"gold_loss":0,"cards_obtained":["Decay"]}],"is_beta":false,"boss_relics":[{"not_picked":["Sozu","Pandora\u0027s Box"],"picked":"Lizard Tail"}],"items_purged_floors":[],"is_endless":false,"potions_floor_spawned":[6,10,16,24,25,30],"killed_by":"Automaton","ascension_level":10}