{"gold_per_floor":[111,111,286,27,42,77,77,107,107,25,25,25,25,36,36,135,135,153,2,2,2,2,2,2,15,15,28,28,45,55,72,72,72],"floor_reached":33,"playtime":1292,"items_purged":["Strike_B"],"score":348,"play_id":"c4fc26ae-d542-47c7-8d73-9fd532f03beb","local_time":"20181027154719","is_ascension_mode":true,"campfire_choices":[{"data":"Static Discharge","floor":7,"key":"SMITH"},{"data":"Static Discharge","floor":12,"key":"SMITH"},{"data":"White Noise","floor":15,"key":"SMITH"},{"floor":24,"key":"REST"},{"data":"Double Energy","floor":32,"key":"SMITH"}],"neow_cost":"NONE","seed_source_timestamp":239902383401000,"circlet_count":0,"master_deck":["Strike_B","Strike_B","Defend_B","Defend_B","Defend_B","Defend_B","Zap","Dualcast","Static Discharge+1","Redo","Redo","Static Discharge+1","Bandage Up","White Noise+1","Biased Cognition","Barrage+1","Capacitor","Double Energy+1","Buffer","Sweeping Beam+1"],"relics":["Cracked Core","NeowsBlessing","Mercury Hourglass","Molten Egg 2","Thread and Needle","Cables","Nuclear Battery","Blood Vial"],"potions_floor_usage":[16,20,30,31,33],"damage_taken":[{"damage":0,"enemies":"Jaw Worm","floor":1,"turns":1},{"damage":0,"enemies":"2 Louse","floor":5,"turns":1},{"damage":0,"enemies":"Gremlin Nob","floor":6,"turns":1},{"damage":35,"enemies":"3 Sentries","floor":8,"turns":4},{"damage":0,"enemies":"Small Slimes","floor":14,"turns":2},{"damage":4,"enemies":"Slime Boss","floor":16,"turns":6},{"damage":15,"enemies":"Spheric Guardian","floor":18,"turns":3},{"damage":19,"enemies":"Colosseum Slavers","floor":20,"turns":2},{"damage":18,"enemies":"Chosen","floor":25,"turns":4},{"damage":15,"enemies":"Sentry and Sphere","floor":27,"turns":4},{"damage":7,"enemies":"Chosen and Byrds","floor":29,"turns":4},{"damage":6,"enemies":"Snecko","floor":30,"turns":5},{"damage":5,"enemies":"Centurion and Healer","floor":31,"turns":4},{"damage":93,"enemies":"Champ","floor":33,"turns":9}],"seed_played":"4470211963372427073","potions_obtained":[{"floor":1,"key":"Ancient Potion"},{"floor":8,"key":"Poison Potion"},{"floor":27,"key":"SneckoOil"},{"floor":29,"key":"AttackPotion"},{"floor":30,"key":"FearPotion"},{"floor":31,"key":"SpeedPotion"}],"is_trial":false,"path_per_floor":["M","?","?","$","M","E","R","E","T","$","?","R","?","M","R","B",null,"M","$","?","?","?","$","R","M","T","M","?","M","M","M","R"],"character_chosen":"DEFECT","items_purchased":["Mercury Hourglass","Bandage Up","Capacitor"],"campfire_rested":1,"item_purchase_floors":[4,10,19],"current_hp_per_floor":[75,75,75,75,75,75,75,40,40,40,65,65,65,65,65,65,73,58,58,39,39,39,39,61,47,47,38,63,62,62,63,63,0],"gold":72,"neow_bonus":"THREE_ENEMY_KILL","is_prod":false,"is_daily":false,"chose_seed":false,"campfire_upgraded":4,"win_rate":0,"timestamp":1540648039,"path_taken":["M","?","?","?","?","E","R","E","T","$","?","R","?","M","R","BOSS","M","$","?","?","?","?","R","M","T","?","?","M","M","M","R","BOSS"],"build_version":"2018-10-25v2","purchased_purges":1,"victory":false,"max_hp_per_floor":[75,75,75,75,75,75,75,75,75,75,75,75,75,75,75,75,75,75,75,75,75,75,75,75,75,75,75,75,75,75,75,75,75],"card_choices":[{"not_picked":["Auto Shields","Redo"],"picked":"Static Discharge","floor":1},{"not_picked":["Steam","Beam Cell"],"picked":"Redo","floor":5},{"not_picked":["Steam","Doom and Gloom"],"picked":"Redo","floor":6},{"not_picked":["Turbo","Rebound+1"],"picked":"Static Discharge","floor":8},{"not_picked":["Conserve Battery","Heatsinks"],"picked":"White Noise","floor":14},{"not_picked":["Creative AI","Buffer"],"picked":"Biased Cognition","floor":16},{"not_picked":["Streamline+1","Conserve Battery+1"],"picked":"Barrage+1","floor":18},{"not_picked":["Barrage+1","Rip and Tear+1"],"picked":"Double Energy","floor":25},{"not_picked":["Ball Lightning+1","Coolheaded","Beam Cell+1"],"picked":"SKIP","floor":27},{"not_picked":["Compile Driver+1","Turbo"],"picked":"Buffer","floor":29},{"not_picked":["Skim","Conserve Battery"],"picked":"Sweeping Beam+1","floor":30},{"not_picked":["Fusion+1","Barrage+1","Scrape+1"],"picked":"SKIP","floor":31}],"player_experience":776002,"relics_obtained":[{"floor":6,"key":"Molten Egg 2"},{"floor":8,"key":"Thread and Needle"},{"floor":9,"key":"Cables"},{"floor":26,"key":"Blood Vial"}],"event_choices":[{"damage_healed":0,"gold_gain":0,"player_choice":"Ignored","damage_taken":0,"max_hp_gain":0,"max_hp_loss":0,"event_name":"Shining Light","floor":2,"gold_loss":0},{"damage_healed":0,"gold_gain":175,"player_choice":"AGREE","damage_taken":0,"max_hp_gain":0,"max_hp_loss":0,"event_name":"Liars Game","floor":3,"gold_loss":0,"cards_obtained":["Doubt"]},{"damage_healed":25,"gold_gain":0,"player_choice":"Banana","damage_taken":0,"max_hp_gain":0,"max_hp_loss":0,"event_name":"Big Fish","floor":11,"gold_loss":0},{"cards_removed":["Doubt"],"damage_healed":0,"gold_gain":0,"player_choice":"Purged","damage_taken":0,"max_hp_gain":0,"max_hp_loss":0,"event_name":"Purifier","floor":13,"gold_loss":0},{"damage_healed":0,"gold_gain":0,"player_choice":"Fight","damage_taken":0,"max_hp_gain":0,"max_hp_loss":0,"event_name":"Colosseum","floor":20,"gold_loss":0},{"damage_healed":0,"gold_gain":0,"player_choice":"Fled From Nobs","damage_taken":0,"max_hp_gain":0,"max_hp_loss":0,"event_name":"Colosseum","floor":20,"gold_loss":0},{"damage_healed":0,"gold_gain":0,"player_choice":"Ignored","damage_taken":0,"max_hp_gain":0,"max_hp_loss":0,"event_name":"Beggar","floor":21,"gold_loss":0},{"cards_removed":["Strike_B"],"damage_healed":0,"gold_gain":0,"player_choice":"Offered Basic","damage_taken":0,"max_hp_gain":0,"max_hp_loss":0,"event_name":"Bonfire Elementals","floor":22,"gold_loss":0},{"damage_healed":25,"gold_gain":0,"player_choice":"Heal","damage_taken":0,"max_hp_gain":0,"max_hp_loss":0,"event_name":"The Library","floor":28,"gold_loss":0}],"is_beta":false,"boss_relics":[{"not_picked":["Lizard Tail","Calling Bell"],"picked":"Nuclear Battery"}],"items_purged_floors":[19],"is_endless":false,"potions_floor_spawned":[1,8,27,29,30,31],"killed_by":"Champ","ascension_level":5}