{"path_per_floor":["M","?","?","?","M","R","M","R","T","R","M","$","M","M","R","B",null,"M","$","?","$","?","R","E","R","T","$","M","R","E","?","R","B",null,"M","M","$","?","?","R","M","R","T","R","?","M","M","M","R","B"],"character_chosen":"THE_SILENT","items_purchased":["Footwork","Noxious Fumes","Deflect","Well Laid Plans","Cloak And Dagger","Blur","Acrobatics"],"gold_per_floor":[113,113,113,188,201,201,216,216,240,240,258,146,166,177,177,273,273,288,102,102,14,14,14,43,43,43,43,59,59,89,14,14,109,109,123,143,58,58,58,58,75,75,146,146,146,166,179,196,196,196],"floor_reached":51,"campfire_rested":4,"playtime":4321,"current_hp_per_floor":[76,69,74,63,62,62,62,62,62,62,62,62,39,33,57,9,82,79,79,79,79,79,79,72,72,72,72,61,61,59,59,82,77,82,77,41,41,41,41,41,37,61,61,61,61,35,35,22,46,24],"items_purged":["Strike_G","Strike_G"],"gold":196,"score":544,"play_id":"61232cde-8fa2-45bc-8708-25ce1dfc4bfd","local_time":"20180306232354","is_prod":false,"is_daily":false,"is_ascension_mode":true,"campfire_upgraded":8,"timestamp":1520407434,"path_taken":["M","?","?","?","M","R","M","R","T","R","M","$","M","?","R","BOSS","M","$","?","$","?","R","E","R","T","?","M","R","E","?","R","BOSS","M","?","$","?","?","R","?","R","T","R","?","M","M","M","R","BOSS"],"build_version":"2018-03-01-PROD1","purchased_purges":2,"victory":true,"master_deck":["Defend_G","Defend_G","Survivor","Neutralize+1","Riddle With Holes+1","Accuracy+1","Backflip+1","Sucker Punch+1","Footwork+1","Sucker Punch+1","Concentrate","Burst+1","Prepared+1","Noxious Fumes+1","Deflect","Well Laid Plans+1","Cloak And Dagger","Outmaneuver+1","Quick Slash+1","Footwork+1","Tools of the Trade","Backstab+1","Phantasmal Killer+1","Prepared+1","PiercingWail+1","Terror","Blur","Acrobatics+1","Injury","Infinite Blades+1","Sucker Punch+1","Poisoned Stab+1","Dash+1"],"max_hp_per_floor":[77,77,82,82,82,82,82,82,82,82,82,82,82,82,82,82,82,82,82,82,82,82,82,82,82,82,82,82,82,82,82,82,82,82,82,82,82,82,82,82,82,82,82,82,82,82,82,82,82,82],"relics":["Ring of the Snake","Pen Nib","Sozu","Whetstone","Anchor","Orichalcum","Astrolabe","Pantograph"],"card_choices":[{"not_picked":["Crippling Poison","Dodge and Roll"],"picked":"Riddle With Holes"},{"not_picked":["Deflect","Backflip"],"picked":"Accuracy"},{"not_picked":["Acrobatics","Caltrops"],"picked":"Backflip"},{"not_picked":["Backstab","Skewer"],"picked":"Sucker Punch"},{"not_picked":["Slice","Poisoned Stab"],"picked":"Sucker Punch"},{"not_picked":["Slice","Distraction"],"picked":"Concentrate"},{"not_picked":["Die Die Die","After Image"],"picked":"Burst"},{"not_picked":["Dagger Throw","Underhanded Strike"],"picked":"Prepared"},{"not_picked":["Backstab","Finisher"],"picked":"Outmaneuver"},{"not_picked":["Backflip","Crippling Poison"],"picked":"Quick Slash"},{"not_picked":["Sucker Punch","Deadly Poison"],"picked":"Footwork"},{"not_picked":["Bullet Time","Wraith Form"],"picked":"Tools of the Trade"},{"not_picked":["Poisoned Stab","Prepared"],"picked":"PiercingWail"},{"not_picked":["Finisher","Reflex"],"picked":"Terror"},{"not_picked":["Flying Knee","Poisoned Stab"],"picked":"Infinite Blades"},{"not_picked":["Outmaneuver","Setup"],"picked":"Sucker Punch"},{"not_picked":["Dodge and Roll","Prepared"],"picked":"Poisoned Stab"},{"not_picked":["Dagger Spray","Flying Knee"],"picked":"Dash"}],"player_experience":152692,"potions_floor_usage":[50,50],"damage_taken":[{"damage":1,"enemies":"Small Slimes","floor":1,"turns":4},{"damage":1,"enemies":"2 Louse","floor":5,"turns":3},{"damage":0,"enemies":"Jaw Worm","floor":7,"turns":4},{"damage":0,"enemies":"Looter","floor":11,"turns":3},{"damage":23,"enemies":"Gremlin Gang","floor":13,"turns":9},{"damage":6,"enemies":"2 Fungi Beasts","floor":14,"turns":3},{"damage":48,"enemies":"The Guardian","floor":16,"turns":21},{"damage":3,"enemies":"Shell Parasite","floor":18,"turns":8},{"damage":7,"enemies":"Book of Stabbing","floor":24,"turns":8},{"damage":11,"enemies":"Spheric Guardian","floor":28,"turns":5},{"damage":2,"enemies":"Slavers","floor":30,"turns":6},{"damage":5,"enemies":"Automaton","floor":33,"turns":12},{"damage":5,"enemies":"Orb Walker","floor":35,"turns":6},{"damage":36,"enemies":"3 Darklings","floor":36,"turns":6},{"damage":4,"enemies":"Maw","floor":41,"turns":11},{"damage":26,"enemies":"Sphere and 2 Shapes","floor":46,"turns":6},{"damage":0,"enemies":"3 Darklings","floor":47,"turns":6},{"damage":13,"enemies":"Maw","floor":48,"turns":8},{"damage":47,"enemies":"Time Eater","floor":50,"turns":15}],"event_choices":[{"event_name":"Golden Wing","player_choice":"Card Removal","floor":2,"damage_taken":0},{"event_name":"Big Fish","player_choice":"Donut","floor":3,"damage_taken":0},{"event_name":"World of Goop","player_choice":"Gather Gold","floor":4,"damage_taken":0},{"event_name":"Addict","player_choice":"Ignored","floor":20,"damage_taken":0},{"event_name":"Drug Dealer","player_choice":"Ignored","floor":22,"damage_taken":0},{"event_name":"Beggar","player_choice":"Gave Gold","floor":31,"damage_taken":0},{"event_name":"Accursed Blacksmith","player_choice":"Forge","floor":38,"damage_taken":0},{"event_name":"Tomb of Lord Red Mask","player_choice":"Ignored","floor":39,"damage_taken":0}],"boss_relics":[{"not_picked":["The Specimen","Ectoplasm"],"picked":"Sozu"},{"not_picked":["Runic Dome","Black Star"],"picked":"Astrolabe"}],"potions_floor_spawned":[1,14,28,33,36,48],"seed_played":"-1285304609117259564","ascension_level":3,"is_trial":false}