{"gold_per_floor":[112,37,114,125,137,137,167,180,180,5,35,35,35,48,48,143,143,153,169,69,86,62,62,78,88,115,115,115,148,148],"floor_reached":30,"playtime":3056,"items_purged":["Strike_R","Strike_R"],"score":341,"play_id":"2d541e8e-f20e-4120-8dba-64bae94934cc","local_time":"20181123185734","is_ascension_mode":true,"campfire_choices":[{"data":"Inflame","floor":6,"key":"SMITH"},{"data":"Heavy Blade","floor":12,"key":"SMITH"},{"data":"Warcry","floor":15,"key":"SMITH"},{"data":"Demon Form","floor":23,"key":"SMITH"}],"neow_cost":"NONE","seed_source_timestamp":63563935176502,"circlet_count":0,"master_deck":["Strike_R","Strike_R","Strike_R","Defend_R","Defend_R","Defend_R","Defend_R","Bash","Heavy Blade+1","Inflame+1","Headbutt","Sword Boomerang","Warcry+1","Seeing Red","Sword Boomerang","Evolve","Sword Boomerang","Infernal Blade","Demon Form+1","Warcry","Armaments+1","Shrug It Off","Flex","True Grit+1","Shrug It Off","Ghostly Armor"],"relics":["Coffee Dripper","PreservedInsect","Bag of Preparation","Pear","Ornamental Fan","Sozu","Potion Belt","Gremlin Horn","Red Skull"],"potions_floor_usage":[7,16,16,25],"damage_taken":[{"damage":7,"enemies":"Jaw Worm","floor":1,"turns":3},{"damage":5,"enemies":"2 Louse","floor":4,"turns":3},{"damage":6,"enemies":"Cultist","floor":5,"turns":3},{"damage":26,"enemies":"Lagavulin","floor":7,"turns":5},{"damage":9,"enemies":"Red Slaver","floor":8,"turns":2},{"damage":16,"enemies":"3 Sentries","floor":11,"turns":4},{"damage":1,"enemies":"Looter","floor":14,"turns":2},{"damage":0,"enemies":"Slime Boss","floor":16,"turns":4},{"damage":2,"enemies":"Chosen","floor":18,"turns":3},{"damage":0,"enemies":"3 Byrds","floor":19,"turns":3},{"damage":35,"enemies":"Snake Plant","floor":21,"turns":4},{"damage":19,"enemies":"Centurion and Healer","floor":24,"turns":3},{"damage":12,"enemies":"Snecko","floor":25,"turns":4},{"damage":12,"enemies":"Slavers","floor":29,"turns":5},{"damage":2,"enemies":"Cultist and Chosen","floor":30,"turns":1}],"seed_played":"1312996755483037641","potions_obtained":[{"floor":4,"key":"Poison Potion"},{"floor":11,"key":"SteroidPotion"},{"floor":14,"key":"Strength Potion"},{"floor":16,"key":"Weak Potion"}],"is_trial":false,"path_per_floor":["M","$","?","M","M","R","E","M","T","$","E","R","?","M","R","B",null,"M","M","$","M","$","R","M","M","T","?","T","E","M"],"character_chosen":"IRONCLAD","items_purchased":["Inflame","Sword Boomerang","Evolve","Flex"],"campfire_rested":0,"item_purchase_floors":[2,10,10,22],"current_hp_per_floor":[73,73,73,68,62,62,36,27,27,27,21,21,21,20,20,20,90,88,88,88,53,53,53,34,22,22,13,13,1,0],"gold":148,"neow_bonus":"BOSS_RELIC","is_prod":false,"is_daily":false,"chose_seed":false,"campfire_upgraded":4,"win_rate":0,"timestamp":1542967054,"path_taken":["M","$","?","M","M","R","E","M","T","$","E","R","?","M","R","BOSS","M","M","?","M","$","R","?","M","T","?","?","E","?"],"build_version":"2018-11-15","purchased_purges":2,"victory":false,"max_hp_per_floor":[80,80,80,80,80,80,80,80,80,80,90,90,90,90,90,90,90,90,90,90,90,90,90,90,90,90,90,90,90,90],"card_choices":[{"not_picked":["Twin Strike","True Grit"],"picked":"Heavy Blade","floor":1},{"not_picked":["Disarm","Anger"],"picked":"Headbutt","floor":4},{"not_picked":["True Grit","Carnage"],"picked":"Sword Boomerang","floor":5},{"not_picked":["Reckless Charge","Ghostly Armor"],"picked":"Warcry","floor":7},{"not_picked":["Cleave","Clothesline"],"picked":"Seeing Red","floor":8},{"not_picked":["Headbutt","Armaments"],"picked":"Sword Boomerang","floor":11},{"not_picked":["Clash","Cleave"],"picked":"Infernal Blade","floor":14},{"not_picked":["Fiend Fire","Double Tap"],"picked":"Demon Form","floor":16},{"not_picked":["True Grit","Clash"],"picked":"Warcry","floor":18},{"not_picked":["Disarm+1","Cleave"],"picked":"Armaments+1","floor":19},{"not_picked":["Cleave+1","Carnage"],"picked":"Shrug It Off","floor":21},{"not_picked":["Wild Strike","Rupture"],"picked":"True Grit+1","floor":24},{"not_picked":["Immolate","Rampage+1"],"picked":"Shrug It Off","floor":25},{"not_picked":["Fire Breathing","True Grit"],"picked":"Ghostly Armor","floor":29}],"player_experience":27755,"relics_obtained":[{"floor":7,"key":"PreservedInsect"},{"floor":9,"key":"Bag of Preparation"},{"floor":11,"key":"Pear"},{"floor":13,"key":"Ornamental Fan"},{"floor":26,"key":"Potion Belt"},{"floor":28,"key":"Gremlin Horn"},{"floor":29,"key":"Red Skull"}],"event_choices":[{"damage_healed":0,"gold_gain":77,"player_choice":"Gained Gold","damage_taken":0,"max_hp_gain":0,"max_hp_loss":0,"event_name":"Golden Wing","floor":3,"gold_loss":0},{"damage_healed":0,"gold_gain":0,"player_choice":"Relic","damage_taken":0,"max_hp_gain":0,"max_hp_loss":0,"event_name":"Wheel of Change","floor":13,"gold_loss":0},{"damage_healed":0,"gold_gain":0,"player_choice":"Stopped","damage_taken":9,"max_hp_gain":0,"max_hp_loss":0,"event_name":"Cursed Tome","floor":27,"gold_loss":0}],"is_beta":false,"boss_relics":[{"not_picked":["Ectoplasm","Fusion Hammer"],"picked":"Sozu"}],"items_purged_floors":[10,20],"is_endless":false,"potions_floor_spawned":[4,11,14,16,19,29],"killed_by":"Cultist and Chosen","ascension_level":2}