{"gold_per_floor":[115,125,140,65,30,62,62,74,74,74,349,349,349],"floor_reached":13,"playtime":600,"items_purged":["Writhe"],"score":157,"play_id":"8ecd998a-1188-479c-8383-da9420af650c","local_time":"20190126180246","is_ascension_mode":true,"campfire_choices":[{"data":"Magnetism","floor":7,"key":"SMITH"},{"floor":12,"key":"REST"}],"neow_cost":"CURSE","seed_source_timestamp":260391025715500,"circlet_count":0,"master_deck":["Defend_G","Defend_G","Defend_G","Defend_G","Defend_G","Strike_G","Strike_G","Strike_G","Strike_G","Strike_G","Survivor","Neutralize","Magnetism+1","Good Instincts","Tactician","Acrobatics","Catalyst","Backflip","Dash","Regret"],"relics":["Ring of the Snake","The Courier","Turnip"],"potions_floor_usage":[8,13],"damage_taken":[{"damage":17,"enemies":"Cultist","floor":1,"turns":7},{"damage":1,"enemies":"Small Slimes","floor":2,"turns":5},{"damage":0,"enemies":"2 Louse","floor":3,"turns":4},{"damage":0,"enemies":"Lagavulin","floor":6,"turns":8},{"damage":20,"enemies":"Gremlin Gang","floor":8,"turns":6},{"damage":69,"enemies":"Gremlin Nob","floor":13,"turns":5}],"seed_played":"-7193391368528165332","potions_obtained":[{"floor":3,"key":"EssenceOfSteel"},{"floor":8,"key":"AttackPotion"}],"is_trial":false,"path_per_floor":["M","M","M","$","?","E","R","M","T","?","?","R","E"],"character_chosen":"THE_SILENT","items_purchased":[],"campfire_rested":1,"item_purchase_floors":[],"current_hp_per_floor":[46,45,45,45,62,62,62,42,42,42,42,63,0],"gold":349,"neow_bonus":"RANDOM_COLORLESS_2","is_prod":false,"is_daily":false,"chose_seed":false,"campfire_upgraded":1,"win_rate":0,"timestamp":1548522166,"path_taken":["M","M","?","?","?","E","R","M","T","?","?","R","E"],"build_version":"2019-01-23","purchased_purges":1,"victory":false,"max_hp_per_floor":[70,70,70,70,70,70,70,70,70,70,70,70,70],"card_choices":[{"not_picked":["Blade Dance","Eviscerate"],"picked":"Tactician","floor":1},{"not_picked":["Tactician","Outmaneuver"],"picked":"Acrobatics","floor":2},{"not_picked":["Noxious Fumes","Acrobatics"],"picked":"Catalyst","floor":3},{"not_picked":["Dodge and Roll","Flying Knee"],"picked":"Backflip","floor":6},{"not_picked":["Deflect","Reflex"],"picked":"Dash","floor":8}],"player_experience":1313531,"relics_obtained":[{"floor":6,"key":"The Courier"},{"floor":9,"key":"Turnip"}],"event_choices":[{"damage_healed":17,"gold_gain":0,"player_choice":"Healed","damage_taken":0,"max_hp_gain":0,"max_hp_loss":0,"event_name":"The Cleric","floor":5,"gold_loss":35},{"damage_healed":0,"gold_gain":0,"player_choice":"Ignored","damage_taken":0,"max_hp_gain":0,"max_hp_loss":0,"event_name":"Shining Light","floor":10,"gold_loss":0},{"damage_healed":0,"gold_gain":275,"player_choice":"Desecrate","damage_taken":0,"max_hp_gain":0,"max_hp_loss":0,"event_name":"Golden Shrine","floor":11,"gold_loss":0,"cards_obtained":["Regret"]}],"is_beta":false,"boss_relics":[],"items_purged_floors":[4],"is_endless":false,"potions_floor_spawned":[3,8],"killed_by":"Gremlin Nob","ascension_level":9}