{"gold_per_floor":[117,67,242,242,257,283,300,320,320,320,346,346,376,391,391,391],"floor_reached":16,"playtime":517,"items_purged":[],"score":180,"play_id":"47eb9b92-4e85-44b9-94b4-06b11db03103","local_time":"20190126200507","is_ascension_mode":true,"campfire_choices":[{"floor":10,"key":"REST"},{"data":"True Grit","floor":12,"key":"SMITH"},{"floor":15,"key":"REST"}],"neow_cost":"TEN_PERCENT_HP_LOSS","seed_source_timestamp":267814117109700,"circlet_count":0,"master_deck":["AscendersBane","Strike_R","Strike_R+1","Strike_R","Strike_R","Defend_R","Defend_R","Defend_R","Defend_R","Bash","Immolate+1","Flex","Doubt","Cleave","True Grit+1","Warcry","Seeing Red","Immolate","Armaments","Headbutt"],"relics":["Burning Blood","Dream Catcher","Boot","Meat on the Bone","Orichalcum"],"potions_floor_usage":[11,13,13,16],"damage_taken":[{"damage":9,"enemies":"2 Louse","floor":1,"turns":2},{"damage":0,"enemies":"Small Slimes","floor":5,"turns":1},{"damage":40,"enemies":"Gremlin Nob","floor":6,"turns":5},{"damage":0,"enemies":"Cultist","floor":7,"turns":3},{"damage":0,"enemies":"3 Louse","floor":8,"turns":1},{"damage":3,"enemies":"3 Sentries","floor":11,"turns":3},{"damage":40,"enemies":"Lagavulin","floor":13,"turns":9},{"damage":17,"enemies":"Lots of Slimes","floor":14,"turns":3},{"damage":67,"enemies":"Hexaghost","floor":16,"turns":9}],"seed_played":"1423006999147317187","potions_obtained":[{"floor":7,"key":"Strength Potion"},{"floor":8,"key":"Block Potion"},{"floor":11,"key":"SteroidPotion"},{"floor":14,"key":"SneckoOil"}],"is_trial":false,"path_per_floor":["M","?","?","?","M","E","M","M","T","R","E","R","E","M","R","B"],"character_chosen":"IRONCLAD","items_purchased":[],"campfire_rested":2,"item_purchase_floors":[],"current_hp_per_floor":[69,69,69,55,61,27,33,39,39,60,63,63,41,42,63,0],"gold":391,"neow_bonus":"THREE_RARE_CARDS","is_prod":false,"is_daily":false,"chose_seed":false,"campfire_upgraded":1,"win_rate":0,"timestamp":1548529507,"path_taken":["M","?","?","?","M","E","M","M","T","R","E","R","E","M","R","BOSS"],"build_version":"2019-01-23","purchased_purges":0,"victory":false,"max_hp_per_floor":[72,72,72,72,72,72,72,72,72,72,72,72,72,72,72,72],"card_choices":[{"not_picked":["Exhume","Fiend Fire"],"picked":"Immolate","floor":0},{"not_picked":["Clothesline","Anger"],"picked":"Flex","floor":1},{"not_picked":["Thunderclap","Ghostly Armor"],"picked":"Cleave","floor":5},{"not_picked":["Second Wind","Shrug It Off"],"picked":"True Grit","floor":6},{"not_picked":["Havoc","True Grit"],"picked":"Warcry","floor":7},{"not_picked":["Perfected Strike","Hemokinesis","Heavy Blade"],"picked":"SKIP","floor":8},{"not_picked":["Twin Strike","Iron Wave"],"picked":"Seeing Red","floor":10},{"not_picked":["Rupture","True Grit"],"picked":"Immolate","floor":11},{"not_picked":["Cleave","Metallicize"],"picked":"Armaments","floor":13},{"not_picked":["Sword Boomerang","Anger"],"picked":"Headbutt","floor":14}],"player_experience":1319259,"relics_obtained":[{"floor":6,"key":"Dream Catcher"},{"floor":9,"key":"Boot"},{"floor":11,"key":"Meat on the Bone"},{"floor":13,"key":"Orichalcum"}],"event_choices":[{"cards_removed":["Strike_R"],"damage_healed":0,"gold_gain":0,"player_choice":"Card Removal","damage_taken":0,"max_hp_gain":0,"max_hp_loss":0,"event_name":"The Cleric","floor":2,"gold_loss":50},{"damage_healed":0,"gold_gain":175,"player_choice":"AGREE","damage_taken":0,"max_hp_gain":0,"max_hp_loss":0,"event_name":"Liars Game","floor":3,"gold_loss":0,"cards_obtained":["Doubt"]},{"damage_healed":0,"gold_gain":0,"player_choice":"Entered Light","damage_taken":14,"max_hp_gain":0,"max_hp_loss":0,"event_name":"Shining Light","floor":4,"gold_loss":0,"cards_upgraded":["Immolate","Strike_R"]}],"is_beta":false,"boss_relics":[],"items_purged_floors":[],"is_endless":false,"potions_floor_spawned":[7,8,11,14],"killed_by":"Hexaghost","ascension_level":10}