{"gold_per_floor":[116,116,116,131,144,177,352,352,426,42,42,52,52,71,71,148,148,164,79,79,0,20,46,46,46,46,46,76,76,87,87,87,87],"floor_reached":33,"playtime":1073,"items_purged":["Doubt"],"score":505,"play_id":"c8cacb86-770a-4445-a5ad-371c02a5ce84","local_time":"20190408185732","is_ascension_mode":true,"campfire_choices":[{"data":"Dual Wield","floor":11,"key":"SMITH"},{"data":"Whirlwind","floor":15,"key":"SMITH"},{"floor":24,"key":"REST"},{"data":"Double Tap","floor":27,"key":"SMITH"},{"floor":29,"key":"REST"},{"floor":32,"key":"REST"}],"neow_cost":"NONE","seed_source_timestamp":183563681533500,"circlet_count":0,"master_deck":["AscendersBane","Strike_R","Strike_R","Strike_R","Strike_R","Defend_R","Defend_R","Defend_R","Bash","Exhume","Dual Wield+1","Perfected Strike","Warcry","Double Tap+1","Whirlwind+1","Immolate","Clumsy","Decay","Parasite","Rage","Inflame+1","Feel No Pain+1","Seeing Red"],"relics":["Burning Blood","Bronze Scales","Blood Vial","Frozen Egg 2","Anchor","Calling Bell","PreservedInsect","Charon\u0027s Ashes","Pantograph","WingedGreaves","Nilry\u0027s Codex","Oddly Smooth Stone","Kunai","Bag of Marbles"],"potions_floor_usage":[6,6,6,6,16,33],"damage_taken":[{"damage":12,"enemies":"Small Slimes","floor":1,"turns":4},{"damage":12,"enemies":"2 Louse","floor":4,"turns":4},{"damage":7,"enemies":"Jaw Worm","floor":5,"turns":3},{"damage":8,"enemies":"Gremlin Nob","floor":6,"turns":3},{"damage":1,"enemies":"Looter","floor":12,"turns":2},{"damage":2,"enemies":"Exordium Thugs","floor":14,"turns":3},{"damage":38,"enemies":"Slime Boss","floor":16,"turns":9},{"damage":18,"enemies":"2 Thieves","floor":18,"turns":3},{"damage":4,"enemies":"Chosen","floor":22,"turns":4},{"damage":0,"enemies":"Slavers","floor":23,"turns":2},{"damage":69,"enemies":"Book of Stabbing","floor":28,"turns":4},{"damage":0,"enemies":"3 Cultists","floor":30,"turns":2},{"damage":94,"enemies":"Collector","floor":33,"turns":7}],"seed_played":"3488320177977567278","potions_obtained":[{"floor":1,"key":"SpeedPotion"},{"floor":4,"key":"SneckoOil"},{"floor":5,"key":"EntropicBrew"},{"floor":14,"key":"PowerPotion"},{"floor":23,"key":"SpeedPotion"},{"floor":28,"key":"Fire Potion"}],"is_trial":false,"path_per_floor":["M","?","?","M","M","E","?","?","T","$","R","M","?","M","R","B",null,"M","?","?","?","M","E","R","?","T","R","E","R","M","$","R","B"],"character_chosen":"IRONCLAD","items_purchased":["Double Tap","Anchor"],"campfire_rested":3,"item_purchase_floors":[10,10],"current_hp_per_floor":[66,59,59,53,52,50,50,50,50,50,50,57,57,63,63,33,68,58,58,42,42,46,54,78,78,78,78,17,41,49,49,73,0],"gold":87,"neow_bonus":"ONE_RANDOM_RARE_CARD","is_prod":false,"is_daily":false,"chose_seed":false,"campfire_upgraded":3,"win_rate":0,"timestamp":1554742652,"path_taken":["M","?","?","M","M","E","?","?","T","$","R","M","?","M","R","BOSS","M","?","?","?","?","E","R","?","T","R","E","R","M","$","R","BOSS"],"build_version":"2019-01-23","purchased_purges":1,"victory":false,"max_hp_per_floor":[80,80,80,80,80,80,80,80,80,80,80,80,80,80,80,80,80,80,80,80,80,80,80,80,80,80,80,80,80,80,80,80,80],"card_choices":[{"not_picked":["Heavy Blade","Warcry"],"picked":"Dual Wield","floor":1},{"not_picked":["Feel No Pain","Warcry"],"picked":"Perfected Strike","floor":4},{"not_picked":["Iron Wave","Clash"],"picked":"Warcry","floor":5},{"not_picked":["Body Slam","Sword Boomerang","Thunderclap"],"picked":"SKIP","floor":6},{"not_picked":["Warcry","Heavy Blade"],"picked":"Whirlwind","floor":12},{"not_picked":["Armaments","Dual Wield","Flex"],"picked":"SKIP","floor":14},{"not_picked":["Impervious","Barricade+1"],"picked":"Immolate","floor":16},{"not_picked":["Anger","Havoc","Flex"],"picked":"SKIP","floor":18},{"not_picked":["Demon Form+1","Whirlwind"],"picked":"Rage","floor":22},{"not_picked":["Blood for Blood","Clash"],"picked":"Inflame+1","floor":23},{"not_picked":["Body Slam","Double Tap"],"picked":"Seeing Red","floor":28},{"not_picked":["Body Slam","Headbutt+1","Clothesline"],"picked":"SKIP","floor":30}],"player_experience":1624010,"relics_obtained":[{"floor":6,"key":"Bronze Scales"},{"floor":9,"key":"Frozen Egg 2"},{"floor":17,"key":"PreservedInsect"},{"floor":17,"key":"Charon\u0027s Ashes"},{"floor":17,"key":"Pantograph"},{"floor":20,"key":"Nilry\u0027s Codex"},{"floor":23,"key":"Oddly Smooth Stone"},{"floor":26,"key":"Kunai"},{"floor":28,"key":"Bag of Marbles"}],"event_choices":[{"cards_removed":["Strike_R"],"damage_healed":0,"gold_gain":0,"player_choice":"Card Removal","damage_taken":7,"max_hp_gain":0,"max_hp_loss":0,"event_name":"Golden Wing","floor":2,"gold_loss":0},{"cards_removed":["Defend_R"],"damage_healed":0,"gold_gain":0,"player_choice":"Forget","damage_taken":0,"max_hp_gain":0,"max_hp_loss":0,"event_name":"Living Wall","floor":3,"gold_loss":0},{"damage_healed":0,"gold_gain":175,"player_choice":"AGREE","damage_taken":0,"max_hp_gain":0,"max_hp_loss":0,"event_name":"Liars Game","floor":7,"gold_loss":0,"cards_obtained":["Doubt"]},{"damage_healed":0,"gold_gain":0,"player_choice":"Searched \u00271\u0027 times","damage_taken":0,"relics_obtained":["Blood Vial"],"max_hp_gain":0,"max_hp_loss":0,"event_name":"Dead Adventurer","floor":8,"gold_loss":0},{"damage_healed":0,"gold_gain":0,"player_choice":"Ignored","damage_taken":0,"max_hp_gain":0,"max_hp_loss":0,"event_name":"Shining Light","floor":13,"gold_loss":0},{"damage_healed":0,"gold_gain":0,"player_choice":"Obtained Relic","damage_taken":0,"relics_obtained":["WingedGreaves"],"max_hp_gain":0,"max_hp_loss":0,"event_name":"Addict","floor":19,"gold_loss":85},{"damage_healed":0,"gold_gain":0,"player_choice":"Obtained Book","damage_taken":16,"max_hp_gain":0,"max_hp_loss":0,"event_name":"Cursed Tome","floor":20,"gold_loss":0},{"damage_healed":0,"gold_gain":0,"player_choice":"Paid Fearfully","damage_taken":0,"max_hp_gain":0,"max_hp_loss":0,"event_name":"Masked Bandits","floor":21,"gold_loss":79},{"damage_healed":0,"gold_gain":0,"player_choice":"Read","damage_taken":0,"max_hp_gain":0,"max_hp_loss":0,"event_name":"The Library","floor":25,"gold_loss":0,"cards_obtained":["Feel No Pain"]}],"is_beta":false,"boss_relics":[{"not_picked":["White Beast Statue","Coffee Dripper"],"picked":"Calling Bell"}],"items_purged_floors":[10],"is_endless":false,"potions_floor_spawned":[1,4,5,14,23,28,30],"killed_by":"Collector","ascension_level":13}