{"gold_per_floor":[364,37,37,37,56,91,64,64,94,127,127,127,140,14,14,103,103,131,143,180,192,218,263,299,311,323,416,443,455,480,508,520,532],"floor_reached":33,"playtime":2087,"items_purged":[],"score":504,"play_id":"587de59b-d8d5-46b5-9282-48c55abe090c","local_time":"20190429092700","is_ascension_mode":true,"campfire_choices":[{"floor":8,"key":"REST"},{"floor":11,"key":"REST"},{"data":"Mind Blast","floor":15,"key":"SMITH"},{"data":"Ghostly","floor":25,"key":"SMITH"},{"data":"Ghostly","floor":29,"key":"SMITH"},{"floor":32,"key":"REST"}],"neow_cost":"CURSE","seed_source_timestamp":8437270153309,"circlet_count":0,"master_deck":["AscendersBane","Defend_G","Defend_G","Defend_G","Defend_G","Defend_G","Strike_G","Strike_G","Strike_G","Strike_G","Strike_G","Survivor","Neutralize","Noxious Fumes","Bouncing Flask","Prepared","Corpse Explosion","Footwork","Neutralize","Mind Blast+1","Deflect","Burst","Quick Slash","Malaise","Decay","Backflip","Unload","Ghostly+1","Ghostly+1","Ghostly","Ghostly","Ghostly","Deflect","Expertise","Backflip","Catalyst","Leg Sweep","Dagger Throw+1"],"relics":["Ring of the Snake","Thread and Needle","Golden Idol","Omamori","Tiny Chest","Strawberry","Calling Bell","MawBank","Mercury Hourglass","Torii","Regal Pillow","Frozen Egg 2","Darkstone Periapt"],"potions_floor_usage":[16,18,18,33],"damage_taken":[{"damage":3,"enemies":"Cultist","floor":1,"turns":4},{"damage":6,"enemies":"2 Louse","floor":5,"turns":3},{"damage":20,"enemies":"Gremlin Nob","floor":6,"turns":5},{"damage":13,"enemies":"3 Sentries","floor":10,"turns":6},{"damage":0,"enemies":"Jaw Worm","floor":13,"turns":3},{"damage":33,"enemies":"Slime Boss","floor":16,"turns":11},{"damage":13,"enemies":"2 Thieves","floor":18,"turns":3},{"damage":0,"enemies":"Chosen","floor":20,"turns":4},{"damage":1,"enemies":"Centurion and Healer","floor":22,"turns":8},{"damage":2,"enemies":"Slavers","floor":23,"turns":4},{"damage":0,"enemies":"Snake Plant","floor":24,"turns":6},{"damage":0,"enemies":"Shelled Parasite and Fungi","floor":28,"turns":6},{"damage":1,"enemies":"Cultist and Chosen","floor":30,"turns":6},{"damage":8,"enemies":"Snake Plant","floor":31,"turns":6},{"damage":40,"enemies":"Collector","floor":33,"turns":7}],"seed_played":"4018831814418490944","potions_obtained":[{"floor":6,"key":"Energy Potion"},{"floor":13,"key":"PowerPotion"},{"floor":16,"key":"Fruit Juice"},{"floor":18,"key":"GamblersBrew"},{"floor":22,"key":"SteroidPotion"},{"floor":31,"key":"AttackPotion"}],"is_trial":false,"path_per_floor":["M","$","?","?","M","E","?","R","T","E","R","?","M","$","R","B",null,"M","$","M","?","M","E","M","R","T","T","M","R","M","M","R","B"],"character_chosen":"THE_SILENT","items_purchased":["Thread and Needle","Bouncing Flask","Burst","Quick Slash"],"campfire_rested":3,"item_purchase_floors":[2,2,14,14],"current_hp_per_floor":[60,60,43,43,37,17,17,37,37,31,53,53,53,53,53,20,61,53,53,53,39,38,36,36,36,36,36,36,36,35,27,39,0],"gold":532,"neow_bonus":"TWO_FIFTY_GOLD","is_prod":false,"is_daily":false,"chose_seed":false,"campfire_upgraded":3,"win_rate":0,"timestamp":1556555220,"path_taken":["M","$","?","?","?","E","?","R","T","E","R","?","?","$","R","BOSS","M","?","M","?","?","E","M","R","T","?","M","R","M","M","R","BOSS"],"build_version":"2019-01-23","purchased_purges":0,"victory":false,"max_hp_per_floor":[70,70,70,67,67,67,67,67,67,74,74,74,74,74,74,74,74,79,79,79,39,39,39,39,39,39,39,39,39,39,39,39,39],"card_choices":[{"not_picked":["Quick Slash","PiercingWail"],"picked":"Noxious Fumes","floor":1},{"not_picked":["Quick Slash","Underhanded Strike"],"picked":"Prepared","floor":5},{"not_picked":["Footwork","Setup"],"picked":"Corpse Explosion","floor":6},{"not_picked":["Underhanded Strike","Backstab"],"picked":"Footwork","floor":10},{"not_picked":["Poisoned Stab","Acrobatics"],"picked":"Deflect","floor":13},{"not_picked":["Unload","Glass Knife"],"picked":"Malaise","floor":16},{"not_picked":["Bane","Outmaneuver"],"picked":"Backflip","floor":18},{"not_picked":["Acrobatics","Dodge and Roll"],"picked":"Unload","floor":20},{"not_picked":["Dagger Spray","Phantasmal Killer"],"picked":"Deflect","floor":22},{"not_picked":["Phantasmal Killer","Dagger Throw"],"picked":"Expertise","floor":23},{"not_picked":["Dodge and Roll","Poisoned Stab"],"picked":"Backflip","floor":24},{"not_picked":["Poisoned Stab","Riddle With Holes"],"picked":"Catalyst","floor":28},{"not_picked":["Caltrops+1","Unload"],"picked":"Leg Sweep","floor":30},{"not_picked":["Outmaneuver","Eviscerate+1"],"picked":"Dagger Throw+1","floor":31}],"player_experience":1504968,"relics_obtained":[{"floor":6,"key":"Omamori"},{"floor":9,"key":"Tiny Chest"},{"floor":10,"key":"Strawberry"},{"floor":17,"key":"MawBank"},{"floor":17,"key":"Mercury Hourglass"},{"floor":17,"key":"Torii"},{"floor":23,"key":"Regal Pillow"},{"floor":26,"key":"Frozen Egg 2"},{"floor":27,"key":"Darkstone Periapt"}],"event_choices":[{"damage_healed":0,"gold_gain":0,"player_choice":"Take Damage","damage_taken":17,"relics_obtained":["Golden Idol"],"max_hp_gain":0,"max_hp_loss":0,"event_name":"Golden Idol","floor":3,"gold_loss":0},{"cards_removed":["Parasite"],"damage_healed":0,"gold_gain":0,"player_choice":"Purged","damage_taken":0,"max_hp_gain":0,"max_hp_loss":0,"event_name":"Purifier","floor":4,"gold_loss":0},{"damage_healed":0,"gold_gain":0,"player_choice":"Left Gold","damage_taken":0,"max_hp_gain":0,"max_hp_loss":0,"event_name":"World of Goop","floor":7,"gold_loss":27},{"damage_healed":0,"gold_gain":0,"player_choice":"2 cards matched","damage_taken":0,"max_hp_gain":0,"max_hp_loss":0,"event_name":"Match and Keep!","floor":12,"gold_loss":0,"cards_obtained":["Neutralize","Mind Blast"]},{"damage_healed":0,"gold_gain":0,"player_choice":"Became a Ghost","damage_taken":0,"max_hp_gain":0,"max_hp_loss":40,"event_name":"Ghosts","floor":21,"gold_loss":0,"cards_obtained":["Ghostly","Ghostly","Ghostly","Ghostly","Ghostly"]}],"is_beta":false,"boss_relics":[{"not_picked":["Busted Crown","Coffee Dripper"],"picked":"Calling Bell"}],"items_purged_floors":[],"is_endless":false,"potions_floor_spawned":[6,13,16,18,22,31],"killed_by":"Collector","ascension_level":13}