{"gold_per_floor":[119,138,153,153,178,190,202,214,278,290,317,347,384,27,27,123,123,143,160,2,14,27,27],"floor_reached":23,"playtime":1348,"items_purged":[],"score":293,"play_id":"a9d52cb4-1fa1-4f83-94a2-997b691d9346","local_time":"20190426080603","is_ascension_mode":true,"campfire_choices":[{"data":"Riddle With Holes","floor":6.0,"key":"SMITH"},{"data":"Skewer","floor":8.0,"key":"SMITH"},{"floor":10.0,"key":"REST"},{"data":"Footwork","floor":15.0,"key":"SMITH"}],"neow_cost":"NONE","seed_source_timestamp":0,"circlet_count":0,"master_deck":["AscendersBane","Defend_G","Defend_G","Defend_G","Defend_G","Defend_G","Strike_G","Strike_G","Strike_G","Strike_G","Strike_G","Survivor","Neutralize","Dodge and Roll","Riddle With Holes+1","Finisher","Skewer+1","Flechettes","Dodge and Roll","Deflect","Adrenaline","Footwork+1","Adrenaline","Backstab","All Out Attack","Finisher","Footwork","PiercingWail","Dagger Spray+1","Backflip+1","Venomology","Dash","Predator"],"special_seed":0,"relics":["Ring of the Snake","NeowsBlessing","MawBank","Omamori","Strawberry","Happy Flower","Orrery"],"potions_floor_usage":[16,16,18,21,22,23,23],"damage_taken":[{"damage":0.0,"enemies":"Jaw Worm","floor":1.0,"turns":1.0},{"damage":0.0,"enemies":"Cultist","floor":2.0,"turns":1.0},{"damage":0.0,"enemies":"Small Slimes","floor":3.0,"turns":1.0},{"damage":17.0,"enemies":"Blue Slaver","floor":5.0,"turns":5.0},{"damage":0.0,"enemies":"Large Slime","floor":11.0,"turns":5.0},{"damage":3.0,"enemies":"2 Fungi Beasts","floor":12.0,"turns":4.0},{"damage":9.0,"enemies":"3 Sentries","floor":13.0,"turns":8.0},{"damage":27,"enemies":"Hexaghost","floor":16,"turns":12},{"damage":0,"enemies":"3 Byrds","floor":18,"turns":5},{"damage":0,"enemies":"Chosen","floor":19,"turns":4},{"damage":13,"enemies":"Snake Plant","floor":21,"turns":6},{"damage":32,"enemies":"3 Cultists","floor":22,"turns":6},{"damage":40,"enemies":"Book of Stabbing","floor":23,"turns":2}],"seed_played":"-9086909893885631865","potions_obtained":[{"floor":3.0,"key":"Energy Potion"},{"floor":5.0,"key":"Weak Potion"},{"floor":12.0,"key":"Energy Potion"},{"floor":13.0,"key":"Strength Potion"},{"floor":18,"key":"Weak Potion"},{"floor":22,"key":"AttackPotion"}],"is_trial":false,"path_per_floor":["M","M","M","?","M","R","?","R","T","R","M","M","E","$","R","B",null,"M","M","$","M","M","E"],"character_chosen":"THE_SILENT","items_purchased":["Happy Flower","Adrenaline","Footwork","Venomology"],"campfire_rested":1,"item_purchase_floors":[14,14,14,20],"current_hp_per_floor":[63,63,63,63,46,46,46,46,46,67,67,64,62,62,62,35,67,67,67,67,54,37,0],"gold":27,"neow_bonus":"THREE_ENEMY_KILL","is_prod":false,"is_daily":false,"chose_seed":false,"campfire_upgraded":3,"win_rate":0,"timestamp":1556291163,"path_taken":["M","M","M","?","M","R","?","R","T","R","M","M","E","$","R","BOSS","M","?","$","M","M","E"],"build_version":"2019-01-23","purchased_purges":0,"victory":false,"max_hp_per_floor":[70,70,70,70,70,70,70,70,70,70,70,70,77,77,77,77,77,77,77,77,77,77,77],"card_choices":[{"not_picked":["Flying Knee","Poisoned Stab"],"picked":"Dodge and Roll","floor":1.0},{"not_picked":["Dagger Spray","Concentrate"],"picked":"Riddle With Holes","floor":2.0},{"not_picked":["Endless Agony","Acrobatics"],"picked":"Finisher","floor":3.0},{"not_picked":["Blade Dance","Endless Agony"],"picked":"Skewer","floor":5.0},{"not_picked":["Leg Sweep","Reflex"],"picked":"Flechettes","floor":11.0},{"not_picked":["Sucker Punch","Poisoned Stab"],"picked":"Dodge and Roll","floor":12.0},{"not_picked":["Dagger Spray","Blade Dance"],"picked":"Deflect","floor":13.0},{"not_picked":["Malaise","Unload"],"picked":"Adrenaline","floor":16},{"not_picked":["Leg Sweep","Setup"],"picked":"Backstab","floor":17},{"not_picked":["Sucker Punch","Quick Slash"],"picked":"All Out Attack","floor":17},{"not_picked":["Sucker Punch","Outmaneuver"],"picked":"Finisher","floor":17},{"not_picked":["Quick Slash","Cloak And Dagger"],"picked":"Footwork","floor":17},{"not_picked":["Flying Knee","Quick Slash"],"picked":"PiercingWail","floor":17},{"not_picked":["Dodge and Roll","Backstab+1"],"picked":"Dagger Spray+1","floor":18},{"not_picked":["Quick Slash","Dagger Throw"],"picked":"Backflip+1","floor":19},{"not_picked":["Quick Slash+1","Calculated Gamble"],"picked":"Dash","floor":21},{"not_picked":["Poisoned Stab","Reflex"],"picked":"Predator","floor":22}],"player_experience":1473844,"relics_obtained":[{"floor":9.0,"key":"Omamori"},{"floor":13.0,"key":"Strawberry"}],"event_choices":[{"damage_healed":0.0,"max_hp_gain":0.0,"max_hp_loss":0.0,"gold_gain":0.0,"event_name":"Big Fish","player_choice":"Box","floor":4.0,"gold_loss":0.0,"damage_taken":0.0,"relics_obtained":["MawBank"],"cards_obtained":["Regret"]},{"cards_removed":["Regret"],"damage_healed":0.0,"max_hp_gain":0.0,"max_hp_loss":0.0,"gold_gain":0.0,"event_name":"Purifier","player_choice":"Purged","floor":7.0,"gold_loss":0.0,"damage_taken":0.0}],"is_beta":false,"boss_relics":[{"not_picked":["Ring of the Serpent","Tiny House"],"picked":"Orrery"}],"items_purged_floors":[],"is_endless":false,"potions_floor_spawned":[3,5,12,13,18,22],"killed_by":"Book of Stabbing","ascension_level":10}