{"gold_per_floor":[214,65,65,80,99,99,130,130,155,181,26,26,26,44,44,139,139,157,0,0,14,14],"floor_reached":22,"playtime":777,"items_purged":[],"score":307,"play_id":"c1bb1577-b3b2-426d-910d-6daebbba8820","local_time":"20190505141038","is_ascension_mode":true,"campfire_choices":[{"floor":6,"key":"REST"},{"data":"Core Surge","floor":8,"key":"SMITH"},{"floor":13,"key":"REST"},{"data":"Melter","floor":15,"key":"SMITH"}],"neow_cost":"NONE","seed_source_timestamp":1631966958800,"circlet_count":0,"master_deck":["AscendersBane","Strike_B","Strike_B","Defend_B","Defend_B","Defend_B","Defend_B","Zap","Dualcast","Bandage Up","Core Surge+1","Melter+1","Storm","Tempest","Capacitor","Amplify","Self Repair","Aggregate","Redo","Turbo"],"relics":["Cracked Core","Dream Catcher","Oddly Smooth Stone","Regal Pillow","Vajra","Ancient Tea Set","CultistMask","Fusion Hammer"],"potions_floor_usage":[7,7,16],"damage_taken":[{"damage":0,"enemies":"Cultist","floor":1,"turns":3},{"damage":8,"enemies":"2 Louse","floor":4,"turns":2},{"damage":12,"enemies":"Jaw Worm","floor":5,"turns":2},{"damage":8,"enemies":"Gremlin Nob","floor":7,"turns":3},{"damage":34,"enemies":"3 Sentries","floor":10,"turns":7},{"damage":2,"enemies":"Blue Slaver","floor":14,"turns":3},{"damage":32,"enemies":"The Guardian","floor":16,"turns":9},{"damage":47,"enemies":"3 Byrds","floor":18,"turns":5},{"damage":23,"enemies":"Shell Parasite","floor":21,"turns":4},{"damage":24,"enemies":"Cultist and Chosen","floor":22,"turns":4}],"seed_played":"-94998001415432420","potions_obtained":[{"floor":1,"key":"Explosive Potion"},{"floor":5,"key":"AttackPotion"},{"floor":14,"key":"Energy Potion"}],"is_trial":false,"path_per_floor":["M","$","?","M","M","R","E","R","T","E","$","?","R","M","R","B",null,"M","?","?","M","M"],"character_chosen":"DEFECT","items_purchased":["Dream Catcher","Ancient Tea Set"],"campfire_rested":2,"item_purchase_floors":[2,11],"current_hp_per_floor":[68,68,68,64,56,75,71,71,71,41,41,41,75,73,73,45,68,25,25,25,13,0],"gold":14,"neow_bonus":"HUNDRED_GOLD","is_prod":false,"is_daily":false,"chose_seed":false,"campfire_upgraded":2,"win_rate":0,"timestamp":1557058238,"path_taken":["M","$","?","?","M","R","E","R","T","E","?","?","R","?","R","BOSS","M","?","?","M","M"],"build_version":"2019-01-23","purchased_purges":0,"victory":false,"max_hp_per_floor":[75,75,75,75,75,75,75,75,75,75,75,75,75,75,75,75,75,75,75,75,75,75],"card_choices":[{"not_picked":["Sweeping Beam","Gash","Genetic Algorithm"],"picked":"SKIP","floor":1},{"not_picked":["Compile Driver","Streamline","Leap"],"picked":"SKIP","floor":4},{"not_picked":["Go for the Eyes","Turbo"],"picked":"Melter","floor":5},{"not_picked":["Barrage","Steam"],"picked":"Storm","floor":6},{"not_picked":["Coolheaded","Hello World","Gash"],"picked":"SKIP","floor":7},{"not_picked":["Loop","Capacitor"],"picked":"Tempest","floor":10},{"not_picked":["Leap","Scrape"],"picked":"Capacitor","floor":13},{"not_picked":["Hologram","Sweeping Beam","Barrage"],"picked":"SKIP","floor":14},{"not_picked":["Echo Form","All For One"],"picked":"Amplify","floor":16},{"not_picked":["Double Energy","Scrape"],"picked":"Self Repair","floor":18},{"not_picked":["Auto Shields","Coolheaded"],"picked":"Turbo","floor":21}],"player_experience":1814568,"relics_obtained":[{"floor":7,"key":"Oddly Smooth Stone"},{"floor":9,"key":"Regal Pillow"},{"floor":10,"key":"Vajra"}],"event_choices":[{"damage_healed":0,"gold_gain":0,"player_choice":"2 cards matched","damage_taken":0,"max_hp_gain":0,"max_hp_loss":0,"event_name":"Match and Keep!","floor":3,"gold_loss":0,"cards_obtained":["Bandage Up","Core Surge"]},{"damage_healed":0,"gold_gain":0,"player_choice":"Trade","damage_taken":0,"relics_obtained":["CultistMask"],"max_hp_gain":0,"max_hp_loss":0,"event_name":"FaceTrader","floor":12,"gold_loss":0},{"damage_healed":0,"gold_gain":0,"player_choice":"Paid Fearfully","damage_taken":0,"max_hp_gain":0,"max_hp_loss":0,"event_name":"Masked Bandits","floor":19,"gold_loss":157},{"damage_healed":0,"gold_gain":0,"cards_transformed":["Strike_B","Strike_B"],"player_choice":"Became Test Subject","damage_taken":0,"max_hp_gain":0,"max_hp_loss":0,"event_name":"Drug Dealer","floor":20,"gold_loss":0,"cards_obtained":["Aggregate","Redo"]}],"is_beta":false,"boss_relics":[{"not_picked":["Philosopher\u0027s Stone","Runic Dome"],"picked":"Fusion Hammer"}],"items_purged_floors":[],"is_endless":false,"potions_floor_spawned":[1,5,14],"killed_by":"Cultist and Chosen","ascension_level":12}