{"gold_per_floor":[115,290,240,240,240,269,286,300,345,32,43,43,18,33,33,128,128,147,163,163,173,47,47,47],"floor_reached":24,"playtime":2001,"items_purged":[],"score":196,"play_id":"26e8ebcf-3f2c-4d4c-84ba-d90a5929d229","local_time":"20190303095336","is_ascension_mode":false,"campfire_choices":[{"floor":15,"key":"REST"},{"data":"Buffer","floor":23,"key":"SMITH"}],"neow_cost":"NONE","seed_source_timestamp":180670215777607,"circlet_count":0,"master_deck":["Strike_B","Defend_B","Defend_B","Defend_B","Defend_B","Leap","Hello World","Doom and Gloom","Barrage","Core Surge","Magnetism","Genetic Algorithm","Cold Snap","Conserve Battery","Buffer+1","Echo Form","Hello World","Leap","Hologram","Hologram","Cold Snap","Hologram","Buffer","Doom and Gloom+1","Streamline","Barrage"],"relics":["Empty Cage","Oddly Smooth Stone","Bronze Scales","Orrery","Thread and Needle"],"potions_floor_usage":[14,16,16,18,21,24],"damage_taken":[{"damage":6,"enemies":"2 Louse","floor":1,"turns":3},{"damage":12,"enemies":"Lagavulin","floor":6,"turns":12},{"damage":3,"enemies":"Small Slimes","floor":7,"turns":6},{"damage":1,"enemies":"Jaw Worm","floor":8,"turns":4},{"damage":7,"enemies":"3 Louse","floor":11,"turns":2},{"damage":3,"enemies":"Gremlin Gang","floor":14,"turns":4},{"damage":19,"enemies":"Hexaghost","floor":16,"turns":11},{"damage":22,"enemies":"2 Thieves","floor":18,"turns":5},{"damage":0,"enemies":"Shell Parasite","floor":19,"turns":11},{"damage":7,"enemies":"Centurion and Healer","floor":21,"turns":10},{"damage":0,"enemies":"Colosseum Slavers","floor":24,"turns":7},{"damage":51,"enemies":"Colosseum Nobs","floor":24,"turns":6}],"seed_played":"1579619693021546646","potions_obtained":[{"floor":8,"key":"Weak Potion"},{"floor":11,"key":"Strength Potion"},{"floor":14,"key":"Regen Potion"},{"floor":16,"key":"AttackPotion"},{"floor":19,"key":"Poison Potion"}],"is_trial":false,"path_per_floor":["M","?","?","?","?","E","M","M","T","$","M","?","$","M","R","B",null,"M","M","?","M","$","R","?"],"character_chosen":"DEFECT","items_purchased":["Core Surge","Magnetism","Conserve Battery","Streamline","Barrage","Fire Potion"],"campfire_rested":1,"item_purchase_floors":[10,10,13,22,22,22],"current_hp_per_floor":[69,69,69,62,62,50,47,46,46,46,39,39,39,36,58,54,75,53,53,53,46,46,46,0],"gold":47,"neow_bonus":"BOSS_RELIC","is_prod":false,"is_daily":false,"chose_seed":false,"campfire_upgraded":1,"win_rate":0,"timestamp":1551635616,"path_taken":["M","?","?","?","?","E","?","M","T","$","M","?","$","M","R","BOSS","M","?","?","M","$","R","?"],"build_version":"2019-01-23","purchased_purges":0,"victory":false,"max_hp_per_floor":[75,75,75,75,75,75,75,75,75,75,75,75,75,75,75,75,75,75,75,75,75,75,75,75],"card_choices":[{"not_picked":["Stack","Barrage"],"picked":"Leap","floor":1},{"not_picked":["Reprogram","Compile Driver","Stack"],"picked":"SKIP","floor":6},{"not_picked":["Lockon","Coolheaded"],"picked":"Doom and Gloom","floor":7},{"not_picked":["Turbo","Streamline"],"picked":"Barrage","floor":8},{"not_picked":["Steam","Beam Cell"],"picked":"Genetic Algorithm","floor":11},{"not_picked":["Leap","Cold Snap"],"picked":"Buffer","floor":14},{"not_picked":["Hyperbeam","Fission"],"picked":"Echo Form","floor":16},{"not_picked":["Barrage","Steam"],"picked":"Hello World","floor":17},{"not_picked":["Chaos","Chill"],"picked":"Leap","floor":17},{"not_picked":["Coolheaded","Steam"],"picked":"Hologram","floor":17},{"not_picked":["Steam Power","Beam Cell"],"picked":"Hologram","floor":17},{"not_picked":["Leap","Ball Lightning"],"picked":"Cold Snap","floor":17},{"not_picked":["Redo","Rip and Tear"],"picked":"Hologram","floor":18},{"not_picked":["Leap+1","Lockon"],"picked":"Buffer","floor":19},{"not_picked":["Genetic Algorithm+1","Ball Lightning"],"picked":"Doom and Gloom+1","floor":21}],"player_experience":941697,"relics_obtained":[{"floor":6,"key":"Oddly Smooth Stone"},{"floor":9,"key":"Bronze Scales"}],"event_choices":[{"damage_healed":0,"gold_gain":175,"player_choice":"AGREE","damage_taken":0,"max_hp_gain":0,"max_hp_loss":0,"event_name":"Liars Game","floor":2,"gold_loss":0,"cards_obtained":["Doubt"]},{"cards_removed":["Doubt"],"damage_healed":0,"gold_gain":0,"player_choice":"Card Removal","damage_taken":0,"max_hp_gain":0,"max_hp_loss":0,"event_name":"The Cleric","floor":3,"gold_loss":50},{"cards_removed":["Strike_B"],"damage_healed":0,"gold_gain":0,"player_choice":"Card Removal","damage_taken":7,"max_hp_gain":0,"max_hp_loss":0,"event_name":"Golden Wing","floor":4,"gold_loss":0},{"damage_healed":0,"gold_gain":0,"cards_transformed":["Strike_B"],"player_choice":"Change","damage_taken":0,"max_hp_gain":0,"max_hp_loss":0,"event_name":"Living Wall","floor":5,"gold_loss":0,"cards_obtained":["Hello World"]},{"damage_healed":0,"gold_gain":0,"cards_transformed":["Strike_B"],"player_choice":"Transformed","damage_taken":0,"max_hp_gain":0,"max_hp_loss":0,"event_name":"Transmorgrifier","floor":12,"gold_loss":0,"cards_obtained":["Cold Snap"]},{"damage_healed":0,"gold_gain":0,"player_choice":"Opened","damage_taken":0,"relics_obtained":["Thread and Needle"],"max_hp_gain":0,"max_hp_loss":0,"event_name":"The Mausoleum","floor":20,"gold_loss":0},{"damage_healed":0,"gold_gain":0,"player_choice":"Fight","damage_taken":0,"max_hp_gain":0,"max_hp_loss":0,"event_name":"Colosseum","floor":24,"gold_loss":0},{"damage_healed":0,"gold_gain":0,"player_choice":"Fought Nobs","damage_taken":0,"max_hp_gain":0,"max_hp_loss":0,"event_name":"Colosseum","floor":24,"gold_loss":0}],"is_beta":false,"boss_relics":[{"not_picked":["Cursed Key","Tiny House"],"picked":"Orrery"}],"items_purged_floors":[],"is_endless":false,"potions_floor_spawned":[8,11,14,16,19],"killed_by":"Colosseum Nobs","ascension_level":0}