{"gold_per_floor":[116,191,210,210,230,262,262,295,295,54,73,92,92,109,109,208,208,223,223,238,238,238,264,264,297,297,49,49,79,98,108,108,108],"floor_reached":33,"playtime":1972,"items_purged":["Strike_B"],"score":484,"play_id":"f2c1fb5f-8c40-4034-9090-711ba91053e9","local_time":"20181116175147","is_ascension_mode":true,"campfire_choices":[{"floor":7,"key":"REST"},{"data":"Zap","floor":15,"key":"SMITH"},{"data":"Ghostly","floor":24,"key":"SMITH"},{"data":"Double Energy","floor":32,"key":"SMITH"}],"neow_cost":"NONE","seed_source_timestamp":171341556594600,"circlet_count":0,"master_deck":["Strike_B","Strike_B","Strike_B","Defend_B","Defend_B","Defend_B","Defend_B","Zap+1","Dualcast","Melter","Turbo","Leap","Hologram","Sunder","Biased Cognition","Buffer","Double Energy+1","Static Discharge","Loop","Ghostly","Ghostly","Ghostly","Ghostly","Ghostly+1","Conserve Battery","Pain","Blizzard+1"],"relics":["FrozenCore","NeowsBlessing","Art of War","FossilizedHelix","Bronze Scales","Meat on the Bone","Blood Vial","Singing Bowl","Bag of Preparation","Centennial Puzzle","Bottled Tornado","Kunai","Symbiotic Virus","WarpedTongs","Shuriken"],"potions_floor_usage":[8,20,20,23,25,33],"damage_taken":[{"damage":0,"enemies":"Small Slimes","floor":1,"turns":1},{"damage":0,"enemies":"2 Louse","floor":3,"turns":1},{"damage":0,"enemies":"Cultist","floor":5,"turns":1},{"damage":37,"enemies":"Gremlin Nob","floor":6,"turns":5},{"damage":1,"enemies":"Lagavulin","floor":8,"turns":6},{"damage":0,"enemies":"Exordium Thugs","floor":11,"turns":4},{"damage":0,"enemies":"Blue Slaver","floor":12,"turns":3},{"damage":0,"enemies":"Exordium Wildlife","floor":14,"turns":3},{"damage":25,"enemies":"Slime Boss","floor":16,"turns":10},{"damage":0,"enemies":"Chosen","floor":18,"turns":6},{"damage":0,"enemies":"2 Thieves","floor":20,"turns":4},{"damage":4,"enemies":"Slavers","floor":23,"turns":8},{"damage":1,"enemies":"Gremlin Leader","floor":25,"turns":7},{"damage":0,"enemies":"Book of Stabbing","floor":29,"turns":4},{"damage":1,"enemies":"Snake Plant","floor":30,"turns":5},{"damage":5,"enemies":"Centurion and Healer","floor":31,"turns":8},{"damage":71,"enemies":"Collector","floor":33,"turns":10}],"seed_played":"-8057430407716352816","potions_obtained":[{"floor":6,"key":"Block Potion"},{"floor":11,"key":"Strength Potion"},{"floor":12,"key":"Strength Potion"},{"floor":16,"key":"Fire Potion"},{"floor":18,"key":"Fire Potion"},{"floor":23,"key":"LiquidBronze"},{"floor":29,"key":"SteroidPotion"}],"is_trial":false,"path_per_floor":["M","?","M","?","M","E","R","E","T","$","M","M","T","M","R","B",null,"M","?","M","?","?","E","R","E","T","$","?","E","M","M","R","B"],"character_chosen":"DEFECT","items_purchased":["Blood Vial","Hologram","Symbiotic Virus"],"campfire_rested":1,"item_purchase_floors":[10,10,27],"current_hp_per_floor":[68,57,57,57,57,20,42,41,41,41,43,45,45,49,49,38,67,69,69,71,38,38,36,36,37,37,37,37,41,43,39,39,0],"gold":108,"neow_bonus":"THREE_ENEMY_KILL","is_prod":false,"is_daily":false,"chose_seed":false,"campfire_upgraded":3,"win_rate":0,"timestamp":1542387107,"path_taken":["M","?","M","?","M","E","R","E","T","$","M","?","?","M","R","BOSS","M","?","M","?","?","E","R","E","T","?","?","E","M","?","R","BOSS"],"build_version":"2018-11-15","purchased_purges":1,"victory":false,"max_hp_per_floor":[75,75,75,75,75,75,75,75,75,75,75,75,75,77,77,77,77,77,77,77,38,38,40,40,40,40,40,40,42,44,44,44,44],"card_choices":[{"not_picked":["Hologram","Compile Driver"],"picked":"Melter","floor":1},{"not_picked":["Doom and Gloom","Go for the Eyes"],"picked":"Turbo","floor":3},{"not_picked":["Lockon","Gash"],"picked":"Turbo","floor":5},{"not_picked":["Blizzard","Barrage"],"picked":"Leap","floor":6},{"not_picked":["Steam","Thunder Strike","Gash"],"picked":"SKIP","floor":8},{"not_picked":["Ball Lightning","Gash"],"picked":"Sunder","floor":11},{"not_picked":["Self Repair","Conserve Battery"],"picked":"Biased Cognition","floor":12},{"not_picked":["Hello World","Leap","Skim"],"picked":"Singing Bowl","floor":14},{"not_picked":["Multi-Cast","Electrodynamics"],"picked":"Buffer","floor":16},{"not_picked":["Ball Lightning","Barrage"],"picked":"Double Energy","floor":18},{"not_picked":["Steam Power","Stack"],"picked":"Loop","floor":20},{"not_picked":["Hello World","Glacier","Turbo"],"picked":"Singing Bowl","floor":23},{"not_picked":["Ball Lightning+1","Steam"],"picked":"Conserve Battery","floor":25},{"not_picked":["Undo+1","Glacier","Coolheaded+1"],"picked":"Singing Bowl","floor":29},{"not_picked":["Steam Power","Aggregate+1","Coolheaded"],"picked":"Singing Bowl","floor":30},{"not_picked":["Recycle","Coolheaded"],"picked":"Blizzard+1","floor":31}],"player_experience":920303,"relics_obtained":[{"floor":6,"key":"FossilizedHelix"},{"floor":8,"key":"Bronze Scales"},{"floor":9,"key":"Meat on the Bone"},{"floor":13,"key":"Singing Bowl"},{"floor":23,"key":"Centennial Puzzle"},{"floor":25,"key":"Bottled Tornado"},{"floor":26,"key":"Kunai"},{"floor":29,"key":"Shuriken"}],"event_choices":[{"damage_healed":0,"gold_gain":75,"player_choice":"Gather Gold","damage_taken":11,"max_hp_gain":0,"max_hp_loss":0,"event_name":"World of Goop","floor":2,"gold_loss":0},{"cards_removed":["Turbo"],"damage_healed":0,"gold_gain":0,"player_choice":"Gave Card","damage_taken":0,"relics_obtained":["Art of War"],"max_hp_gain":0,"max_hp_loss":0,"event_name":"WeMeetAgain","floor":4,"gold_loss":0},{"damage_healed":0,"gold_gain":0,"player_choice":"Read","damage_taken":0,"max_hp_gain":0,"max_hp_loss":0,"event_name":"The Library","floor":19,"gold_loss":0,"cards_obtained":["Static Discharge"]},{"damage_healed":0,"gold_gain":0,"player_choice":"Became a Ghost","damage_taken":0,"max_hp_gain":0,"max_hp_loss":39,"event_name":"Ghosts","floor":21,"gold_loss":0,"cards_obtained":["Ghostly","Ghostly","Ghostly","Ghostly","Ghostly"]},{"damage_healed":0,"gold_gain":0,"player_choice":"Opened","damage_taken":0,"relics_obtained":["Bag of Preparation"],"max_hp_gain":0,"max_hp_loss":0,"event_name":"The Mausoleum","floor":22,"gold_loss":0},{"damage_healed":0,"gold_gain":0,"player_choice":"Rummage","damage_taken":0,"relics_obtained":["WarpedTongs"],"max_hp_gain":0,"max_hp_loss":0,"event_name":"Accursed Blacksmith","floor":28,"gold_loss":0,"cards_obtained":["Pain"]}],"is_beta":false,"boss_relics":[{"not_picked":["Eternal Feather","White Beast Statue"],"picked":"FrozenCore"}],"items_purged_floors":[10],"is_endless":false,"potions_floor_spawned":[6,11,12,16,18,23,29],"killed_by":"Collector","ascension_level":7}