{"gold_per_floor":[116,116,116,131,61,91,91,122,122,135,135,170,170,67,67,171,171,183,183,39,54,153,153,183,199,246,246,246,578,610,610,610,709,709,720,942,942,409,409,435,435,467,467,495,506,516,516,516,516,516,516,516,36,36],"floor_reached":54,"playtime":3026,"items_purged":["Pain"],"score":1347,"play_id":"5727181d-9a1d-42fa-80f6-6a9f79886b2c","local_time":"20190310001654","is_ascension_mode":true,"campfire_choices":[{"floor":7,"key":"REST"},{"floor":11,"key":"REST"},{"floor":15,"key":"REST"},{"floor":23,"key":"DIG"},{"floor":28,"key":"DIG"},{"floor":32,"key":"DIG"},{"floor":47,"key":"DIG"},{"floor":49,"key":"RECALL"},{"floor":52,"key":"DIG"}],"neow_cost":"NONE","seed_source_timestamp":15698522072200,"circlet_count":0,"master_deck":["AscendersBane","Zap+1","Dualcast+1","Defragment+1","Cold Snap+1","Loop+1","Ball Lightning+1","Seek+1","Hello World+1","Turbo+1","Self Repair+1","Self Repair+1","Coolheaded+1","Ball Lightning+1","Biased Cognition+1","Melter+1","Echo Form+1","Consume+1","Sweeping Beam+1","Force Field+1","Multi-Cast+1","Amplify+1","Chaos+1","Steam Power+1","Chill+1","Force Field+1","Core Surge+1","Transmutation+1","Secret Weapon+1","Capacitor+1","Aggregate+1","Heatsinks+1","Turbo","White Noise"],"relics":["Inserter","Frozen Egg 2","Dream Catcher","Bronze Scales","Shovel","Pandora\u0027s Box","Shuriken","Blue Candle","Symbiotic Virus","Mango","Old Coin","Red Mask","Cables","Busted Crown","DataDisk","Art of War","Pen Nib","WarpedTongs","Darkstone Periapt","Omamori","Singing Bowl","Juzu Bracelet","Mark of the Bloom","Gremlin Horn","OrangePellets"],"potions_floor_usage":[8,24,30,42,54],"damage_taken":[{"damage":4,"enemies":"2 Louse","floor":1,"turns":3},{"damage":18,"enemies":"Small Slimes","floor":4,"turns":6},{"damage":13,"enemies":"Lagavulin","floor":6,"turns":9},{"damage":22,"enemies":"Gremlin Nob","floor":8,"turns":4},{"damage":8,"enemies":"Cultist","floor":10,"turns":3},{"damage":26,"enemies":"3 Sentries","floor":12,"turns":6},{"damage":27,"enemies":"The Guardian","floor":16,"turns":11},{"damage":5,"enemies":"Spheric Guardian","floor":18,"turns":5},{"damage":10,"enemies":"3 Byrds","floor":21,"turns":4},{"damage":22,"enemies":"Gremlin Leader","floor":24,"turns":7},{"damage":20,"enemies":"Snake Plant","floor":25,"turns":4},{"damage":27,"enemies":"Book of Stabbing","floor":29,"turns":4},{"damage":12,"enemies":"Masked Bandits","floor":30,"turns":3},{"damage":51,"enemies":"Champ","floor":33,"turns":8},{"damage":5,"enemies":"Orb Walker","floor":35,"turns":2},{"damage":0,"enemies":"Nemesis","floor":40,"turns":7},{"damage":44,"enemies":"Reptomancer","floor":42,"turns":6},{"damage":9,"enemies":"Giant Head","floor":44,"turns":6},{"damage":0,"enemies":"3 Shapes","floor":45,"turns":5},{"damage":9,"enemies":"Jaw Worm Horde","floor":46,"turns":5},{"damage":74,"enemies":"Donu and Deca","floor":50,"turns":7},{"damage":33,"enemies":"Shield and Spear","floor":54,"turns":3}],"seed_played":"-9083314348090622309","potions_obtained":[{"floor":1,"key":"EssenceOfSteel"},{"floor":16,"key":"Weak Potion"},{"floor":18,"key":"Explosive Potion"},{"floor":21,"key":"SpeedPotion"},{"floor":40,"key":"SteroidPotion"},{"floor":44,"key":"Poison Potion"}],"is_trial":false,"path_per_floor":["M","?","?","M","$","E","R","E","T","M","R","E","?","$","R","B",null,"M","?","$","M","?","R","E","M","T","T","R","E","?","?","R","B",null,"M","?","?","$","?","E","?","E","T","E","M","M","R","?","R","B",null,"R","$","E"],"character_chosen":"DEFECT","items_purchased":["Loop","Self Repair+1","Coolheaded","Amplify","Capacitor+1","DataDisk","Art of War","Aggregate","Regen Potion","Heatsinks+1","Turbo","White Noise","OrangePellets"],"campfire_rested":3,"item_purchase_floors":[5,14,14,20,38,38,38,38,38,53,53,53,53],"current_hp_per_floor":[64,64,57,39,39,26,48,26,26,18,40,14,14,14,36,29,64,75,85,85,85,85,85,83,83,83,83,97,90,88,68,68,37,87,92,92,87,87,87,99,99,75,75,88,100,105,105,105,105,31,31,31,31,0],"gold":36,"neow_bonus":"BOSS_RELIC","is_prod":false,"is_daily":false,"chose_seed":false,"campfire_upgraded":0,"win_rate":0,"timestamp":1552173414,"path_taken":["M","?","?","M","$","E","R","E","T","M","R","E","?","$","R","BOSS","M","?","?","?","?","R","E","M","T","?","R","E","?","?","R","BOSS","M","?","?","$","?","E","?","E","T","E","M","?","R","?","R","BOSS","R","$","E"],"build_version":"2019-01-23","purchased_purges":1,"victory":false,"max_hp_per_floor":[75,75,75,75,75,75,75,75,75,75,75,75,75,75,75,75,75,75,85,85,85,85,85,85,85,85,85,99,99,99,104,104,104,104,104,104,104,104,99,99,99,99,99,101,103,105,105,105,105,105,105,105,105,105],"card_choices":[{"not_picked":["Gash","Conserve Battery"],"picked":"Defragment","floor":1},{"not_picked":["Beam Cell","BootSequence"],"picked":"Cold Snap","floor":4},{"not_picked":["Leap","Gash"],"picked":"Ball Lightning","floor":6},{"not_picked":["Thunder Strike","Ball Lightning"],"picked":"Seek","floor":8},{"not_picked":["Sweeping Beam","Streamline"],"picked":"Hello World+1","floor":10},{"not_picked":["Gash","Barrage"],"picked":"Turbo","floor":11},{"not_picked":["Sweeping Beam","Barrage"],"picked":"Self Repair+1","floor":12},{"not_picked":["Leap","Go for the Eyes"],"picked":"Ball Lightning","floor":15},{"not_picked":["All For One","Seek"],"picked":"Biased Cognition+1","floor":16},{"not_picked":["Beam Cell","Streamline+1","Barrage"],"picked":"SKIP","floor":18},{"not_picked":["Ball Lightning","Blizzard","Steam"],"picked":"SKIP","floor":21},{"not_picked":["Gash","BootSequence"],"picked":"Chaos+1","floor":24},{"not_picked":["Gash","Lockon"],"picked":"Steam Power","floor":25},{"not_picked":["Beam Cell","Genetic Algorithm"],"picked":"Chill","floor":29},{"not_picked":["Redo","Sweeping Beam+1"],"picked":"Force Field","floor":30},{"not_picked":["All For One","Multi-Cast"],"picked":"Core Surge","floor":33},{"not_picked":["Go for the Eyes"],"picked":"SKIP","floor":35},{"not_picked":[],"picked":"Transmutation","floor":37},{"not_picked":[],"picked":"Secret Weapon","floor":37},{"not_picked":["Scrape"],"picked":"SKIP","floor":40},{"not_picked":["Sweeping Beam+1"],"picked":"SKIP","floor":42},{"not_picked":["Rebound+1"],"picked":"Singing Bowl","floor":44},{"not_picked":["Ball Lightning"],"picked":"Singing Bowl","floor":45},{"not_picked":["Gash"],"picked":"Singing Bowl","floor":46}],"player_experience":1478228,"relics_obtained":[{"floor":6,"key":"Frozen Egg 2"},{"floor":8,"key":"Dream Catcher"},{"floor":9,"key":"Bronze Scales"},{"floor":12,"key":"Shovel"},{"floor":23,"key":"Shuriken"},{"floor":24,"key":"Blue Candle"},{"floor":27,"key":"Symbiotic Virus"},{"floor":28,"key":"Mango"},{"floor":29,"key":"Old Coin"},{"floor":30,"key":"Red Mask"},{"floor":32,"key":"Cables"},{"floor":40,"key":"Pen Nib"},{"floor":42,"key":"Darkstone Periapt"},{"floor":43,"key":"Omamori"},{"floor":44,"key":"Singing Bowl"},{"floor":47,"key":"Juzu Bracelet"},{"floor":52,"key":"Gremlin Horn"}],"event_choices":[{"damage_healed":0,"gold_gain":0,"player_choice":"Leave","damage_taken":0,"max_hp_gain":0,"max_hp_loss":0,"event_name":"The Cleric","floor":2,"gold_loss":0},{"cards_removed":["Strike_B"],"damage_healed":0,"gold_gain":0,"player_choice":"Card Removal","damage_taken":7,"max_hp_gain":0,"max_hp_loss":0,"event_name":"Golden Wing","floor":3,"gold_loss":0},{"damage_healed":0,"gold_gain":0,"player_choice":"Grow","damage_taken":0,"max_hp_gain":0,"max_hp_loss":0,"event_name":"Living Wall","floor":13,"gold_loss":0,"cards_upgraded":["Defragment"]},{"cards_removed":["Hyperbeam"],"damage_healed":0,"gold_gain":0,"player_choice":"Offered Rare","damage_taken":0,"max_hp_gain":10,"max_hp_loss":0,"event_name":"Bonfire Elementals","floor":19,"gold_loss":0},{"damage_healed":0,"gold_gain":99,"player_choice":"Stole From Cult","damage_taken":0,"max_hp_gain":0,"max_hp_loss":0,"event_name":"Nest","floor":22,"gold_loss":0},{"damage_healed":0,"gold_gain":0,"player_choice":"Fought Bandits","damage_taken":0,"max_hp_gain":0,"max_hp_loss":0,"event_name":"Masked Bandits","floor":30,"gold_loss":0},{"damage_healed":0,"gold_gain":0,"player_choice":"Shed Blood","damage_taken":25,"max_hp_gain":5,"max_hp_loss":0,"event_name":"Forgotten Altar","floor":31,"gold_loss":0},{"damage_healed":0,"gold_gain":222,"player_choice":"Wore Mask","damage_taken":0,"max_hp_gain":0,"max_hp_loss":0,"event_name":"Tomb of Lord Red Mask","floor":36,"gold_loss":0},{"damage_healed":0,"gold_gain":0,"player_choice":"Memory 2","damage_taken":5,"max_hp_gain":0,"max_hp_loss":0,"event_name":"SensoryStone","floor":37,"gold_loss":0},{"damage_healed":0,"gold_gain":0,"player_choice":"Max HP","damage_taken":0,"max_hp_gain":0,"max_hp_loss":5,"event_name":"Winding Halls","floor":39,"gold_loss":0},{"damage_healed":0,"gold_gain":0,"player_choice":"Rummage","damage_taken":0,"relics_obtained":["WarpedTongs"],"max_hp_gain":0,"max_hp_loss":0,"event_name":"Accursed Blacksmith","floor":41,"gold_loss":0,"cards_obtained":["Pain"]},{"damage_healed":0,"gold_gain":0,"player_choice":"Upgrade","damage_taken":0,"relics_obtained":["Mark of the Bloom"],"max_hp_gain":0,"max_hp_loss":0,"event_name":"MindBloom","floor":48,"gold_loss":0,"cards_upgraded":["Zap","Dualcast","Cold Snap","Loop","Ball Lightning","Seek","Turbo","Coolheaded","Ball Lightning","Melter","Consume","Sweeping Beam","Force Field","Multi-Cast","Amplify","Steam Power","Chill","Force Field","Core Surge","Transmutation","Secret Weapon","Aggregate"]}],"is_beta":false,"boss_relics":[{"not_picked":["Black Star","Sozu"],"picked":"Pandora\u0027s Box"},{"not_picked":["Snecko Eye","Velvet Choker"],"picked":"Busted Crown"}],"items_purged_floors":[53],"is_endless":false,"potions_floor_spawned":[1,16,18,21,40,44],"killed_by":"Shield and Spear","ascension_level":10}