{"gold_per_floor":[115,290,301,319,329,359,43,43],"floor_reached":8,"playtime":663,"items_purged":["Doubt"],"score":70,"play_id":"51bc943f-171b-4095-9d79-ac9d0267ddcd","local_time":"20181230172950","is_ascension_mode":true,"campfire_choices":[],"neow_cost":"NONE","seed_source_timestamp":273613425621538,"circlet_count":0,"master_deck":["Strike_B","Strike_B","Strike_B","Strike_B","Defend_B","Defend_B","Defend_B","Defend_B","Zap","Dualcast","Hologram","Doom and Gloom","Redo","Compile Driver","Turbo","Defragment","Hologram"],"relics":["Inserter","Mercury Hourglass","Bag of Preparation"],"potions_floor_usage":[6,6],"damage_taken":[{"damage":4,"enemies":"Small Slimes","floor":1,"turns":4},{"damage":2,"enemies":"2 Louse","floor":3,"turns":4},{"damage":10,"enemies":"Cultist","floor":4,"turns":5},{"damage":18,"enemies":"Red Slaver","floor":5,"turns":5},{"damage":25,"enemies":"Lagavulin","floor":6,"turns":6},{"damage":35,"enemies":"Gremlin Nob","floor":8,"turns":3}],"seed_played":"-7578272639520418904","potions_obtained":[{"floor":3,"key":"Regen Potion"},{"floor":4,"key":"AttackPotion"},{"floor":6,"key":"Poison Potion"}],"is_trial":false,"path_per_floor":["M","?","M","M","M","E","$","E"],"character_chosen":"DEFECT","items_purchased":["Defragment","Bag of Preparation","Hologram"],"campfire_rested":0,"item_purchase_floors":[7,7,7],"current_hp_per_floor":[71,71,69,59,41,28,28,0],"gold":43,"neow_bonus":"BOSS_RELIC","is_prod":false,"is_daily":false,"chose_seed":false,"campfire_upgraded":0,"win_rate":0,"timestamp":1546219790,"path_taken":["M","?","M","M","M","E","$","E"],"build_version":"2018-12-20","purchased_purges":1,"victory":false,"max_hp_per_floor":[75,75,75,75,75,75,75,75],"card_choices":[{"not_picked":["Turbo","Conserve Battery"],"picked":"Hologram","floor":1},{"not_picked":["Heatsinks","Compile Driver"],"picked":"Doom and Gloom","floor":3},{"not_picked":["Ball Lightning","Cold Snap"],"picked":"Redo","floor":4},{"not_picked":["Loop","Recycle"],"picked":"Compile Driver","floor":5},{"not_picked":["Static Discharge","Reinforced Body"],"picked":"Turbo","floor":6}],"player_experience":263792,"relics_obtained":[{"floor":6,"key":"Mercury Hourglass"}],"event_choices":[{"damage_healed":0,"gold_gain":175,"player_choice":"AGREE","damage_taken":0,"max_hp_gain":0,"max_hp_loss":0,"event_name":"Liars Game","floor":2,"gold_loss":0,"cards_obtained":["Doubt"]}],"is_beta":false,"boss_relics":[],"items_purged_floors":[7],"is_endless":false,"potions_floor_spawned":[3,4,6],"killed_by":"Gremlin Nob","ascension_level":4}