{"gold_per_floor":[116,64,83,98,117,117,131,148,194,194,194,51,83,63,63,163,163,174,160,174,274,274,274,274,274,274,194,210,210,238,238,238,337,337,351,351,426,438,457,457,488,488,488,503,538,538,249,249,249,249,249,249,52,77,77],"floor_reached":56,"playtime":6797,"items_purged":["Defend_G","Strike_G+1","Defend_G+1"],"score":1345,"play_id":"c30ca40e-fa27-4340-ac8f-23a6148adae4","local_time":"20190503201204","is_ascension_mode":true,"campfire_choices":[{"data":"Footwork","floor":6,"key":"SMITH"},{"data":"Neutralize","floor":11,"key":"SMITH"},{"data":"Catalyst","floor":15,"key":"SMITH"},{"floor":23,"key":"REST"},{"data":"Well Laid Plans","floor":25,"key":"SMITH"},{"data":"Predator","floor":29,"key":"SMITH"},{"floor":32,"key":"REST"},{"floor":40,"key":"RECALL"},{"floor":42,"key":"REST"},{"floor":49,"key":"REST"},{"floor":52,"key":"REST"}],"neow_cost":"NONE","seed_source_timestamp":1295133343740137,"circlet_count":0,"master_deck":["Defend_G+1","Defend_G+1","Defend_G+1","Strike_G+1","Strike_G+1","Strike_G+1","Strike_G+1","Neutralize+1","Footwork+1","Deadly Poison+1","Catalyst+1","Well Laid Plans+1","PiercingWail+1","Backstab+1","Prepared+1","Noxious Fumes+1","Predator+1","Backflip+1","Leg Sweep+1","Envenom","Escape Plan+1","Quick Slash+1","Cloak And Dagger+1","Neutralize+1","Good Instincts+1","Finesse+1"],"relics":["Ring of the Snake","Lantern","Strawberry","Paper Crane","Black Star","WingedGreaves","The Courier","Toxic Egg 2","Oddly Smooth Stone","Meat on the Bone","Fusion Hammer","PreservedInsect","Gremlin Horn","Pen Nib","Juzu Bracelet","War Paint","Whetstone","Mummified Hand","Incense Burner","Shuriken"],"potions_floor_usage":[13,20,21,21,21,55,55,55],"damage_taken":[{"damage":0,"enemies":"Cultist","floor":1,"turns":3},{"damage":1,"enemies":"Jaw Worm","floor":3,"turns":4},{"damage":0,"enemies":"2 Louse","floor":4,"turns":4},{"damage":9,"enemies":"Gremlin Gang","floor":5,"turns":7},{"damage":0,"enemies":"2 Fungi Beasts","floor":7,"turns":5},{"damage":13,"enemies":"3 Louse","floor":8,"turns":5},{"damage":5,"enemies":"3 Sentries","floor":13,"turns":10},{"damage":23,"enemies":"Slime Boss","floor":16,"turns":17},{"damage":3,"enemies":"3 Byrds","floor":18,"turns":8},{"damage":16,"enemies":"2 Thieves","floor":19,"turns":4},{"damage":19,"enemies":"Cultist and Chosen","floor":20,"turns":8},{"damage":2,"enemies":"Colosseum Slavers","floor":21,"turns":6},{"damage":6,"enemies":"Colosseum Nobs","floor":21,"turns":8},{"damage":5,"enemies":"3 Cultists","floor":28,"turns":5},{"damage":12,"enemies":"Slavers","floor":30,"turns":8},{"damage":18,"enemies":"Champ","floor":33,"turns":14},{"damage":0,"enemies":"3 Shapes","floor":35,"turns":4},{"damage":4,"enemies":"3 Darklings","floor":38,"turns":7},{"damage":19,"enemies":"Jaw Worm Horde","floor":39,"turns":4},{"damage":6,"enemies":"Nemesis","floor":41,"turns":7},{"damage":4,"enemies":"Maw","floor":44,"turns":7},{"damage":5,"enemies":"Reptomancer","floor":45,"turns":5},{"damage":9,"enemies":"Donu and Deca","floor":50,"turns":10},{"damage":0,"enemies":"Shield and Spear","floor":54,"turns":7},{"damage":24,"enemies":"The Heart","floor":55,"turns":9}],"seed_played":"-7749386060097945154","potions_obtained":[{"floor":3,"key":"Fire Potion"},{"floor":5,"key":"GhostInAJar"},{"floor":7,"key":"Swift Potion"},{"floor":8,"key":"EssenceOfSteel"},{"floor":14,"key":"Swift Potion"},{"floor":20,"key":"Explosive Potion"},{"floor":33,"key":"Swift Potion"},{"floor":38,"key":"Strength Potion"},{"floor":41,"key":"Regen Potion"}],"is_trial":false,"path_per_floor":["M","$","M","M","M","R","M","M","T","?","R","$","E","?","R","B",null,"M","M","M","?","?","R","?","R","T","$","M","R","E","?","R","B",null,"M","T","?","M","M","R","E","R","T","M","E","?","$","$","R","B",null,"R","$","E","B",null],"character_chosen":"THE_SILENT","items_purchased":["Deadly Poison","Well Laid Plans","Whetstone","Finesse+1","Mummified Hand"],"campfire_rested":5,"item_purchase_floors":[2,12,47,47,53],"current_hp_per_floor":[77,77,76,76,67,67,67,54,54,54,54,54,49,49,49,26,84,81,65,46,38,38,63,63,63,63,63,58,58,46,46,71,53,84,84,84,76,72,53,53,47,72,72,68,63,63,63,63,84,75,84,84,84,84,75],"gold":77,"neow_bonus":"TEN_PERCENT_HP_BONUS","is_prod":false,"is_daily":false,"chose_seed":false,"campfire_upgraded":5,"win_rate":0,"timestamp":1556932324,"path_taken":["M","$","?","M","M","R","M","M","T","?","R","$","E","?","R","BOSS","M","?","M","?","?","R","?","R","T","$","M","R","E","?","R","BOSS","M","?","?","M","M","R","E","R","T","M","E","?","$","$","R","BOSS","R","$","E","BOSS"],"build_version":"2019-01-23","purchased_purges":3,"victory":true,"max_hp_per_floor":[77,77,77,77,77,77,77,77,77,84,84,84,84,84,84,84,84,84,84,84,84,84,84,84,84,84,84,84,84,84,84,84,84,84,84,84,84,84,84,84,84,84,84,84,84,84,84,84,84,84,84,84,84,84,84],"card_choices":[{"not_picked":["Slice","Sucker Punch"],"picked":"Footwork","floor":1},{"not_picked":["Bane","Tactician","Eviscerate"],"picked":"SKIP","floor":3},{"not_picked":["Eviscerate","Dagger Spray","Blade Dance"],"picked":"SKIP","floor":4},{"not_picked":["Underhanded Strike","Escape Plan"],"picked":"Catalyst","floor":5},{"not_picked":["Finisher","Prepared","Flying Knee"],"picked":"SKIP","floor":7},{"not_picked":["Underhanded Strike","Flechettes","Skewer"],"picked":"SKIP","floor":8},{"not_picked":["Calculated Gamble","Acrobatics"],"picked":"PiercingWail","floor":13},{"not_picked":["Deflect","Dodge and Roll","Masterful Stab"],"picked":"SKIP","floor":18},{"not_picked":["Tactician","Acrobatics"],"picked":"Backstab","floor":19},{"not_picked":["Acrobatics","Distraction"],"picked":"Prepared+1","floor":20},{"not_picked":["Backflip+1","Deadly Poison"],"picked":"Noxious Fumes+1","floor":21},{"not_picked":["Cloak And Dagger+1","Deadly Poison+1"],"picked":"Backflip+1","floor":28},{"not_picked":["Deadly Poison+1","Phantasmal Killer+1"],"picked":"Leg Sweep+1","floor":30},{"not_picked":["Bullet Time+1","Doppelganger+1"],"picked":"Envenom","floor":33},{"not_picked":["Dagger Throw","Bane+1","Underhanded Strike"],"picked":"SKIP","floor":35},{"not_picked":["Blade Dance+1","Dodge and Roll+1"],"picked":"Escape Plan+1","floor":38},{"not_picked":["Endless Agony","Dagger Throw+1"],"picked":"Quick Slash+1","floor":39},{"not_picked":["Riddle With Holes","Calculated Gamble+1","Finisher"],"picked":"SKIP","floor":41},{"not_picked":["Flying Knee+1","Deadly Poison+1"],"picked":"Cloak And Dagger+1","floor":44},{"not_picked":["Poisoned Stab+1","Deflect+1","Outmaneuver+1"],"picked":"SKIP","floor":45},{"not_picked":["Reflex+1","Flying Knee","Outmaneuver+1"],"picked":"SKIP","floor":54}],"player_experience":214169,"relics_obtained":[{"floor":9,"key":"Lantern"},{"floor":13,"key":"Paper Crane"},{"floor":21,"key":"WingedGreaves"},{"floor":21,"key":"The Courier"},{"floor":26,"key":"Toxic Egg 2"},{"floor":30,"key":"Oddly Smooth Stone"},{"floor":30,"key":"Meat on the Bone"},{"floor":41,"key":"PreservedInsect"},{"floor":41,"key":"Gremlin Horn"},{"floor":43,"key":"Pen Nib"},{"floor":45,"key":"Juzu Bracelet"},{"floor":45,"key":"War Paint"},{"floor":54,"key":"Incense Burner"},{"floor":54,"key":"Shuriken"}],"event_choices":[{"damage_healed":0,"gold_gain":0,"player_choice":"Success","damage_taken":7,"relics_obtained":["Strawberry"],"max_hp_gain":0,"max_hp_loss":0,"event_name":"Scrap Ooze","floor":10,"gold_loss":0},{"damage_healed":0,"gold_gain":0,"player_choice":"Bought 1 Potion","damage_taken":0,"max_hp_gain":0,"max_hp_loss":0,"event_name":"The Woman in Blue","floor":14,"gold_loss":0},{"damage_healed":0,"gold_gain":0,"player_choice":"Fight","damage_taken":0,"max_hp_gain":0,"max_hp_loss":0,"event_name":"Colosseum","floor":21,"gold_loss":0},{"damage_healed":0,"gold_gain":0,"player_choice":"Fought Nobs","damage_taken":0,"max_hp_gain":0,"max_hp_loss":0,"event_name":"Colosseum","floor":21,"gold_loss":0},{"damage_healed":0,"gold_gain":0,"player_choice":"Simplicity","damage_taken":0,"max_hp_gain":0,"max_hp_loss":0,"event_name":"Back to Basics","floor":22,"gold_loss":0,"cards_upgraded":["Defend_G","Defend_G","Defend_G","Defend_G","Strike_G","Strike_G","Strike_G","Strike_G","Strike_G"]},{"damage_healed":0,"gold_gain":0,"player_choice":"Read","damage_taken":0,"max_hp_gain":0,"max_hp_loss":0,"event_name":"The Library","floor":24,"gold_loss":0,"cards_obtained":["Predator"]},{"cards_removed":["Survivor"],"damage_healed":0,"gold_gain":0,"player_choice":"Purged","damage_taken":0,"max_hp_gain":0,"max_hp_loss":0,"event_name":"Purifier","floor":31,"gold_loss":0},{"damage_healed":0,"gold_gain":75,"player_choice":"Touch","damage_taken":8,"max_hp_gain":0,"max_hp_loss":0,"event_name":"FaceTrader","floor":37,"gold_loss":0},{"damage_healed":0,"gold_gain":0,"player_choice":"2 cards matched","damage_taken":0,"max_hp_gain":0,"max_hp_loss":0,"event_name":"Match and Keep!","floor":46,"gold_loss":0,"cards_obtained":["Neutralize","Good Instincts"]}],"is_beta":false,"boss_relics":[{"not_picked":["Astrolabe","Cursed Key"],"picked":"Black Star"},{"not_picked":["Lizard Tail","Tiny House"],"picked":"Fusion Hammer"}],"items_purged_floors":[12,27,47],"is_endless":false,"potions_floor_spawned":[3,5,7,8,18,20,21,33,38,41,44],"ascension_level":1}