{"gold_per_floor":[109,120,131,105,124,159,159,192,192,192,13,13,28,45,45,149,149,161,18,36,53,72,72,72,72,95,69,69,83,93,93,93,93],"floor_reached":33,"playtime":2668,"items_purged":[],"score":334,"play_id":"3f86b859-8db3-41a0-a4f0-abf43b6e9dd0","local_time":"20190513004613","is_ascension_mode":false,"campfire_choices":[{"floor":10,"key":"REST"},{"floor":12,"key":"REST"},{"data":"Deadly Poison","floor":15,"key":"SMITH"},{"floor":25,"key":"REST"},{"floor":32,"key":"REST"}],"neow_cost":"NONE","seed_source_timestamp":621366587935400,"circlet_count":0,"master_deck":["Defend_G+1","Defend_G","Defend_G","Defend_G","Defend_G","Strike_G","Strike_G","Strike_G","Strike_G","Strike_G","Survivor","Neutralize","Finisher","Well Laid Plans+1","Finisher","Blade Dance","Corpse Explosion","Dodge and Roll+1","All Out Attack","Deadly Poison+1","Sucker Punch","Sucker Punch","Die Die Die","Deflect","Backflip","Footwork","Flying Knee","Dagger Spray","Deadly Poison+1","Backflip+1","Poisoned Stab","Bouncing Flask","Deadly Poison","Bane","Deadly Poison","Infinite Blades+1"],"relics":["Ring of the Snake","NeowsBlessing","Bronze Scales","Boot","Pear","War Paint","Orrery","Snake Skull","Potion Belt"],"potions_floor_usage":[6,6,8,16,21,30,30],"damage_taken":[{"damage":0,"enemies":"Jaw Worm","floor":1,"turns":1},{"damage":0,"enemies":"Cultist","floor":2,"turns":1},{"damage":0,"enemies":"Small Slimes","floor":3,"turns":1},{"damage":10,"enemies":"2 Fungi Beasts","floor":5,"turns":4},{"damage":4,"enemies":"3 Sentries","floor":6,"turns":3},{"damage":42,"enemies":"Gremlin Nob","floor":8,"turns":5},{"damage":0,"enemies":"Exordium Wildlife","floor":13,"turns":3},{"damage":5,"enemies":"Lots of Slimes","floor":14,"turns":2},{"damage":29,"enemies":"The Guardian","floor":16,"turns":9},{"damage":5,"enemies":"Shell Parasite","floor":18,"turns":7},{"damage":1,"enemies":"Chosen","floor":20,"turns":5},{"damage":10,"enemies":"Snake Plant","floor":21,"turns":4},{"damage":6,"enemies":"Snecko","floor":22,"turns":5},{"damage":32,"enemies":"Centurion and Healer","floor":29,"turns":8},{"damage":8,"enemies":"Cultist and Chosen","floor":30,"turns":5},{"damage":61,"enemies":"Automaton","floor":33,"turns":6}],"seed_played":"-58757419753650457","potions_obtained":[{"floor":2,"key":"SpeedPotion"},{"floor":3,"key":"Fire Potion"},{"floor":6,"key":"Swift Potion"},{"floor":14,"key":"SkillPotion"},{"floor":20,"key":"EssenceOfSteel"},{"floor":21,"key":"Explosive Potion"},{"floor":29,"key":"GhostInAJar"}],"is_trial":false,"path_per_floor":["M","M","M","$","M","E","?","E","T","R","$","R","M","M","R","B",null,"M","$","M","M","M","?","?","R","T","$","?","M","M","?","R","B"],"character_chosen":"THE_SILENT","items_purchased":["Blade Dance","Deadly Poison","War Paint","Snake Skull","Deadly Poison"],"campfire_rested":4,"item_purchase_floors":[4,11,11,19,27],"current_hp_per_floor":[70,70,70,70,60,56,56,14,24,48,48,72,72,67,67,38,80,75,75,74,64,58,58,58,80,80,80,80,48,40,25,50,0],"gold":93,"neow_bonus":"THREE_ENEMY_KILL","is_prod":false,"is_daily":false,"chose_seed":false,"campfire_upgraded":1,"win_rate":0.0,"timestamp":1557722773,"path_taken":["M","M","M","$","M","E","?","E","T","R","$","R","M","M","R","BOSS","M","$","M","M","M","?","?","R","T","$","?","M","M","?","R","BOSS"],"build_version":"2019-01-23","purchased_purges":0,"victory":false,"max_hp_per_floor":[70,70,70,70,70,70,70,70,80,80,80,80,80,80,80,80,80,80,80,80,80,80,80,80,80,80,80,80,80,80,85,85,85],"card_choices":[{"not_picked":["Outmaneuver","Slice"],"picked":"Finisher","floor":1},{"not_picked":["Dodge and Roll","Prepared"],"picked":"Well Laid Plans","floor":2},{"not_picked":["Choke","Leg Sweep"],"picked":"Finisher","floor":3},{"not_picked":["Quick Slash","Outmaneuver"],"picked":"Corpse Explosion","floor":5},{"not_picked":["Predator","Quick Slash"],"picked":"Dodge and Roll","floor":6},{"not_picked":["Distraction","Masterful Stab"],"picked":"All Out Attack","floor":8},{"not_picked":["Dagger Throw","Slice"],"picked":"Sucker Punch","floor":13},{"not_picked":["Distraction","Slice"],"picked":"Sucker Punch","floor":14},{"not_picked":["Storm of Steel","Phantasmal Killer"],"picked":"Die Die Die","floor":16},{"not_picked":["Backstab","Quick Slash"],"picked":"Deflect","floor":17},{"not_picked":["Slice","Backstab"],"picked":"Backflip","floor":17},{"not_picked":["Riddle With Holes","Deflect"],"picked":"Footwork","floor":17},{"not_picked":["Doppelganger","Choke"],"picked":"Flying Knee","floor":17},{"not_picked":["Quick Slash","Finisher"],"picked":"Dagger Spray","floor":17},{"not_picked":["Acrobatics","Outmaneuver+1"],"picked":"Deadly Poison+1","floor":18},{"not_picked":["Blade Dance","Cloak And Dagger"],"picked":"Backflip+1","floor":20},{"not_picked":["PiercingWail","Blade Dance"],"picked":"Poisoned Stab","floor":21},{"not_picked":["Unload","Flechettes"],"picked":"Bouncing Flask","floor":22},{"not_picked":["Dodge and Roll","Choke"],"picked":"Deadly Poison","floor":29},{"not_picked":["Flying Knee","Caltrops"],"picked":"Infinite Blades+1","floor":30}],"player_experience":81272,"relics_obtained":[{"floor":6,"key":"Bronze Scales"},{"floor":8,"key":"Boot"},{"floor":9,"key":"Pear"},{"floor":26,"key":"Potion Belt"}],"event_choices":[{"damage_healed":0,"gold_gain":0,"player_choice":"Upgraded","damage_taken":0,"max_hp_gain":0,"max_hp_loss":0,"event_name":"Upgrade Shrine","floor":7,"gold_loss":0,"cards_upgraded":["Well Laid Plans"]},{"damage_healed":0,"gold_gain":0,"player_choice":"Ignored","damage_taken":0,"max_hp_gain":0,"max_hp_loss":0,"event_name":"Beggar","floor":23,"gold_loss":0},{"damage_healed":0,"gold_gain":0,"player_choice":"Ignored","damage_taken":0,"max_hp_gain":0,"max_hp_loss":0,"event_name":"Ghosts","floor":24,"gold_loss":0},{"damage_healed":0,"gold_gain":0,"player_choice":"Read","damage_taken":0,"max_hp_gain":0,"max_hp_loss":0,"event_name":"The Library","floor":28,"gold_loss":0,"cards_obtained":["Bane"]},{"damage_healed":0,"gold_gain":0,"player_choice":"Shed Blood","damage_taken":20,"max_hp_gain":5,"max_hp_loss":0,"event_name":"Forgotten Altar","floor":31,"gold_loss":0}],"is_beta":false,"boss_relics":[{"not_picked":["Eternal Feather","Coffee Dripper"],"picked":"Orrery"}],"items_purged_floors":[],"is_endless":false,"potions_floor_spawned":[2,3,6,14,20,21,29],"killed_by":"Automaton","ascension_level":0}