{"gold_per_floor":[16,26,101,113,113,146,146,187,187,202,202,227,266,266,266,355,418,432,452,466,466,466],"floor_reached":22,"playtime":1092,"items_purged":[],"score":337,"play_id":"701eaea6-4627-42d0-82f7-843079b446e8","local_time":"20190403194117","is_ascension_mode":true,"campfire_choices":[{"floor":7,"key":"REST"},{"floor":11,"key":"REST"},{"floor":15,"key":"REST"}],"neow_cost":"NO_GOLD","seed_source_timestamp":687447289482700,"circlet_count":0,"master_deck":["AscendersBane","Strike_R","Strike_R","Strike_R","Strike_R","Defend_R+1","Defend_R","Defend_R","Bash","Pommel Strike+1","Cleave","Rage","Uppercut","Dual Wield+1","Headbutt+1","Infernal Blade","Flex","Reaper+1","Pommel Strike+1","Feed+1"],"relics":["Burning Blood","Golden Idol","Meat on the Bone","Matryoshka","War Paint","Molten Egg 2","Odd Mushroom","Pantograph","Tiny House","Calipers"],"potions_floor_usage":[6,12,13,19,20,22],"damage_taken":[{"damage":2,"enemies":"2 Louse","floor":1,"turns":4},{"damage":4,"enemies":"Small Slimes","floor":2,"turns":3},{"damage":1,"enemies":"Cultist","floor":4,"turns":3},{"damage":40,"enemies":"3 Sentries","floor":6,"turns":9},{"damage":44,"enemies":"Lagavulin","floor":8,"turns":8},{"damage":10,"enemies":"Exordium Wildlife","floor":10,"turns":3},{"damage":24,"enemies":"The Mushroom Lair","floor":12,"turns":3},{"damage":49,"enemies":"3 Sentries","floor":13,"turns":10},{"damage":24,"enemies":"Slime Boss","floor":16,"turns":8},{"damage":22,"enemies":"Spheric Guardian","floor":18,"turns":4},{"damage":25,"enemies":"Chosen","floor":19,"turns":5},{"damage":36,"enemies":"Snecko","floor":20,"turns":6},{"damage":64,"enemies":"Centurion and Healer","floor":22,"turns":7}],"seed_played":"-9202196614150168885","potions_obtained":[{"floor":2,"key":"EssenceOfSteel"},{"floor":10,"key":"Weak Potion"},{"floor":12,"key":"Weak Potion"},{"floor":16,"key":"BloodPotion"},{"floor":17,"key":"Strength Potion"},{"floor":19,"key":"Weak Potion"}],"is_trial":false,"path_per_floor":["M","M","?","M","?","E","R","E","T","M","R","?","E","?","R","B",null,"M","M","M","?","M"],"character_chosen":"IRONCLAD","items_purchased":[],"campfire_rested":3,"item_purchase_floors":[],"current_hp_per_floor":[76,78,67,72,72,38,62,36,36,44,68,50,19,19,43,50,78,62,54,43,43,0],"gold":466,"neow_bonus":"REMOVE_TWO","is_prod":false,"is_daily":false,"chose_seed":false,"campfire_upgraded":0,"win_rate":0,"timestamp":1554313277,"path_taken":["M","M","?","M","?","E","R","E","T","M","R","?","E","?","R","BOSS","M","?","M","?","M"],"build_version":"2019-01-23","purchased_purges":0,"victory":false,"max_hp_per_floor":[80,80,80,80,80,80,80,80,80,80,80,80,80,80,80,80,85,85,89,89,89,89],"card_choices":[{"not_picked":["Perfected Strike","Armaments"],"picked":"Pommel Strike","floor":1},{"not_picked":["Clash","Shockwave"],"picked":"Cleave","floor":2},{"not_picked":["Wild Strike","Anger"],"picked":"Rage","floor":4},{"not_picked":["Ghostly Armor","Entrench"],"picked":"Uppercut","floor":6},{"not_picked":["Flex","Havoc"],"picked":"Dual Wield","floor":8},{"not_picked":["Iron Wave+1","Sever Soul+1"],"picked":"Headbutt+1","floor":10},{"not_picked":["Cleave+1","Anger+1"],"picked":"Infernal Blade","floor":12},{"not_picked":["Warcry","Havoc"],"picked":"Flex","floor":13},{"not_picked":["Brutality","Demon Form"],"picked":"Reaper+1","floor":16},{"not_picked":["Clothesline+1","Iron Wave+1"],"picked":"Pommel Strike+1","floor":17},{"not_picked":["Clash+1","Shrug It Off"],"picked":"Feed+1","floor":18},{"not_picked":["Ghostly Armor","Sentinel+1","Havoc"],"picked":"SKIP","floor":19},{"not_picked":["Dual Wield","Carnage+1","Warcry"],"picked":"SKIP","floor":20}],"player_experience":1597639,"relics_obtained":[{"floor":6,"key":"Meat on the Bone"},{"floor":8,"key":"Matryoshka"},{"floor":9,"key":"War Paint"},{"floor":9,"key":"Molten Egg 2"},{"floor":12,"key":"Odd Mushroom"},{"floor":13,"key":"Pantograph"},{"floor":21,"key":"Calipers"}],"event_choices":[{"damage_healed":0,"gold_gain":75,"player_choice":"Gather Gold","damage_taken":11,"max_hp_gain":0,"max_hp_loss":0,"event_name":"World of Goop","floor":3,"gold_loss":0},{"damage_healed":0,"gold_gain":0,"player_choice":"Take Wound","damage_taken":0,"relics_obtained":["Golden Idol"],"max_hp_gain":0,"max_hp_loss":0,"event_name":"Golden Idol","floor":5,"gold_loss":0,"cards_obtained":["Injury"]},{"damage_healed":0,"gold_gain":0,"player_choice":"Fought Mushrooms","damage_taken":0,"max_hp_gain":0,"max_hp_loss":0,"event_name":"Mushrooms","floor":12,"gold_loss":0},{"cards_removed":["Injury"],"damage_healed":0,"gold_gain":0,"player_choice":"Purged","damage_taken":0,"max_hp_gain":0,"max_hp_loss":0,"event_name":"Purifier","floor":14,"gold_loss":0},{"damage_healed":0,"gold_gain":0,"player_choice":"Relic","damage_taken":0,"max_hp_gain":0,"max_hp_loss":0,"event_name":"Wheel of Change","floor":21,"gold_loss":0}],"is_beta":false,"boss_relics":[{"not_picked":["Philosopher\u0027s Stone","Snecko Eye"],"picked":"Tiny House"}],"items_purged_floors":[],"is_endless":false,"potions_floor_spawned":[2,10,12,16,18,19],"killed_by":"Centurion and Healer","ascension_level":13}