{"gold_per_floor":[114,114,133,149,169,169,199,199,225,225,195,195,258,268,268,371,371,385,413,513,103,103,103,122,122,122,122,122,195,211,238,238,342,342,360,460,235,255,273,273,284,244,244,260,276,292,292,320,320,320,320,320,38,63,63],"floor_reached":56,"playtime":6346,"items_purged":["Strike_G","Bite"],"score":1464,"play_id":"c60d06e2-d4ee-4586-b54d-e56444236219","local_time":"20190426230834","is_ascension_mode":true,"campfire_choices":[{"data":"Noxious Fumes","floor":6,"key":"SMITH"},{"data":"Cloak And Dagger","floor":8,"key":"SMITH"},{"floor":10,"key":"REST"},{"floor":15,"key":"REST"},{"floor":23,"key":"REST"},{"data":"1","floor":25,"key":"LIFT"},{"floor":28,"key":"REST"},{"data":"2","floor":32,"key":"LIFT"},{"data":"Night Terror","floor":40,"key":"SMITH"},{"floor":47,"key":"RECALL"},{"data":"Adrenaline","floor":49,"key":"SMITH"},{"data":"Well Laid Plans","floor":52,"key":"SMITH"}],"neow_cost":"PERCENT_DAMAGE","seed_source_timestamp":1342457743422900,"circlet_count":0,"master_deck":["Defend_G","Defend_G","Defend_G","Defend_G","Defend_G","Survivor","Neutralize","Dodge and Roll","Noxious Fumes+1","Leg Sweep","After Image","Cloak And Dagger+1","Noxious Fumes+1","Quick Slash+1","Cloak And Dagger","Night Terror+1","Crippling Poison","Heel Hook","Dodge and Roll","Well Laid Plans+1","Backflip","Bite","Bite","Bite+1","Corpse Explosion","Wraith Form v2+1","Blade Dance+1","After Image","PiercingWail","Adrenaline+1","Acrobatics+1","Distraction+1","Wraith Form v2","Doppelganger"],"relics":["Ring of the Snake","Ice Cream","Omamori","Vajra","Potion Belt","Calling Bell","PreservedInsect","Paper Crane","Dead Branch","Red Mask","Pocketwatch","Shuriken","Membership Card","Girya","Bottled Lightning","Singing Bowl","Bottled Flame","Empty Cage","Bird Faced Urn","DollysMirror","Whetstone","Molten Egg 2","Cauldron","Strawberry","Ginger"],"potions_floor_usage":[16,19,20,20,33,48,50,50,50,55,55,55],"damage_taken":[{"damage":0,"enemies":"Cultist","floor":1,"turns":4},{"damage":0,"enemies":"2 Louse","floor":3,"turns":4},{"damage":0,"enemies":"Jaw Worm","floor":4,"turns":5},{"damage":0,"enemies":"Large Slime","floor":5,"turns":8},{"damage":29,"enemies":"Gremlin Nob","floor":7,"turns":7},{"damage":0,"enemies":"Looter","floor":11,"turns":4},{"damage":17,"enemies":"Gremlin Nob","floor":13,"turns":5},{"damage":11,"enemies":"2 Fungi Beasts","floor":14,"turns":3},{"damage":22,"enemies":"The Guardian","floor":16,"turns":9},{"damage":0,"enemies":"Shell Parasite","floor":18,"turns":6},{"damage":32,"enemies":"Masked Bandits","floor":19,"turns":6},{"damage":6,"enemies":"Colosseum Slavers","floor":20,"turns":6},{"damage":9,"enemies":"Colosseum Nobs","floor":20,"turns":4},{"damage":0,"enemies":"Chosen","floor":24,"turns":5},{"damage":16,"enemies":"Snake Plant","floor":30,"turns":5},{"damage":12,"enemies":"Gremlin Leader","floor":31,"turns":5},{"damage":39,"enemies":"Automaton","floor":33,"turns":11},{"damage":5,"enemies":"3 Shapes","floor":35,"turns":4},{"damage":0,"enemies":"Mind Bloom Boss Battle","floor":36,"turns":8},{"damage":12,"enemies":"3 Darklings","floor":38,"turns":7},{"damage":17,"enemies":"Writhing Mass","floor":39,"turns":9},{"damage":42,"enemies":"Maw","floor":41,"turns":9},{"damage":0,"enemies":"Sphere and 2 Shapes","floor":44,"turns":5},{"damage":8,"enemies":"Transient","floor":45,"turns":5},{"damage":0,"enemies":"Maw","floor":46,"turns":9},{"damage":24,"enemies":"Reptomancer","floor":48,"turns":9},{"damage":39,"enemies":"Donu and Deca","floor":50,"turns":7},{"damage":9,"enemies":"Shield and Spear","floor":54,"turns":7},{"damage":59,"enemies":"The Heart","floor":55,"turns":16}],"seed_played":"1296461801641033119","potions_obtained":[{"floor":1,"key":"SkillPotion"},{"floor":5,"key":"Weak Potion"},{"floor":13,"key":"Strength Potion"},{"floor":16,"key":"Fire Potion"},{"floor":19,"key":"Block Potion"},{"floor":20,"key":"Weak Potion"},{"floor":24,"key":"Block Potion"},{"floor":33,"key":"Fire Potion"},{"floor":35,"key":"Swift Potion"},{"floor":39,"key":"Energy Potion"},{"floor":53,"key":"Ancient Potion"},{"floor":53,"key":"Dexterity Potion"},{"floor":53,"key":"SkillPotion"},{"floor":53,"key":"Weak Potion"}],"is_trial":false,"path_per_floor":["M","?","M","M","M","R","E","R","T","R","M","?","?","M","R","B",null,"M","?","?","$","?","R","M","R","T","?","R","T","M","E","R","B",null,"M","?","$","M","M","R","M","?","T","M","M","M","R","E","R","B",null,"R","$","E","B",null],"character_chosen":"THE_SILENT","items_purchased":["Membership Card","Girya","Well Laid Plans","DollysMirror","Whetstone","Cauldron","Wraith Form v2","Strawberry","Doppelganger"],"campfire_rested":4,"item_purchase_floors":[21,21,21,37,37,53,53,53,53],"current_hp_per_floor":[45,50,50,50,50,50,21,21,21,43,43,43,26,15,37,15,60,60,28,13,13,4,26,26,26,26,26,41,41,35,31,31,6,40,41,47,47,50,43,43,23,23,23,35,41,59,59,52,52,27,51,51,58,68,35],"gold":63,"neow_bonus":"ONE_RARE_RELIC","is_prod":false,"is_daily":false,"chose_seed":false,"campfire_upgraded":5,"win_rate":0,"timestamp":1556345314,"path_taken":["M","?","M","M","M","R","E","R","T","R","M","?","?","M","R","BOSS","M","?","?","$","?","R","M","R","T","?","R","?","?","E","R","BOSS","M","?","$","M","M","R","M","?","T","M","M","?","R","E","R","BOSS","R","$","E","BOSS"],"build_version":"2019-01-23","purchased_purges":2,"victory":true,"max_hp_per_floor":[70,75,75,75,75,75,75,75,75,75,75,75,75,75,75,75,75,75,75,75,75,75,75,75,75,75,52,52,52,54,54,54,54,51,53,53,53,53,55,55,57,57,57,57,57,59,59,59,59,59,59,59,66,68,68],"card_choices":[{"not_picked":["Endless Agony","Bane"],"picked":"Dodge and Roll","floor":1},{"not_picked":["Prepared","Cloak And Dagger"],"picked":"Noxious Fumes","floor":3},{"not_picked":["Backflip","Sucker Punch"],"picked":"Leg Sweep","floor":4},{"not_picked":["Flying Knee","Slice"],"picked":"After Image","floor":5},{"not_picked":["Sucker Punch","Prepared"],"picked":"Cloak And Dagger","floor":7},{"not_picked":["Cloak And Dagger","Calculated Gamble"],"picked":"Noxious Fumes","floor":11},{"not_picked":["Leg Sweep","Prepared"],"picked":"Quick Slash","floor":13},{"not_picked":["Slice","All Out Attack"],"picked":"Cloak And Dagger","floor":14},{"not_picked":["Tools of the Trade","Doppelganger"],"picked":"Night Terror","floor":16},{"not_picked":["Concentrate","Slice"],"picked":"Crippling Poison","floor":18},{"not_picked":["Prepared","All Out Attack+1"],"picked":"Heel Hook","floor":19},{"not_picked":["Crippling Poison","Backflip+1"],"picked":"Dodge and Roll","floor":20},{"not_picked":["Escape Plan","Bane"],"picked":"Backflip","floor":24},{"not_picked":["Masterful Stab","Backflip","Poisoned Stab"],"picked":"Singing Bowl","floor":30},{"not_picked":["Deadly Poison","Outmaneuver"],"picked":"Corpse Explosion","floor":31},{"not_picked":["Venomology","Unload"],"picked":"Wraith Form v2","floor":33},{"not_picked":["Infinite Blades","Caltrops+1","Dodge and Roll"],"picked":"Singing Bowl","floor":35},{"not_picked":["Predator+1","Distraction"],"picked":"Blade Dance+1","floor":36},{"not_picked":["Terror","Riddle With Holes+1"],"picked":"PiercingWail","floor":38},{"not_picked":["Poisoned Stab+1","Underhanded Strike","PiercingWail+1"],"picked":"Singing Bowl","floor":39},{"not_picked":["Deflect","Outmaneuver","Infinite Blades+1"],"picked":"Singing Bowl","floor":41},{"not_picked":["Backflip+1","Setup"],"picked":"Adrenaline","floor":44},{"not_picked":["Reflex","Flechettes"],"picked":"Acrobatics+1","floor":45},{"not_picked":["Blur","Expertise+1","Blade Dance+1"],"picked":"Singing Bowl","floor":46},{"not_picked":["Leg Sweep","Bane+1"],"picked":"Distraction+1","floor":48},{"not_picked":["Dodge and Roll","Masterful Stab+1","Underhanded Strike+1"],"picked":"Singing Bowl","floor":54}],"player_experience":382412,"relics_obtained":[{"floor":7,"key":"Omamori"},{"floor":9,"key":"Vajra"},{"floor":13,"key":"Potion Belt"},{"floor":17,"key":"PreservedInsect"},{"floor":17,"key":"Paper Crane"},{"floor":17,"key":"Dead Branch"},{"floor":19,"key":"Red Mask"},{"floor":20,"key":"Pocketwatch"},{"floor":20,"key":"Shuriken"},{"floor":26,"key":"Bottled Lightning"},{"floor":29,"key":"Singing Bowl"},{"floor":31,"key":"Bottled Flame"},{"floor":36,"key":"Bird Faced Urn"},{"floor":48,"key":"Molten Egg 2"},{"floor":54,"key":"Ginger"}],"event_choices":[{"damage_healed":0,"gold_gain":0,"player_choice":"Donut","damage_taken":0,"max_hp_gain":5,"max_hp_loss":0,"event_name":"Big Fish","floor":2,"gold_loss":0},{"damage_healed":0,"gold_gain":0,"player_choice":"Grow","damage_taken":0,"max_hp_gain":0,"max_hp_loss":0,"event_name":"Living Wall","floor":12,"gold_loss":0,"cards_upgraded":["Noxious Fumes"]},{"damage_healed":0,"gold_gain":0,"player_choice":"Searched \u00271\u0027 times","damage_taken":0,"max_hp_gain":0,"max_hp_loss":0,"event_name":"Dead Adventurer","floor":13,"gold_loss":0},{"damage_healed":0,"gold_gain":0,"player_choice":"Fought Bandits","damage_taken":0,"max_hp_gain":0,"max_hp_loss":0,"event_name":"Masked Bandits","floor":19,"gold_loss":0},{"damage_healed":0,"gold_gain":0,"player_choice":"Fight","damage_taken":0,"max_hp_gain":0,"max_hp_loss":0,"event_name":"Colosseum","floor":20,"gold_loss":0},{"damage_healed":0,"gold_gain":0,"player_choice":"Fought Nobs","damage_taken":0,"max_hp_gain":0,"max_hp_loss":0,"event_name":"Colosseum","floor":20,"gold_loss":0},{"damage_healed":0,"gold_gain":0,"player_choice":"Stopped","damage_taken":9,"max_hp_gain":0,"max_hp_loss":0,"event_name":"Cursed Tome","floor":22,"gold_loss":0},{"damage_healed":0,"gold_gain":0,"player_choice":"Became a vampire","damage_taken":0,"max_hp_gain":0,"max_hp_loss":23,"event_name":"Vampires","floor":27,"gold_loss":0,"cards_obtained":["Bite","Bite","Bite","Bite","Bite"]},{"damage_healed":0,"gold_gain":0,"player_choice":"Fight","damage_taken":0,"max_hp_gain":0,"max_hp_loss":0,"event_name":"MindBloom","floor":36,"gold_loss":0},{"damage_healed":0,"gold_gain":0,"player_choice":"Upgrade","damage_taken":0,"max_hp_gain":0,"max_hp_loss":0,"event_name":"Designer","floor":42,"gold_loss":40,"cards_upgraded":["Wraith Form v2"]}],"is_beta":false,"boss_relics":[{"not_picked":["Black Star","HoveringKite"],"picked":"Calling Bell"},{"not_picked":["Velvet Choker","Orrery"],"picked":"Empty Cage"}],"items_purged_floors":[21,37],"is_endless":false,"potions_floor_spawned":[1,5,13,16,19,20,24,33,35,39,46,54],"ascension_level":6}