{"gold_per_floor":[117,42,60,112,129,154,169,169,169,204,204,204,238,250,250,347,347,366,366,366,377,377,377,389,389,440,497,520,544,564,580,580,678,678,697,712,725,601,601,630,630,40,66,66,66,101,101,112,112,112],"floor_reached":51,"playtime":2813,"items_purged":["Strike_R","Bite"],"score":840,"play_id":"47f63c3c-b48a-40df-9ff1-0205b7673cd1","local_time":"20190402230326","is_ascension_mode":true,"campfire_choices":[{"data":"Double Tap","floor":8,"key":"SMITH"},{"data":"Immolate","floor":12,"key":"SMITH"},{"data":"True Grit","floor":15,"key":"SMITH"},{"data":"Clothesline","floor":23,"key":"SMITH"},{"data":"Shrug It Off","floor":25,"key":"SMITH"},{"data":"Shrug It Off","floor":32,"key":"SMITH"},{"floor":47,"key":"REST"},{"floor":49,"key":"REST"}],"neow_cost":"PERCENT_DAMAGE","seed_source_timestamp":178746828315400,"circlet_count":0,"master_deck":["Defend_R+1","Defend_R+1","Defend_R+1","Defend_R+1","Bash","Headbutt","Clothesline+1","Shrug It Off+1","Double Tap+1","Shrug It Off+1","Immolate+1","Flex","True Grit+1","Reaper","Clothesline+1","Dual Wield+1","Bite","Bite","Bite","Bite","Feel No Pain+1","Bludgeon","Dark Embrace","Demon Form","True Grit","Heavy Blade","Parasite","Blood for Blood+1"],"relics":["Burning Blood","StoneCalendar","Sundial","Pantograph","CultistMask","Bird Faced Urn","Snecko Eye","Boot","Tiny Chest","Centennial Puzzle","Juzu Bracelet","Fusion Hammer","Happy Flower","Self Forming Clay","Orichalcum","Bottled Flame","PreservedInsect","Pen Nib"],"potions_floor_usage":[13,40,50],"damage_taken":[{"damage":3,"enemies":"2 Louse","floor":1,"turns":4},{"damage":6,"enemies":"Small Slimes","floor":3,"turns":4},{"damage":0,"enemies":"Cultist","floor":5,"turns":3},{"damage":11,"enemies":"Gremlin Nob","floor":6,"turns":5},{"damage":6,"enemies":"Looter","floor":7,"turns":4},{"damage":26,"enemies":"3 Sentries","floor":10,"turns":7},{"damage":6,"enemies":"Gremlin Nob","floor":13,"turns":4},{"damage":14,"enemies":"Large Slime","floor":14,"turns":6},{"damage":21,"enemies":"The Guardian","floor":16,"turns":10},{"damage":3,"enemies":"Chosen","floor":18,"turns":3},{"damage":0,"enemies":"Spheric Guardian","floor":21,"turns":1},{"damage":6,"enemies":"Snake Plant","floor":24,"turns":3},{"damage":42,"enemies":"Book of Stabbing","floor":27,"turns":8},{"damage":0,"enemies":"Snecko","floor":30,"turns":3},{"damage":0,"enemies":"3 Cultists","floor":31,"turns":1},{"damage":51,"enemies":"Automaton","floor":33,"turns":9},{"damage":11,"enemies":"3 Shapes","floor":35,"turns":2},{"damage":0,"enemies":"Orb Walker","floor":36,"turns":4},{"damage":43,"enemies":"Maw","floor":37,"turns":7},{"damage":65,"enemies":"Giant Head","floor":40,"turns":9},{"damage":0,"enemies":"Reptomancer","floor":46,"turns":2},{"damage":10,"enemies":"Writhing Mass","floor":48,"turns":6},{"damage":67,"enemies":"Time Eater","floor":50,"turns":10}],"seed_played":"-5951287060409439137","potions_obtained":[{"floor":1,"key":"BloodPotion"},{"floor":3,"key":"BloodPotion"},{"floor":6,"key":"SteroidPotion"},{"floor":13,"key":"GamblersBrew"},{"floor":37,"key":"EssenceOfSteel"}],"is_trial":false,"path_per_floor":["M","$","M","?","M","E","M","R","T","E","?","R","E","M","R","B",null,"M","?","?","M","?","R","M","R","T","E","T","T","M","M","R","B",null,"M","M","M","?","T","E","?","$","T","$","?","E","R","M","R","B",null],"character_chosen":"IRONCLAD","items_purchased":["Demon Form","Bottled Flame","True Grit","Strength Potion"],"campfire_rested":2,"item_purchase_floors":[42,42,42,42],"current_hp_per_floor":[59,59,59,59,65,60,62,62,62,44,44,44,46,40,40,52,80,80,80,65,73,73,73,77,77,77,53,53,53,65,71,71,58,85,80,85,68,68,68,41,41,41,41,41,41,51,76,80,85,40],"gold":112,"neow_bonus":"ONE_RARE_RELIC","is_prod":false,"is_daily":false,"chose_seed":false,"campfire_upgraded":6,"win_rate":0,"timestamp":1554271406,"path_taken":["M","$","M","?","M","E","M","R","T","E","?","R","E","?","R","BOSS","M","?","?","M","?","R","M","R","T","E","?","?","M","M","R","BOSS","M","M","M","?","?","E","?","$","T","?","?","E","R","M","R","BOSS"],"build_version":"2019-01-23","purchased_purges":2,"victory":true,"max_hp_per_floor":[80,80,80,80,80,80,80,80,80,80,80,80,80,80,80,80,80,80,80,85,85,85,85,85,85,85,85,85,85,85,85,85,85,85,85,85,85,85,85,85,85,85,85,85,85,85,85,85,85,85],"card_choices":[{"not_picked":["Evolve","Cleave"],"picked":"Headbutt","floor":1},{"not_picked":["Dropkick","Flex"],"picked":"Clothesline","floor":3},{"not_picked":["Sword Boomerang","Blood for Blood"],"picked":"Shrug It Off","floor":5},{"not_picked":["Warcry","Clash"],"picked":"Double Tap","floor":6},{"not_picked":["Clothesline","Anger"],"picked":"Shrug It Off","floor":7},{"not_picked":["Shrug It Off","Spot Weakness"],"picked":"Immolate","floor":10},{"not_picked":["Sword Boomerang","Dual Wield"],"picked":"Flex","floor":13},{"not_picked":["Heavy Blade","Rampage"],"picked":"True Grit","floor":14},{"not_picked":["Juggernaut","Dark Embrace"],"picked":"Reaper","floor":16},{"not_picked":["Whirlwind","Iron Wave"],"picked":"Clothesline+1","floor":18},{"not_picked":["True Grit","Twin Strike+1"],"picked":"Dual Wield+1","floor":21},{"not_picked":["Warcry+1","Brutality"],"picked":"Feel No Pain+1","floor":24},{"not_picked":["Warcry","Clothesline","Shrug It Off"],"picked":"SKIP","floor":27},{"not_picked":["Pommel Strike","Pummel","Twin Strike"],"picked":"SKIP","floor":30},{"not_picked":["Reckless Charge","Shrug It Off","Headbutt"],"picked":"SKIP","floor":31},{"not_picked":["Limit Break","Barricade"],"picked":"Bludgeon","floor":33},{"not_picked":["Searing Blow","Clothesline+1","Havoc"],"picked":"SKIP","floor":35},{"not_picked":["Body Slam+1","Uppercut","Havoc+1"],"picked":"SKIP","floor":36},{"not_picked":["Sword Boomerang+1","Warcry","Havoc"],"picked":"SKIP","floor":37},{"not_picked":["Infernal Blade+1","Intimidate+1"],"picked":"Dark Embrace","floor":40},{"not_picked":["Rampage+1","Armaments"],"picked":"Heavy Blade","floor":46},{"not_picked":["Anger","Metallicize+1"],"picked":"Blood for Blood+1","floor":48}],"player_experience":262688,"relics_obtained":[{"floor":6,"key":"Blood Vial"},{"floor":9,"key":"Sundial"},{"floor":10,"key":"Pantograph"},{"floor":13,"key":"Bird Faced Urn"},{"floor":26,"key":"Boot"},{"floor":27,"key":"Tiny Chest"},{"floor":28,"key":"Centennial Puzzle"},{"floor":29,"key":"Juzu Bracelet"},{"floor":39,"key":"Self Forming Clay"},{"floor":40,"key":"Orichalcum"},{"floor":43,"key":"PreservedInsect"},{"floor":46,"key":"Pen Nib"}],"event_choices":[{"damage_healed":0,"gold_gain":52,"player_choice":"Gained Gold","damage_taken":0,"max_hp_gain":0,"max_hp_loss":0,"event_name":"Golden Wing","floor":4,"gold_loss":0},{"damage_healed":0,"gold_gain":0,"player_choice":"Trade","damage_taken":0,"relics_obtained":["CultistMask"],"max_hp_gain":0,"max_hp_loss":0,"event_name":"FaceTrader","floor":11,"gold_loss":0},{"damage_healed":0,"gold_gain":0,"player_choice":"Simplicity","damage_taken":0,"max_hp_gain":0,"max_hp_loss":0,"event_name":"Back to Basics","floor":19,"gold_loss":0,"cards_upgraded":["Strike_R","Strike_R","Strike_R","Strike_R","Defend_R","Defend_R","Defend_R","Defend_R"]},{"damage_healed":0,"gold_gain":0,"player_choice":"Shed Blood","damage_taken":20,"max_hp_gain":5,"max_hp_loss":0,"event_name":"Forgotten Altar","floor":20,"gold_loss":0},{"damage_healed":0,"gold_gain":0,"player_choice":"Became a vampire (Vial)","damage_taken":0,"max_hp_gain":0,"max_hp_loss":0,"event_name":"Vampires","floor":22,"relics_lost":["Blood Vial"],"gold_loss":0,"cards_obtained":["Bite","Bite","Bite","Bite","Bite"]},{"damage_healed":0,"gold_gain":0,"player_choice":"Paid Gold","damage_taken":0,"relics_obtained":["Happy Flower"],"max_hp_gain":0,"max_hp_loss":0,"event_name":"WeMeetAgain","floor":38,"gold_loss":124},{"damage_healed":0,"gold_gain":0,"player_choice":"Ignored","damage_taken":0,"max_hp_gain":0,"max_hp_loss":0,"event_name":"The Moai Head","floor":41,"gold_loss":0},{"damage_healed":0,"gold_gain":0,"player_choice":"Ignored","damage_taken":0,"max_hp_gain":0,"max_hp_loss":0,"event_name":"Mysterious Sphere","floor":45,"gold_loss":0}],"is_beta":false,"boss_relics":[{"not_picked":["Ectoplasm","Cursed Key"],"picked":"Snecko Eye"},{"not_picked":["Runic Dome","Runic Pyramid"],"picked":"Fusion Hammer"}],"items_purged_floors":[2,42],"is_endless":false,"potions_floor_spawned":[1,3,6,10,13,21,24,30,36,37,46],"ascension_level":2}