{"path_per_floor":["M","M","M","M","?","R","M","M","T","$","M","$","E","?","R","B",null,"M","M","$","?","M","R","M"],"character_chosen":"IRONCLAD","items_purchased":["Dark Embrace","Warcry","Flame Barrier","Clothesline","Metallicize"],"gold_per_floor":[115,127,142,153,153,153,166,184,184,116,132,37,70,170,170,265,265,280,297,192,192,212,212,225],"floor_reached":25,"campfire_rested":3,"playtime":2191,"current_hp_per_floor":[80,80,70,69,74,85,84,85,85,85,81,81,67,67,85,35,85,67,69,69,54,27,54,63],"items_purged":[],"gold":225,"play_id":"7d441bd7-b8b8-4d93-92eb-90c4d0597b84","is_prod":false,"is_daily":false,"is_ascension_mode":false,"campfire_upgraded":0,"path_taken":["M","M","M","M","?","R","M","M","T","$","M","$","E","?","R","BOSS","M","M","$","?","M","R","M","E"],"build_version":"2018-02-01-PROD1","purchased_purges":0,"victory":false,"master_deck":["Strike_R","Strike_R","Strike_R","Strike_R","Strike_R","Defend_R","Defend_R","Defend_R","Defend_R","Bash+1","Whirlwind","Body Slam","Pommel Strike","Whirlwind","Rage","Flex","Dark Embrace","Dual Wield","Warcry","Flame Barrier","Demon Form","Demon Form","Shrug It Off","Metallicize","Clothesline","Metallicize","Intimidate+1","Twin Strike+1"],"max_hp_per_floor":[80,80,80,80,85,85,85,85,85,85,85,85,85,85,85,85,85,85,85,85,90,90,90,90],"relics":["Burning Blood","Meat on the Bone","Bag of Preparation","Lizard Tail"],"card_choices":[{"not_picked":["Clash","Combust"],"picked":"Whirlwind"},{"not_picked":["Clash","Bludgeon"],"picked":"Body Slam"},{"not_picked":["Body Slam","Clothesline"],"picked":"Pommel Strike"},{"not_picked":["Spot Weakness","Perfected Strike"],"picked":"Whirlwind"},{"not_picked":["Headbutt","Pommel Strike"],"picked":"Rage"},{"not_picked":["Clash","Blood for Blood"],"picked":"Flex"},{"not_picked":["Power Through","Dropkick"],"picked":"Dual Wield"},{"not_picked":["Whirlwind","Thunderclap"],"picked":"Demon Form"},{"not_picked":["Fiend Fire","Double Tap"],"picked":"Demon Form"},{"not_picked":["Shockwave","Cleave"],"picked":"Shrug It Off"},{"not_picked":["Shrug It Off","Warcry"],"picked":"Metallicize"},{"not_picked":["Hemokinesis","Cleave"],"picked":"Intimidate"},{"not_picked":["Rage","True Grit"],"picked":"Twin Strike"}],"player_experience":29106,"potions_floor_usage":[13,16,16,24],"damage_taken":[{"damage":5,"enemies":"Small Slimes","floor":1,"turns":4},{"damage":0,"enemies":"2 Louse","floor":2,"turns":1},{"damage":16,"enemies":"Blue Slaver","floor":3,"turns":5},{"damage":7,"enemies":"3 Louse","floor":4,"turns":5},{"damage":7,"enemies":"Exordium Wildlife","floor":7,"turns":3},{"damage":5,"enemies":"Large Slime","floor":8,"turns":8},{"damage":10,"enemies":"Looter","floor":11,"turns":3},{"damage":20,"enemies":"Gremlin Nob","floor":13,"turns":4},{"damage":68,"enemies":"The Guardian","floor":16,"turns":12},{"damage":24,"enemies":"Chosen","floor":18,"turns":6},{"damage":4,"enemies":"3 Byrds","floor":19,"turns":6},{"damage":45,"enemies":"Snecko","floor":22,"turns":8},{"damage":68,"enemies":"Cultist and Chosen","floor":24,"turns":8},{"damage":65,"enemies":"Slavers","floor":25,"turns":5}],"event_choices":[{"event_name":"Big Fish","player_choice":"Donut","floor":5,"damage_taken":0},{"event_name":"Golden Shrine","player_choice":"Pray","floor":14,"damage_taken":0},{"event_name":"Forgotten Altar","player_choice":"Shed Blood","floor":21,"damage_taken":0}],"boss_relics":[{"not_picked":["Cursed Key","Mark of Pain"],"picked":"Lizard Tail"}],"potions_floor_spawned":[2,4,7,8,11,19,22,24],"seed_played":"6630733331503883951","killed_by":"Slavers","ascension_level":0,"is_trial":false}