{"gold_per_floor":[109,284,21,21,21,59,59,90,90,90,131,131,152,115,115,236,236,257,257,271,38,61,61,92,92,139,139,139,178,201,222,222,343,343,361,385,718,718,736,736,750,750,750,779,779,779,804,824,824,824],"floor_reached":50,"playtime":2050,"items_purged":["Regret"],"score":1056,"play_id":"d7c9c695-c27f-4ce3-8c76-53d3aff6e026","local_time":"20190202114136","is_ascension_mode":true,"campfire_choices":[{"floor":7,"key":"REST"},{"floor":12,"key":"REST"},{"floor":15,"key":"REST"},{"floor":23,"key":"REST"},{"floor":25,"key":"REST"},{"floor":32,"key":"REST"},{"floor":40,"key":"REST"},{"floor":46,"key":"REST"},{"floor":49,"key":"REST"}],"neow_cost":"CURSE","seed_source_timestamp":840868149245700,"circlet_count":0,"master_deck":["AscendersBane","Defend_R","Defend_R","Defend_R","Defend_R","Bash","Rampage","Doubt","Feel No Pain","Injury","Pain","Flex","Power Through","Anger","Corruption","Limit Break","Bandage Up","Entrench+1","Bite","Bite","Bite","Bite","Bite","Body Slam","Shrug It Off+1","Madness","Madness","Decay","Seeing Red+1","Writhe"],"relics":["Burning Blood","Dead Branch","PreservedInsect","WarpedTongs","Mercury Hourglass","Du-Vu Doll","Gremlin Horn","Busted Crown","Bronze Scales","Bottled Lightning","Bag of Preparation","Oddly Smooth Stone","Cursed Key","Boot","Unceasing Top","Sundial","Pear"],"potions_floor_usage":[8,19,19,19,22,44,48,48,50],"damage_taken":[{"damage":5,"enemies":"Small Slimes","floor":1,"turns":5},{"damage":11,"enemies":"Gremlin Nob","floor":6,"turns":4},{"damage":43,"enemies":"Lagavulin","floor":8,"turns":6},{"damage":19,"enemies":"3 Sentries","floor":11,"turns":5},{"damage":0,"enemies":"2 Louse","floor":13,"turns":1},{"damage":6,"enemies":"Slime Boss","floor":16,"turns":5},{"damage":20,"enemies":"3 Byrds","floor":18,"turns":3},{"damage":29,"enemies":"Colosseum Slavers","floor":19,"turns":3},{"damage":10,"enemies":"Spheric Guardian","floor":20,"turns":3},{"damage":11,"enemies":"Snake Plant","floor":22,"turns":2},{"damage":32,"enemies":"Slavers","floor":24,"turns":3},{"damage":18,"enemies":"Gremlin Leader","floor":29,"turns":4},{"damage":8,"enemies":"Snecko","floor":30,"turns":3},{"damage":12,"enemies":"Shelled Parasite and Fungi","floor":31,"turns":2},{"damage":28,"enemies":"Champ","floor":33,"turns":8},{"damage":40,"enemies":"Orb Walker","floor":35,"turns":4},{"damage":7,"enemies":"3 Shapes","floor":36,"turns":3},{"damage":42,"enemies":"Spire Growth","floor":39,"turns":4},{"damage":10,"enemies":"3 Darklings","floor":41,"turns":5},{"damage":27,"enemies":"Nemesis","floor":44,"turns":3},{"damage":28,"enemies":"Reptomancer","floor":47,"turns":4},{"damage":66,"enemies":"Writhing Mass","floor":48,"turns":5},{"damage":81,"enemies":"Time Eater","floor":50,"turns":7}],"seed_played":"-1326864937738117311","potions_obtained":[{"floor":1,"key":"SteroidPotion"},{"floor":11,"key":"GamblersBrew"},{"floor":16,"key":"Weak Potion"},{"floor":18,"key":"Poison Potion"},{"floor":20,"key":"Poison Potion"},{"floor":22,"key":"Poison Potion"},{"floor":36,"key":"Fire Potion"},{"floor":44,"key":"Poison Potion"},{"floor":47,"key":"BloodPotion"}],"is_trial":false,"path_per_floor":["M","?","$","?","?","E","R","E","T","$","E","R","M","$","R","B",null,"M","?","M","$","M","R","E","R","T","?","$","E","M","M","R","B",null,"M","M","?","?","M","R","M","?","T","E","T","R","E","M","R","B"],"character_chosen":"IRONCLAD","items_purchased":["PreservedInsect","Feel No Pain","Corruption","Bronze Scales","Bandage Up"],"campfire_rested":9,"item_purchase_floors":[3,3,14,21,21],"current_hp_per_floor":[73,73,73,73,73,68,80,43,43,43,32,56,64,64,80,80,80,66,45,43,43,40,64,40,64,64,64,64,67,67,73,80,78,80,52,59,59,59,35,59,74,64,64,54,54,78,74,29,56,0],"gold":824,"neow_bonus":"ONE_RARE_RELIC","is_prod":false,"is_daily":false,"chose_seed":false,"campfire_upgraded":0,"win_rate":0,"timestamp":1549104096,"path_taken":["M","?","$","?","?","E","R","E","T","$","E","R","M","$","R","BOSS","M","?","M","$","M","R","E","R","T","?","?","E","M","?","R","BOSS","M","M","?","?","M","R","M","?","T","E","?","R","E","?","R","BOSS"],"build_version":"2019-01-23","purchased_purges":1,"victory":false,"max_hp_per_floor":[80,80,80,80,80,80,80,80,80,80,80,80,80,80,80,80,80,80,80,80,80,80,80,80,80,80,80,80,80,80,80,80,80,80,80,80,80,80,80,80,80,80,80,80,80,80,90,90,90,90],"card_choices":[{"not_picked":["Pommel Strike","Headbutt"],"picked":"Rampage","floor":1},{"not_picked":["Twin Strike","Body Slam"],"picked":"Flex","floor":6},{"not_picked":["Second Wind","Twin Strike"],"picked":"Power Through","floor":8},{"not_picked":["Perfected Strike","Bludgeon","Clothesline"],"picked":"SKIP","floor":11},{"not_picked":["Blood for Blood","Wild Strike"],"picked":"Anger","floor":13},{"not_picked":["Barricade","Berserk"],"picked":"Limit Break","floor":16},{"not_picked":["Perfected Strike"],"picked":"SKIP","floor":18},{"not_picked":["Clash+1"],"picked":"SKIP","floor":20},{"not_picked":["Corruption"],"picked":"SKIP","floor":22},{"not_picked":[],"picked":"Entrench+1","floor":24},{"not_picked":["Warcry+1"],"picked":"SKIP","floor":29},{"not_picked":["Headbutt"],"picked":"SKIP","floor":30},{"not_picked":["Cleave"],"picked":"SKIP","floor":31},{"not_picked":[],"picked":"Body Slam","floor":35},{"not_picked":[],"picked":"Shrug It Off+1","floor":36},{"not_picked":["Whirlwind"],"picked":"SKIP","floor":39},{"not_picked":["Pommel Strike+1"],"picked":"SKIP","floor":41},{"not_picked":[],"picked":"Seeing Red+1","floor":44},{"not_picked":["Power Through+1"],"picked":"SKIP","floor":47},{"not_picked":["Hemokinesis+1"],"picked":"SKIP","floor":48}],"player_experience":1391018,"relics_obtained":[{"floor":6,"key":"Mercury Hourglass"},{"floor":8,"key":"Blood Vial"},{"floor":9,"key":"Du-Vu Doll"},{"floor":11,"key":"Gremlin Horn"},{"floor":24,"key":"Bottled Lightning"},{"floor":26,"key":"Bag of Preparation"},{"floor":29,"key":"Oddly Smooth Stone"},{"floor":43,"key":"Boot"},{"floor":44,"key":"Unceasing Top"},{"floor":45,"key":"Sundial"},{"floor":47,"key":"Pear"}],"event_choices":[{"damage_healed":0,"gold_gain":175,"player_choice":"AGREE","damage_taken":0,"max_hp_gain":0,"max_hp_loss":0,"event_name":"Liars Game","floor":2,"gold_loss":0,"cards_obtained":["Doubt"]},{"damage_healed":0,"gold_gain":0,"player_choice":"Take Wound","damage_taken":0,"relics_obtained":["Golden Idol"],"max_hp_gain":0,"max_hp_loss":0,"event_name":"Golden Idol","floor":4,"gold_loss":0,"cards_obtained":["Injury"]},{"damage_healed":0,"gold_gain":0,"player_choice":"Rummage","damage_taken":0,"relics_obtained":["WarpedTongs"],"max_hp_gain":0,"max_hp_loss":0,"event_name":"Accursed Blacksmith","floor":5,"gold_loss":0,"cards_obtained":["Pain"]},{"damage_healed":0,"gold_gain":0,"player_choice":"Fight","damage_taken":0,"max_hp_gain":0,"max_hp_loss":0,"event_name":"Colosseum","floor":19,"gold_loss":0},{"damage_healed":0,"gold_gain":0,"player_choice":"Fled From Nobs","damage_taken":0,"max_hp_gain":0,"max_hp_loss":0,"event_name":"Colosseum","floor":19,"gold_loss":0},{"damage_healed":0,"gold_gain":0,"player_choice":"Became a vampire (Vial)","damage_taken":0,"max_hp_gain":0,"max_hp_loss":0,"event_name":"Vampires","floor":27,"relics_lost":["Blood Vial"],"gold_loss":0,"cards_obtained":["Bite","Bite","Bite","Bite","Bite"]},{"damage_healed":0,"gold_gain":333,"player_choice":"Gave Idol","damage_taken":0,"max_hp_gain":0,"max_hp_loss":0,"event_name":"The Moai Head","floor":37,"relics_lost":["Golden Idol"],"gold_loss":0},{"damage_healed":0,"gold_gain":0,"player_choice":"Ignored","damage_taken":0,"max_hp_gain":0,"max_hp_loss":0,"event_name":"Tomb of Lord Red Mask","floor":38,"gold_loss":0},{"damage_healed":0,"gold_gain":0,"player_choice":"Embrace Madness","damage_taken":10,"max_hp_gain":0,"max_hp_loss":0,"event_name":"Winding Halls","floor":42,"gold_loss":0,"cards_obtained":["Madness","Madness"]}],"is_beta":false,"boss_relics":[{"not_picked":["Runic Pyramid","Tiny House"],"picked":"Busted Crown"},{"not_picked":["Runic Cube","Eternal Feather"],"picked":"Cursed Key"}],"items_purged_floors":[3],"is_endless":false,"potions_floor_spawned":[1,11,16,18,20,22,36,44,47],"killed_by":"Time Eater","ascension_level":10}