{"gold_per_floor":[114,129,144,159,1,1,16,31,31,46,61,76,144,159,159,259,259,274,289,39,54,69,69,69,19,19,119,119,134,134],"floor_reached":30,"playtime":22097,"items_purged":[],"score":282,"play_id":"24785c55-1a49-4eeb-a5e5-e95bd92fa3fe","local_time":"20190103172939","daily_mods":["Specialized","Diverse","DeadlyEvents"],"is_ascension_mode":false,"campfire_choices":[{"data":"Backstab","floor":6,"key":"SMITH"},{"data":"Discovery","floor":15,"key":"SMITH"},{"data":"Distraction","floor":23,"key":"SMITH"}],"neow_cost":"","seed_source_timestamp":0,"circlet_count":0,"master_deck":["Strike_B","Strike_B","Strike_B","Strike_B","Defend_B","Defend_B","Defend_B","Defend_B","Zap","Dualcast","Shrug It Off","Shrug It Off","Shrug It Off","Shrug It Off","Shrug It Off","Cloak And Dagger","Cloak And Dagger","Acrobatics","Backstab+1","Dash","Discovery+1","Adrenaline","Blade Dance","Hologram","Go for the Eyes","Reflex","Wild Strike","Offering","Anger","Blade Dance+1","Discovery+1","Distraction+1","Anger","Buffer","Poisoned Stab+1"],"special_seed":17899,"relics":["Cracked Core","Sundial","Philosopher\u0027s Stone","DollysMirror","The Courier","Pocketwatch","Bottled Flame"],"potions_floor_usage":[8,16,16,19,21,22,24,27,30,30],"damage_taken":[{"damage":0,"enemies":"Jaw Worm","floor":1,"turns":3},{"damage":0,"enemies":"2 Louse","floor":2,"turns":3},{"damage":0,"enemies":"Small Slimes","floor":3,"turns":4},{"damage":0,"enemies":"Blue Slaver","floor":4,"turns":3},{"damage":2,"enemies":"Red Slaver","floor":7,"turns":2},{"damage":0,"enemies":"Large Slime","floor":8,"turns":5},{"damage":0,"enemies":"3 Louse","floor":10,"turns":2},{"damage":0,"enemies":"Red Slaver","floor":11,"turns":1},{"damage":0,"enemies":"2 Fungi Beasts","floor":12,"turns":3},{"damage":0,"enemies":"3 Louse","floor":14,"turns":2},{"damage":23,"enemies":"Slime Boss","floor":16,"turns":16},{"damage":0,"enemies":"Chosen","floor":18,"turns":3},{"damage":0,"enemies":"2 Thieves","floor":19,"turns":3},{"damage":0,"enemies":"Chosen and Byrds","floor":21,"turns":4},{"damage":0,"enemies":"Snake Plant","floor":22,"turns":4},{"damage":6,"enemies":"Cultist and Chosen","floor":24,"turns":6},{"damage":5,"enemies":"Colosseum Slavers","floor":27,"turns":4},{"damage":39,"enemies":"Colosseum Nobs","floor":27,"turns":5},{"damage":0,"enemies":"Snecko","floor":29,"turns":4},{"damage":29,"enemies":"Slavers","floor":30,"turns":2}],"seed_played":"6069031500032485637","potions_obtained":[{"floor":1,"key":"FocusPotion"},{"floor":4,"key":"Energy Potion"},{"floor":11,"key":"SkillPotion"},{"floor":12,"key":"Ancient Potion"},{"floor":16,"key":"Fire Potion"},{"floor":19,"key":"SmokeBomb"},{"floor":27,"key":"Strength Potion"},{"floor":29,"key":"Block Potion"}],"is_trial":false,"path_per_floor":["M","M","M","M","$","R","M","M","T","M","M","M","?","M","R","B",null,"M","M","$","M","M","R","M","$","T","?","?","M","E"],"character_chosen":"DEFECT","items_purchased":["Dash","Discovery","DollysMirror","Energy Potion","SteroidPotion"],"campfire_rested":0,"item_purchase_floors":[5,5,20,20,25],"current_hp_per_floor":[75,75,75,75,75,75,73,73,73,73,73,73,73,73,73,50,75,75,75,75,75,75,75,69,69,69,25,25,25,0],"gold":134,"neow_bonus":"","is_prod":false,"is_daily":true,"chose_seed":false,"campfire_upgraded":3,"win_rate":0,"timestamp":1546565379,"path_taken":["M","M","M","M","$","R","M","M","T","M","M","M","?","M","R","BOSS","M","M","$","M","M","R","M","$","T","?","?","M","E"],"build_version":"2018-12-20","purchased_purges":0,"victory":false,"max_hp_per_floor":[75,75,75,75,75,75,75,75,75,75,75,75,75,75,75,75,75,75,75,75,75,75,75,75,75,75,75,75,75,75],"card_choices":[{"not_picked":["Steam","Go for the Eyes"],"picked":"Cloak And Dagger","floor":1},{"not_picked":["Dropkick","Entrench"],"picked":"Cloak And Dagger","floor":2},{"not_picked":["Twin Strike","Scrape"],"picked":"Acrobatics","floor":3},{"not_picked":["Wild Strike","Glacier"],"picked":"Backstab","floor":4},{"not_picked":["Dropkick","Expertise"],"picked":"Adrenaline","floor":7},{"not_picked":["Steam","Sucker Punch"],"picked":"Blade Dance","floor":8},{"not_picked":["Slice","Twin Strike"],"picked":"Hologram","floor":10},{"not_picked":["Steam Power","Chaos"],"picked":"Go for the Eyes","floor":11},{"not_picked":["Acrobatics","Ball Lightning"],"picked":"Reflex","floor":12},{"not_picked":["Setup","Leap"],"picked":"Wild Strike","floor":14},{"not_picked":["Glass Knife","Impervious"],"picked":"Offering","floor":16},{"not_picked":["Cleave","Whirlwind"],"picked":"Anger","floor":18},{"not_picked":["Fusion","Dagger Throw"],"picked":"Blade Dance+1","floor":19},{"not_picked":["Prepared","Sucker Punch"],"picked":"Distraction","floor":21},{"not_picked":["Iron Wave","Dropkick"],"picked":"Anger","floor":22},{"not_picked":["Seeing Red","Quick Slash"],"picked":"Buffer","floor":27},{"not_picked":["Steam Power+1","Sweeping Beam"],"picked":"Poisoned Stab+1","floor":29}],"player_experience":375601,"relics_obtained":[{"floor":9,"key":"Sundial"},{"floor":26,"key":"The Courier"},{"floor":27,"key":"Pocketwatch"},{"floor":27,"key":"Bottled Flame"}],"event_choices":[{"damage_healed":0,"gold_gain":68,"player_choice":"Gained Gold","damage_taken":0,"max_hp_gain":0,"max_hp_loss":0,"event_name":"Golden Wing","floor":13,"gold_loss":0},{"damage_healed":0,"gold_gain":0,"player_choice":"Fight","damage_taken":0,"max_hp_gain":0,"max_hp_loss":0,"event_name":"Colosseum","floor":27,"gold_loss":0},{"damage_healed":0,"gold_gain":0,"player_choice":"Fought Nobs","damage_taken":0,"max_hp_gain":0,"max_hp_loss":0,"event_name":"Colosseum","floor":27,"gold_loss":0},{"damage_healed":0,"gold_gain":0,"player_choice":"Ignored","damage_taken":0,"max_hp_gain":0,"max_hp_loss":0,"event_name":"Beggar","floor":28,"gold_loss":0}],"is_beta":false,"boss_relics":[{"not_picked":["Tiny House","FrozenCore"],"picked":"Philosopher\u0027s Stone"}],"items_purged_floors":[],"is_endless":false,"potions_floor_spawned":[1,4,11,12,16,19,27,29],"killed_by":"Slavers","ascension_level":0}