{"gold_per_floor":[119,119,119,129,48,77,77,112,112,130,130,144,155,171,171,274,274,263,263,72,90,90,90,105,105,105,116,149,165,165,177,177,177],"floor_reached":33,"playtime":2191,"items_purged":[],"score":466,"play_id":"14f897e1-bfd3-4132-b517-492663e653c0","local_time":"20190416095420","is_ascension_mode":true,"campfire_choices":[{"data":"Infinite Blades","floor":7,"key":"SMITH"},{"floor":11,"key":"REST"},{"floor":15,"key":"REST"},{"floor":23,"key":"REST"},{"floor":25,"key":"REST"},{"floor":32,"key":"REST"}],"neow_cost":"NONE","seed_source_timestamp":404677218325471,"circlet_count":0,"master_deck":["Defend_G","Defend_G","Defend_G","Defend_G","Defend_G","Strike_G","Strike_G","Strike_G","Strike_G","Strike_G","Survivor+1","Neutralize","Crippling Poison","Endless Agony","Infinite Blades+1","Backflip+1","Blade Dance","Infinite Blades","Backflip","Noxious Fumes","Dodge and Roll","After Image","Blade Dance","Riddle With Holes","Bouncing Flask","Acrobatics","PiercingWail","Cloak And Dagger","Well Laid Plans","Crippling Poison","Backflip","Necronomicurse","Choke","Noxious Fumes","Malaise","Blade Dance+1","Backstab","After Image","Acrobatics+1","PiercingWail+1"],"relics":["Ring of the Snake","NeowsBlessing","Ninja Scroll","Matryoshka","Blood Vial","War Paint","Art of War","Orrery","Necronomicon","Orichalcum","Mummified Hand","Prayer Wheel"],"potions_floor_usage":[3,13,16,16,18,24,24],"damage_taken":[{"damage":0,"enemies":"Small Slimes","floor":1,"turns":1},{"damage":0,"enemies":"Cultist","floor":4,"turns":1},{"damage":0,"enemies":"Lagavulin","floor":6,"turns":1},{"damage":23,"enemies":"Gremlin Nob","floor":8,"turns":5},{"damage":0,"enemies":"2 Louse","floor":10,"turns":2},{"damage":6,"enemies":"Blue Slaver","floor":12,"turns":4},{"damage":13,"enemies":"Large Slime","floor":13,"turns":7},{"damage":0,"enemies":"Gremlin Gang","floor":14,"turns":5},{"damage":36,"enemies":"The Guardian","floor":16,"turns":13},{"damage":26,"enemies":"2 Thieves","floor":18,"turns":4},{"damage":2,"enemies":"Chosen","floor":21,"turns":6},{"damage":24,"enemies":"Snake Plant","floor":24,"turns":7},{"damage":0,"enemies":"Snecko","floor":27,"turns":3},{"damage":29,"enemies":"Book of Stabbing","floor":28,"turns":6},{"damage":19,"enemies":"Centurion and Healer","floor":29,"turns":6},{"damage":0,"enemies":"Cultist and Chosen","floor":31,"turns":4},{"damage":43,"enemies":"Champ","floor":33,"turns":11}],"seed_played":"-4606064108468221014","potions_obtained":[{"floor":1,"key":"Swift Potion"},{"floor":3,"key":"Fruit Juice"},{"floor":3,"key":"SpeedPotion"},{"floor":3,"key":"GamblersBrew"},{"floor":10,"key":"Weak Potion"},{"floor":14,"key":"SneckoOil"},{"floor":18,"key":"Weak Potion"},{"floor":27,"key":"Explosive Potion"}],"is_trial":false,"path_per_floor":["M","?","?","M","$","E","R","E","T","M","R","M","M","M","R","B",null,"M","?","$","M","?","R","M","R","T","M","E","M","?","M","R","B"],"character_chosen":"THE_SILENT","items_purchased":["Infinite Blades","Backflip","Regen Potion","Well Laid Plans","Crippling Poison"],"campfire_rested":5,"item_purchase_floors":[5,5,20,20,20],"current_hp_per_floor":[63,45,50,50,50,50,50,27,27,29,51,47,36,38,60,26,63,39,25,25,25,9,33,26,50,50,52,25,8,8,10,34,0],"gold":177,"neow_bonus":"THREE_ENEMY_KILL","is_prod":false,"is_daily":false,"chose_seed":false,"campfire_upgraded":1,"win_rate":0,"timestamp":1555433660,"path_taken":["M","?","?","M","$","E","R","E","T","?","R","M","M","M","R","BOSS","M","?","$","M","?","R","M","R","T","M","E","M","?","M","R","BOSS"],"build_version":"2019-01-23","purchased_purges":0,"victory":false,"max_hp_per_floor":[70,70,75,75,75,75,75,75,75,75,75,75,75,75,75,75,75,75,80,80,80,80,80,80,80,80,80,80,80,80,80,80,80],"card_choices":[{"not_picked":["Eviscerate","Concentrate"],"picked":"Crippling Poison","floor":1},{"not_picked":["Deadly Poison","Sucker Punch"],"picked":"Endless Agony","floor":4},{"not_picked":["Backflip","Catalyst"],"picked":"Blade Dance","floor":6},{"not_picked":["Deadly Poison","Storm of Steel"],"picked":"Infinite Blades","floor":8},{"not_picked":["Quick Slash","Catalyst","Poisoned Stab"],"picked":"SKIP","floor":10},{"not_picked":["Concentrate","Bane"],"picked":"Backflip","floor":12},{"not_picked":["Footwork","Bane"],"picked":"Noxious Fumes","floor":13},{"not_picked":["Quick Slash","Dagger Spray"],"picked":"Dodge and Roll","floor":14},{"not_picked":["Grand Finale","Adrenaline"],"picked":"After Image","floor":16},{"not_picked":["Flechettes","All Out Attack"],"picked":"Blade Dance","floor":17},{"not_picked":["Bane","Caltrops"],"picked":"Riddle With Holes","floor":17},{"not_picked":["Underhanded Strike","Acrobatics"],"picked":"Bouncing Flask","floor":17},{"not_picked":["Slice","Skewer"],"picked":"Acrobatics","floor":17},{"not_picked":["Flying Knee","Sucker Punch"],"picked":"PiercingWail","floor":17},{"not_picked":["Dodge and Roll+1","Finisher"],"picked":"Cloak And Dagger","floor":18},{"not_picked":["Acrobatics","Dagger Spray+1"],"picked":"Backflip","floor":21},{"not_picked":["Reflex+1","Predator"],"picked":"Choke","floor":24},{"not_picked":["Malaise","Bane"],"picked":"Noxious Fumes","floor":27},{"not_picked":["Escape Plan","Distraction"],"picked":"Malaise","floor":28},{"not_picked":["Endless Agony","Acrobatics"],"picked":"Blade Dance+1","floor":29},{"not_picked":["Catalyst","Backflip"],"picked":"Backstab","floor":29},{"not_picked":["Skewer","Caltrops"],"picked":"Acrobatics+1","floor":31},{"not_picked":["Deflect","Bullet Time"],"picked":"PiercingWail+1","floor":31}],"player_experience":1394436,"relics_obtained":[{"floor":6,"key":"Matryoshka"},{"floor":8,"key":"Blood Vial"},{"floor":9,"key":"War Paint"},{"floor":9,"key":"Art of War"},{"floor":22,"key":"Necronomicon"},{"floor":26,"key":"Orichalcum"},{"floor":26,"key":"Mummified Hand"},{"floor":28,"key":"Prayer Wheel"}],"event_choices":[{"damage_healed":0,"gold_gain":0,"player_choice":"Success","damage_taken":18,"relics_obtained":["Ninja Scroll"],"max_hp_gain":0,"max_hp_loss":0,"event_name":"Scrap Ooze","floor":2,"gold_loss":0},{"damage_healed":0,"gold_gain":0,"player_choice":"Got Potions","damage_taken":0,"max_hp_gain":0,"max_hp_loss":0,"event_name":"Lab","floor":3,"gold_loss":0},{"damage_healed":0,"gold_gain":0,"player_choice":"Shed Blood","damage_taken":19,"max_hp_gain":5,"max_hp_loss":0,"event_name":"Forgotten Altar","floor":19,"gold_loss":0},{"damage_healed":0,"gold_gain":0,"player_choice":"Obtained Book","damage_taken":16,"max_hp_gain":0,"max_hp_loss":0,"event_name":"Cursed Tome","floor":22,"gold_loss":0},{"damage_healed":0,"gold_gain":0,"player_choice":"Copied","damage_taken":0,"max_hp_gain":0,"max_hp_loss":0,"event_name":"Duplicator","floor":30,"gold_loss":0,"cards_obtained":["After Image"]}],"is_beta":false,"boss_relics":[{"not_picked":["Runic Dome","Eternal Feather"],"picked":"Orrery"}],"items_purged_floors":[],"is_endless":false,"potions_floor_spawned":[1,10,14,18,27],"killed_by":"Champ","ascension_level":9}