{"gold_per_floor":[117,27,41,41,64,64,107,107,107,141,141,165,22,47,47,167,167,167],"floor_reached":18,"playtime":889,"items_purged":[],"score":213,"play_id":"4a5932f2-7ab3-4417-ae79-4abc531f96b2","local_time":"20181027183701","is_ascension_mode":true,"campfire_choices":[{"data":"Discovery","floor":6,"key":"SMITH"},{"floor":8,"key":"REST"},{"floor":15,"key":"REST"}],"neow_cost":"NONE","seed_source_timestamp":250487114434400,"circlet_count":0,"master_deck":["Strike_B","Defend_B","Defend_B","Defend_B","Defend_B","Zap","Dualcast","Recycle","Discovery+1","Sweeping Beam","Injury","Leap","Chaos","White Noise","Self Repair","Biased Cognition","Rebound+1","Fission+1","Scrape+1"],"relics":["Cracked Core","Golden Idol","Blue Candle","Darkstone Periapt","Ginger","Oddly Smooth Stone","Astrolabe"],"potions_floor_usage":[7,16],"damage_taken":[{"damage":7,"enemies":"Jaw Worm","floor":1,"turns":3},{"damage":0,"enemies":"Small Slimes","floor":3,"turns":2},{"damage":4,"enemies":"2 Louse","floor":5,"turns":2},{"damage":35,"enemies":"3 Sentries","floor":7,"turns":6},{"damage":37,"enemies":"Lagavulin","floor":10,"turns":6},{"damage":4,"enemies":"Large Slime","floor":12,"turns":4},{"damage":0,"enemies":"Blue Slaver","floor":14,"turns":4},{"damage":36,"enemies":"The Guardian","floor":16,"turns":12},{"damage":79,"enemies":"Shell Parasite","floor":18,"turns":7}],"seed_played":"-913955446729461780","potions_obtained":[{"floor":1,"key":"Poison Potion"},{"floor":3,"key":"SpeedPotion"}],"is_trial":false,"path_per_floor":["M","$","M","?","M","R","E","R","T","E","?","M","$","M","R","B",null],"character_chosen":"DEFECT","items_purchased":["Discovery","Oddly Smooth Stone"],"campfire_rested":2,"item_purchase_floors":[2,13],"current_hp_per_floor":[75,75,75,75,71,71,36,60,60,23,23,19,19,19,43,14,65,0],"gold":167,"neow_bonus":"TEN_PERCENT_HP_BONUS","is_prod":false,"is_daily":false,"chose_seed":false,"campfire_upgraded":1,"win_rate":0,"timestamp":1540658221,"path_taken":["M","$","M","?","M","R","E","R","T","E","?","M","$","M","R","BOSS","M"],"build_version":"2018-10-25v2","purchased_purges":0,"victory":false,"max_hp_per_floor":[82,82,82,82,82,82,82,82,82,82,82,82,82,82,82,82,82,82],"card_choices":[{"not_picked":["Heatsinks","Stack"],"picked":"Recycle","floor":1},{"not_picked":["Go for the Eyes","Rebound"],"picked":"Sweeping Beam","floor":3},{"not_picked":["Streamline","Steam"],"picked":"Leap","floor":5},{"not_picked":["Tempest","Gash"],"picked":"Chaos","floor":7},{"not_picked":["Steam","Conserve Battery"],"picked":"White Noise","floor":10},{"not_picked":["Streamline","Ball Lightning","Sweeping Beam"],"picked":"SKIP","floor":12},{"not_picked":["Capacitor","Gash"],"picked":"Self Repair","floor":14},{"not_picked":["Reboot","Echo Form"],"picked":"Biased Cognition","floor":16}],"player_experience":781386,"relics_obtained":[{"floor":7,"key":"Blue Candle"},{"floor":9,"key":"Darkstone Periapt"},{"floor":10,"key":"Ginger"}],"event_choices":[{"damage_healed":0,"gold_gain":0,"player_choice":"Take Wound","damage_taken":0,"relics_obtained":["Golden Idol"],"max_hp_gain":0,"max_hp_loss":0,"event_name":"Golden Idol","floor":4,"gold_loss":0,"cards_obtained":["Injury"]},{"damage_healed":0,"gold_gain":0,"player_choice":"Fled","damage_taken":0,"max_hp_gain":0,"max_hp_loss":0,"event_name":"Scrap Ooze","floor":11,"gold_loss":0}],"is_beta":false,"boss_relics":[{"not_picked":["Ectoplasm","Eternal Feather"],"picked":"Astrolabe"}],"items_purged_floors":[],"is_endless":false,"potions_floor_spawned":[1,3],"killed_by":"Shell Parasite","ascension_level":5}