{"gold_per_floor":[110,129,129,142,160,190,190,201,275,550,564,564,21,54,66,173,185,215,31,31,47,47,47,77,77,77,90,122,122,122,37,37,133,133,133,133,143,143,0,0,10,24,97,126,126,126,26,38,38,38],"floor_reached":51,"playtime":4561,"items_purged":["Regret","Writhe"],"score":950,"play_id":"3394ce45-5975-4b6e-b358-815176015ae9","local_time":"20181113002310","is_ascension_mode":true,"campfire_choices":[{"floor":7,"key":"REST"},{"floor":12,"key":"REST"},{"floor":15,"key":"REST"},{"floor":23,"key":"REST"},{"data":"Flex","floor":30,"key":"SMITH"},{"floor":32,"key":"REST"},{"floor":46,"key":"REST"},{"data":"Burst","floor":49,"key":"SMITH"}],"neow_cost":"NONE","seed_source_timestamp":518013330871200,"circlet_count":0,"master_deck":["Survivor","Neutralize","PiercingWail","Flechettes","Leg Sweep","Deflect","Flying Knee","Leg Sweep","Dagger Throw","Deadly Poison","Outmaneuver","Flying Knee","Noxious Fumes+1","Well Laid Plans","Bouncing Flask","Dagger Spray","Venomology","Backstab","Acrobatics","Bullet Time","Backflip","Flex+1","Well Laid Plans+1","Bandage Up","Armaments+1","Forethought","Sadistic Nature","Stack+1","Purity","Apotheosis","Panache","Parasite","Bandage Up+1","Hologram","Riddle With Holes+1","Burst+1"],"relics":["Pandora\u0027s Box","Tough Bandages","Calipers","Letter Opener","Ice Cream","MawBank","Black Star","PrismaticShard","Strawberry","Lantern","Dodecahedron","Regal Pillow","Centennial Puzzle","Lizard Tail","GremlinMask","Red Mask","Ninja Scroll","Ginger","Thread and Needle"],"potions_floor_usage":[6,11,14,18,18,24,24,27,28,28,33,33,33,35,37,37,37,41,42,44,44,44,50,50],"damage_taken":[{"damage":0,"enemies":"Cultist","floor":1,"turns":3},{"damage":4,"enemies":"Small Slimes","floor":2,"turns":4},{"damage":6,"enemies":"2 Louse","floor":4,"turns":3},{"damage":14,"enemies":"Red Slaver","floor":5,"turns":3},{"damage":8,"enemies":"Lagavulin","floor":6,"turns":5},{"damage":0,"enemies":"Blue Slaver","floor":8,"turns":4},{"damage":2,"enemies":"Lots of Slimes","floor":11,"turns":3},{"damage":13,"enemies":"3 Sentries","floor":14,"turns":4},{"damage":28,"enemies":"Slime Boss","floor":16,"turns":10},{"damage":15,"enemies":"Shell Parasite","floor":18,"turns":5},{"damage":9,"enemies":"Spheric Guardian","floor":21,"turns":6},{"damage":18,"enemies":"Colosseum Slavers","floor":22,"turns":5},{"damage":3,"enemies":"Gremlin Leader","floor":24,"turns":5},{"damage":4,"enemies":"3 Cultists","floor":27,"turns":4},{"damage":20,"enemies":"Book of Stabbing","floor":28,"turns":5},{"damage":15,"enemies":"Champ","floor":33,"turns":9},{"damage":0,"enemies":"3 Darklings","floor":35,"turns":1},{"damage":13,"enemies":"3 Shapes","floor":37,"turns":4},{"damage":0,"enemies":"Writhing Mass","floor":41,"turns":6},{"damage":24,"enemies":"Spire Growth","floor":42,"turns":5},{"damage":48,"enemies":"Giant Head","floor":44,"turns":9},{"damage":8,"enemies":"4 Shapes","floor":48,"turns":4},{"damage":104,"enemies":"Time Eater","floor":50,"turns":13}],"seed_played":"-2933680144812491935","potions_obtained":[{"floor":5,"key":"Weak Potion"},{"floor":8,"key":"Energy Potion"},{"floor":16,"key":"PowerPotion"},{"floor":24,"key":"FearPotion"},{"floor":28,"key":"Dexterity Potion"},{"floor":33,"key":"Strength Potion"}],"is_trial":false,"path_per_floor":["M","M","?","M","M","E","R","M","T","?","M","R","$","E","R","B",null,"M","$","?","M","?","R","E","?","T","M","E","?","R","$","R","B",null,"M","?","M","?","?","?","M","M","T","E","?","R","$","M","R","B",null],"character_chosen":"THE_SILENT","items_purchased":["Ice Cream","Venomology","Backstab","PrismaticShard","Forethought"],"campfire_rested":6,"item_purchase_floors":[13,13,13,19,31],"current_hp_per_floor":[63,59,59,53,39,31,52,52,52,52,50,70,70,57,70,42,63,48,48,48,39,21,42,46,46,46,42,26,51,51,51,77,66,74,74,74,67,67,67,57,77,59,59,23,42,77,77,77,77,7],"gold":38,"neow_bonus":"BOSS_RELIC","is_prod":false,"is_daily":false,"chose_seed":false,"campfire_upgraded":2,"win_rate":0,"timestamp":1542064990,"path_taken":["M","?","?","M","?","E","R","M","T","?","?","R","$","E","R","BOSS","M","$","?","?","?","R","E","?","T","M","E","?","R","?","R","BOSS","M","?","?","?","?","?","?","M","T","E","?","R","?","M","R","BOSS"],"build_version":"2018-11-08","purchased_purges":2,"victory":true,"max_hp_per_floor":[70,70,70,70,70,70,70,70,70,70,70,70,70,70,70,70,70,70,70,70,70,70,70,77,77,77,77,77,77,77,77,77,77,77,77,77,77,77,77,77,77,77,77,77,77,77,77,77,77,77],"card_choices":[{"not_picked":["Dagger Throw","Underhanded Strike"],"picked":"Deadly Poison","floor":1},{"not_picked":["Backflip","Deadly Poison"],"picked":"Noxious Fumes","floor":2},{"not_picked":["Outmaneuver","Distraction"],"picked":"Well Laid Plans","floor":4},{"not_picked":["Outmaneuver","PiercingWail"],"picked":"Bouncing Flask","floor":5},{"not_picked":["Prepared","Underhanded Strike"],"picked":"Dagger Spray","floor":6},{"not_picked":["Outmaneuver","Underhanded Strike"],"picked":"Heel Hook","floor":8},{"not_picked":["Sucker Punch","Flying Knee","Leg Sweep"],"picked":"SKIP","floor":11},{"not_picked":["Glass Knife","Outmaneuver"],"picked":"Acrobatics","floor":14},{"not_picked":["Adrenaline","Phantasmal Killer"],"picked":"Bullet Time","floor":16},{"not_picked":["Dagger Spray","Bouncing Flask"],"picked":"Backflip","floor":18},{"not_picked":["Leap","Rebound"],"picked":"Flex","floor":21},{"not_picked":["Reflex+1","Leg Sweep"],"picked":"Well Laid Plans+1","floor":24},{"not_picked":["Consume+1","Armaments+1"],"picked":"Bandage Up","floor":27},{"not_picked":["Setup+1","Quick Slash"],"picked":"Armaments+1","floor":28},{"not_picked":["Machine Learning","Burst"],"picked":"Sadistic Nature","floor":33},{"not_picked":["Leap","Ghostly Armor+1"],"picked":"Stack+1","floor":37},{"not_picked":["Secret Weapon","HandOfGreed"],"picked":"Purity","floor":40},{"not_picked":["Dark Shackles","Metamorphosis"],"picked":"Apotheosis","floor":40},{"not_picked":["Trip","Thinking Ahead"],"picked":"Panache","floor":40},{"not_picked":["Go for the Eyes+1","Rebound+1"],"picked":"Bandage Up+1","floor":41},{"not_picked":["Ball Lightning","Shrug It Off+1"],"picked":"Hologram","floor":42},{"not_picked":["Blade Dance","Deflect"],"picked":"Riddle With Holes+1","floor":44},{"not_picked":["Sever Soul+1","Steam Power+1"],"picked":"Burst","floor":48}],"player_experience":901209,"relics_obtained":[{"floor":6,"key":"Calipers"},{"floor":9,"key":"Letter Opener"},{"floor":14,"key":"MawBank"},{"floor":24,"key":"Strawberry"},{"floor":24,"key":"Lantern"},{"floor":26,"key":"Dodecahedron"},{"floor":28,"key":"Regal Pillow"},{"floor":28,"key":"Centennial Puzzle"},{"floor":43,"key":"Ninja Scroll"},{"floor":44,"key":"Ginger"},{"floor":44,"key":"Thread and Needle"}],"event_choices":[{"cards_removed":["Deadly Poison"],"damage_healed":0,"gold_gain":0,"player_choice":"Gave Card","damage_taken":0,"relics_obtained":["Tough Bandages"],"max_hp_gain":0,"max_hp_loss":0,"event_name":"WeMeetAgain","floor":3,"gold_loss":0},{"damage_healed":0,"gold_gain":275,"player_choice":"Desecrate","damage_taken":0,"max_hp_gain":0,"max_hp_loss":0,"event_name":"Golden Shrine","floor":10,"gold_loss":0,"cards_obtained":["Regret"]},{"damage_healed":0,"gold_gain":0,"player_choice":"Upgraded","damage_taken":0,"max_hp_gain":0,"max_hp_loss":0,"event_name":"Upgrade Shrine","floor":20,"gold_loss":0,"cards_upgraded":["Noxious Fumes"]},{"damage_healed":0,"gold_gain":0,"player_choice":"Fight","damage_taken":0,"max_hp_gain":0,"max_hp_loss":0,"event_name":"Colosseum","floor":22,"gold_loss":0},{"damage_healed":0,"gold_gain":0,"player_choice":"Fled From Nobs","damage_taken":0,"max_hp_gain":0,"max_hp_loss":0,"event_name":"Colosseum","floor":22,"gold_loss":0},{"damage_healed":0,"gold_gain":0,"player_choice":"Ignored","damage_taken":0,"max_hp_gain":0,"max_hp_loss":0,"event_name":"Ghosts","floor":25,"gold_loss":0},{"damage_healed":25,"gold_gain":0,"player_choice":"Heal","damage_taken":0,"max_hp_gain":0,"max_hp_loss":0,"event_name":"The Library","floor":29,"gold_loss":0},{"damage_healed":0,"gold_gain":0,"player_choice":"Trade","damage_taken":0,"relics_obtained":["GremlinMask"],"max_hp_gain":0,"max_hp_loss":0,"event_name":"FaceTrader","floor":36,"gold_loss":0},{"cards_removed":["Heel Hook"],"damage_healed":0,"gold_gain":0,"player_choice":"Removed Attack","damage_taken":0,"max_hp_gain":0,"max_hp_loss":0,"event_name":"Falling","floor":38,"gold_loss":0},{"damage_healed":0,"gold_gain":0,"player_choice":"Paid","damage_taken":0,"relics_obtained":["Red Mask"],"max_hp_gain":0,"max_hp_loss":0,"event_name":"Tomb of Lord Red Mask","floor":39,"gold_loss":143},{"damage_healed":0,"gold_gain":0,"player_choice":"Memory 3","damage_taken":10,"max_hp_gain":0,"max_hp_loss":0,"event_name":"SensoryStone","floor":40,"gold_loss":0},{"damage_healed":19,"gold_gain":0,"player_choice":"Writhe","damage_taken":0,"max_hp_gain":0,"max_hp_loss":0,"event_name":"Winding Halls","floor":45,"gold_loss":0,"cards_obtained":["Writhe"]}],"is_beta":false,"boss_relics":[{"not_picked":["Fusion Hammer","HoveringKite"],"picked":"Black Star"},{"not_picked":["Eternal Feather","WristBlade"],"picked":"Lizard Tail"}],"items_purged_floors":[13,47],"is_endless":false,"potions_floor_spawned":[5,8,16,24,28,33,35],"ascension_level":6}