{"path_per_floor":["M","?","M","M","$","R","E","R","T","R","E","M","?","$","R","B",null,"M","?","M","?","T","R","M","E","T","M","R","M","R","M","R"],"character_chosen":"IRONCLAD","items_purchased":["Heavy Blade"],"gold_per_floor":[110,110,129,143,16,16,43,43,96,96,126,139,139,39,39,163,163,187,187,205,205,228,228,252,290,314,335,335,359,359,382,382,382],"floor_reached":33,"campfire_rested":7,"playtime":1555,"current_hp_per_floor":[96,78,82,53,53,53,9,37,37,65,55,61,61,61,89,67,96,81,65,68,68,68,96,96,25,25,28,71,22,65,47,90,0],"items_purged":["Regret","Injury"],"gold":382,"score":341,"play_id":"d212d3df-199e-4015-9281-4526188c07ea","local_time":"20180326222345","is_prod":false,"is_daily":false,"is_ascension_mode":true,"campfire_upgraded":1,"timestamp":1522128225,"path_taken":["M","?","M","M","$","R","E","R","T","R","E","M","?","$","R","BOSS","M","?","?","?","?","R","M","E","T","M","R","M","R","M","R","BOSS"],"build_version":"2018-03-22v2","purchased_purges":4,"victory":false,"master_deck":["Strike_R","Strike_R","Strike_R","Strike_R","Strike_R","Defend_R","Defend_R","Defend_R","Defend_R","Bash","Whirlwind+1","True Grit","Heavy Blade","Flame Barrier","Disarm","Writhe","Pommel Strike","Shrug It Off"],"max_hp_per_floor":[96,96,96,96,96,96,96,96,96,96,96,96,96,96,96,96,96,96,96,96,96,96,96,96,96,96,96,96,96,96,96,96,96],"relics":["Burning Blood","Happy Flower","Pen Nib","Anchor","Letter Opener","Golden Idol","Sozu","Enchiridion","Blood Vial","Omamori","Matryoshka","Regal Pillow","Ancient Tea Set"],"card_choices":[{"not_picked":["Armaments","Anger"],"picked":"Whirlwind","floor":1.0},{"not_picked":["Warcry","Iron Wave"],"picked":"True Grit","floor":4.0},{"not_picked":["Immolate","Metallicize"],"picked":"Flame Barrier","floor":7.0},{"not_picked":["Searing Blow","Carnage"],"picked":"Disarm","floor":12.0},{"not_picked":["True Grit","Metallicize"],"picked":"Pommel Strike","floor":24},{"not_picked":["Pommel Strike","Dual Wield"],"picked":"Shrug It Off","floor":25}],"player_experience":198751,"potions_floor_usage":[33],"damage_taken":[{"damage":3.0,"enemies":"Small Slimes","floor":1.0,"turns":3.0},{"damage":2.0,"enemies":"2 Louse","floor":3.0,"turns":3.0},{"damage":35.0,"enemies":"Jaw Worm","floor":4.0,"turns":4.0},{"damage":50.0,"enemies":"Lagavulin","floor":7.0,"turns":7.0},{"damage":16.0,"enemies":"Gremlin Nob","floor":11.0,"turns":3.0},{"damage":0.0,"enemies":"Blue Slaver","floor":12.0,"turns":3.0},{"damage":28.0,"enemies":"The Guardian","floor":16.0,"turns":12.0},{"damage":21,"enemies":"2 Thieves","floor":18,"turns":4},{"damage":3,"enemies":"3 Byrds","floor":20,"turns":4},{"damage":1,"enemies":"Centurion and Healer","floor":24,"turns":2},{"damage":77,"enemies":"Book of Stabbing","floor":25,"turns":7},{"damage":5,"enemies":"Snake Plant","floor":27,"turns":4},{"damage":57,"enemies":"Sentry and Sphere","floor":29,"turns":8},{"damage":26,"enemies":"Slaver and Parasite","floor":31,"turns":10},{"damage":108,"enemies":"Automaton","floor":33,"turns":8}],"event_choices":[{"event_name":"Scrap Ooze","player_choice":"success","floor":2.0,"damage_taken":18.0},{"event_name":"Golden Idol","player_choice":"Take Wound","floor":13.0,"damage_taken":0.0},{"event_name":"Cursed Tome","player_choice":"Obtained Book","floor":19,"damage_taken":0},{"event_name":"The Mausoleum","player_choice":"Yes","floor":21,"damage_taken":0}],"boss_relics":[{"not_picked":["Runic Cube","Lizard Tail"],"picked":"Sozu"}],"potions_floor_spawned":[3,4,7,16,20,24,31],"seed_played":"-43932906276696829","killed_by":"Automaton","ascension_level":3,"is_trial":false}