{"gold_per_floor":[112,287,287,304,304,344,344,357,357,397,397,418,45,45,45,45],"floor_reached":16,"playtime":668,"items_purged":[],"score":146,"play_id":"b838b356-4104-442a-a794-e49f7b69d356","local_time":"20181116180307","is_ascension_mode":true,"campfire_choices":[{"floor":7,"key":"REST"},{"floor":11,"key":"REST"},{"floor":15,"key":"REST"}],"neow_cost":"NONE","seed_source_timestamp":173327266795100,"circlet_count":0,"master_deck":["Strike_B","Strike_B","Strike_B","Defend_B","Defend_B","Defend_B","Defend_B","Zap","Dualcast","Streamline","Doubt","Rebound","Loop","Injury","Double Energy","Fission+1","Amplify","Heatsinks","Redo","Storm"],"relics":["Cracked Core","Ancient Tea Set","Golden Idol","Bottled Flame","Question Card","Omamori","Pantograph"],"potions_floor_usage":[10,12,16],"damage_taken":[{"damage":1,"enemies":"Small Slimes","floor":1,"turns":3},{"damage":0,"enemies":"2 Louse","floor":4,"turns":2},{"damage":30,"enemies":"Lagavulin","floor":6,"turns":7},{"damage":6,"enemies":"Cultist","floor":8,"turns":4},{"damage":48,"enemies":"3 Sentries","floor":10,"turns":9},{"damage":2,"enemies":"Large Slime","floor":12,"turns":5},{"damage":76,"enemies":"The Guardian","floor":16,"turns":9}],"seed_played":"7018649380871699146","potions_obtained":[{"floor":1,"key":"EssenceOfSteel"},{"floor":10,"key":"Swift Potion"},{"floor":12,"key":"EssenceOfSteel"}],"is_trial":false,"path_per_floor":["M","?","?","M","?","E","R","M","T","E","R","M","$","?","R","B"],"character_chosen":"DEFECT","items_purchased":["Pantograph","Redo","Storm"],"campfire_rested":3,"item_purchase_floors":[13,13,13],"current_hp_per_floor":[67,67,67,67,67,37,59,53,53,5,27,25,25,25,47,0],"gold":45,"neow_bonus":"RANDOM_COMMON_RELIC","is_prod":false,"is_daily":false,"chose_seed":false,"campfire_upgraded":0,"win_rate":0,"timestamp":1542387787,"path_taken":["M","?","?","?","?","E","R","M","T","E","R","M","$","?","R","BOSS"],"build_version":"2018-11-15","purchased_purges":0,"victory":false,"max_hp_per_floor":[75,75,75,75,75,75,75,75,75,75,75,75,75,75,75,75],"card_choices":[{"not_picked":["Force Field","Steam"],"picked":"Streamline","floor":1},{"not_picked":["Hello World","Rebound"],"picked":"Loop","floor":4},{"not_picked":["Gash","Skim"],"picked":"Double Energy","floor":6},{"not_picked":["Streamline","Leap"],"picked":"Fission","floor":8},{"not_picked":["Sunder","Blizzard","Ball Lightning"],"picked":"Amplify","floor":10},{"not_picked":["Recycle","Coolheaded","Blizzard"],"picked":"Heatsinks","floor":12}],"player_experience":922275,"relics_obtained":[{"floor":6,"key":"Bottled Flame"},{"floor":9,"key":"Question Card"},{"floor":10,"key":"Omamori"}],"event_choices":[{"damage_healed":0,"gold_gain":175,"player_choice":"AGREE","damage_taken":0,"max_hp_gain":0,"max_hp_loss":0,"event_name":"Liars Game","floor":2,"gold_loss":0,"cards_obtained":["Doubt"]},{"damage_healed":0,"gold_gain":0,"cards_transformed":["Strike_B"],"player_choice":"Transformed","damage_taken":0,"max_hp_gain":0,"max_hp_loss":0,"event_name":"Transmorgrifier","floor":3,"gold_loss":0,"cards_obtained":["Rebound"]},{"damage_healed":0,"gold_gain":0,"player_choice":"Take Wound","damage_taken":0,"relics_obtained":["Golden Idol"],"max_hp_gain":0,"max_hp_loss":0,"event_name":"Golden Idol","floor":5,"gold_loss":0,"cards_obtained":["Injury"]},{"damage_healed":0,"gold_gain":0,"player_choice":"Grow","damage_taken":0,"max_hp_gain":0,"max_hp_loss":0,"event_name":"Living Wall","floor":14,"gold_loss":0,"cards_upgraded":["Fission"]}],"is_beta":false,"boss_relics":[],"items_purged_floors":[],"is_endless":false,"potions_floor_spawned":[1,10,12],"killed_by":"The Guardian","ascension_level":7}