{"gold_per_floor":[113,113,124,45,220,220,250,262,310,325,325,338,1,12,12,112,112,127,145,145,145],"floor_reached":21,"playtime":1329,"items_purged":["Doubt"],"score":226,"play_id":"2fb1000b-93be-4572-9acc-01f5091c9783","local_time":"20181027175318","is_ascension_mode":true,"campfire_choices":[{"data":"Zap","floor":6,"key":"SMITH"},{"floor":11,"key":"REST"},{"floor":15,"key":"REST"}],"neow_cost":"NONE","seed_source_timestamp":247423482191900,"circlet_count":0,"master_deck":["Strike_B","Strike_B","Strike_B","Defend_B","Defend_B","Defend_B","Defend_B","Zap+1","Dualcast","Heatsinks","Chill","Seek","White Noise","Double Energy","Hologram","Cold Snap","All For One","Multi-Cast","Ball Lightning","Steam"],"relics":["Cracked Core","GremlinMask","Juzu Bracelet","Cables","Black Star","Nloth\u0027s Gift"],"potions_floor_usage":[7,16,16,21],"damage_taken":[{"damage":4,"enemies":"Jaw Worm","floor":1,"turns":4},{"damage":1,"enemies":"Cultist","floor":3,"turns":3},{"damage":43,"enemies":"3 Sentries","floor":7,"turns":11},{"damage":0,"enemies":"Small Slimes","floor":8,"turns":4},{"damage":13,"enemies":"Exordium Wildlife","floor":10,"turns":3},{"damage":1,"enemies":"Looter","floor":12,"turns":4},{"damage":11,"enemies":"2 Fungi Beasts","floor":14,"turns":3},{"damage":11,"enemies":"The Guardian","floor":16,"turns":13},{"damage":6,"enemies":"3 Byrds","floor":18,"turns":2},{"damage":25,"enemies":"2 Thieves","floor":19,"turns":4},{"damage":35,"enemies":"Centurion and Healer","floor":21,"turns":7}],"seed_played":"5073352770332895406","potions_obtained":[{"floor":3,"key":"Block Potion"},{"floor":7,"key":"Strength Potion"},{"floor":14,"key":"Strength Potion"},{"floor":19,"key":"FearPotion"}],"is_trial":false,"path_per_floor":["M","?","M","$","?","R","E","M","T","M","R","M","$","M","R","B",null,"M","M","?"],"character_chosen":"DEFECT","items_purchased":["Seek","Cables"],"campfire_rested":2,"item_purchase_floors":[4,13],"current_hp_per_floor":[71,71,70,70,70,70,27,27,27,14,36,35,35,24,46,35,65,59,34,34,0],"gold":145,"neow_bonus":"REMOVE_CARD","is_prod":false,"is_daily":false,"chose_seed":false,"campfire_upgraded":1,"win_rate":0,"timestamp":1540655598,"path_taken":["M","?","M","$","?","R","E","M","T","M","R","M","$","M","R","BOSS","M","M","?","M"],"build_version":"2018-10-25v2","purchased_purges":1,"victory":false,"max_hp_per_floor":[75,75,75,75,75,75,75,75,75,75,75,75,75,75,75,75,75,75,75,75,75],"card_choices":[{"not_picked":["Barrage","Beam Cell"],"picked":"Heatsinks","floor":1},{"not_picked":["Auto Shields","FTL"],"picked":"Chill","floor":3},{"not_picked":["Barrage","Steam Power"],"picked":"White Noise","floor":7},{"not_picked":["Redo","Compile Driver"],"picked":"Double Energy","floor":8},{"not_picked":["Rebound","Go for the Eyes"],"picked":"Hologram","floor":10},{"not_picked":["FTL","Hologram"],"picked":"Cold Snap","floor":12},{"not_picked":["Conserve Battery","Gash"],"picked":"All For One","floor":14},{"not_picked":["Seek","Hyperbeam"],"picked":"Multi-Cast","floor":16},{"not_picked":["Hologram+1","Turbo"],"picked":"Ball Lightning","floor":18},{"not_picked":["Streamline","Hologram"],"picked":"Steam","floor":19}],"player_experience":778359,"relics_obtained":[{"floor":7,"key":"Art of War"},{"floor":9,"key":"Juzu Bracelet"}],"event_choices":[{"damage_healed":0,"gold_gain":0,"player_choice":"Trade","damage_taken":0,"relics_obtained":["GremlinMask"],"max_hp_gain":0,"max_hp_loss":0,"event_name":"FaceTrader","floor":2,"gold_loss":0},{"damage_healed":0,"gold_gain":175,"player_choice":"AGREE","damage_taken":0,"max_hp_gain":0,"max_hp_loss":0,"event_name":"Liars Game","floor":5,"gold_loss":0,"cards_obtained":["Doubt"]},{"damage_healed":0,"gold_gain":0,"player_choice":"Traded Relic","damage_taken":0,"relics_obtained":["Nloth\u0027s Gift"],"max_hp_gain":0,"max_hp_loss":0,"event_name":"N\u0027loth","floor":20,"relics_lost":["Art of War"],"gold_loss":0}],"is_beta":false,"boss_relics":[{"not_picked":["Coffee Dripper","Astrolabe"],"picked":"Black Star"}],"items_purged_floors":[13],"is_endless":false,"potions_floor_spawned":[3,7,14,19],"killed_by":"Centurion and Healer","ascension_level":5}