{"gold_per_floor":[115,131,131,131,306,306,333,407,430,459,471,483,495,523,535,676,751,776,382,193,211,211,211,236,236],"floor_reached":25,"playtime":1197,"items_purged":["Doubt","Injury"],"score":348,"play_id":"d880dac0-6aa5-439b-a357-d5b2e71f49c2","local_time":"20190313214432","is_ascension_mode":true,"campfire_choices":[{"data":"Dash","floor":6,"key":"SMITH"},{"data":"Dagger Spray","floor":12,"key":"SMITH"},{"data":"Malaise","floor":15,"key":"SMITH"},{"floor":23,"key":"REST"}],"neow_cost":"NONE","seed_source_timestamp":11223094927600,"circlet_count":0,"master_deck":["AscendersBane","Defend_G","Defend_G","Defend_G","Defend_G","Defend_G","Strike_G","Strike_G","Strike_G","Strike_G","Strike_G","Survivor","Neutralize","Dash+1","Dagger Spray+1","Malaise+1","Doppelganger+1","Flying Knee","Dagger Throw","Sadistic Nature","Blind","Masterful Stab+1"],"relics":["Ring of the Snake","NeowsBlessing","Oddly Smooth Stone","Paper Crane","Blood Vial","MawBank","Golden Idol","Tiny House","Membership Card","Juzu Bracelet","Lee\u0027s Waffle","Bronze Scales"],"potions_floor_usage":[16,16,18,21,21,25],"damage_taken":[{"damage":0,"enemies":"Jaw Worm","floor":1,"turns":1},{"damage":0,"enemies":"2 Louse","floor":2,"turns":1},{"damage":0,"enemies":"Lagavulin","floor":7,"turns":1},{"damage":12,"enemies":"3 Sentries","floor":10,"turns":11},{"damage":4,"enemies":"Small Slimes","floor":14,"turns":4},{"damage":44,"enemies":"The Guardian","floor":16,"turns":20},{"damage":17,"enemies":"Shell Parasite","floor":18,"turns":12},{"damage":21,"enemies":"2 Thieves","floor":21,"turns":4},{"damage":18,"enemies":"Chosen and Byrds","floor":24,"turns":9},{"damage":66,"enemies":"Gremlin Leader","floor":25,"turns":13}],"seed_played":"6540403042140749224","potions_obtained":[{"floor":1,"key":"FearPotion"},{"floor":10,"key":"Dexterity Potion"},{"floor":16,"key":"GamblersBrew"},{"floor":17,"key":"EssenceOfSteel"},{"floor":18,"key":"LiquidBronze"},{"floor":24,"key":"SkillPotion"}],"is_trial":false,"path_per_floor":["M","M","$","?","?","R","E","?","T","E","?","R","?","M","R","B",null,"M","$","$","M","?","R","M","E"],"character_chosen":"THE_SILENT","items_purchased":["Membership Card","Sadistic Nature","Juzu Bracelet","Lee\u0027s Waffle","Blind"],"campfire_rested":1,"item_purchase_floors":[19,19,19,20,20],"current_hp_per_floor":[63,63,63,60,60,60,60,60,60,50,50,50,70,66,66,24,64,49,49,82,61,61,82,64,0],"gold":236,"neow_bonus":"THREE_ENEMY_KILL","is_prod":false,"is_daily":false,"chose_seed":false,"campfire_upgraded":3,"win_rate":0,"timestamp":1552509872,"path_taken":["M","M","$","?","?","R","E","?","T","E","?","R","?","M","R","BOSS","M","?","$","M","?","R","M","E"],"build_version":"2019-01-23","purchased_purges":2,"victory":false,"max_hp_per_floor":[70,70,70,70,70,70,70,70,70,70,70,70,70,70,70,70,75,75,75,82,82,82,82,82,82],"card_choices":[{"not_picked":["Accuracy","Cloak And Dagger"],"picked":"Dash","floor":1},{"not_picked":["Flying Knee","Underhanded Strike"],"picked":"Dagger Spray","floor":2},{"not_picked":["Acrobatics","Outmaneuver"],"picked":"Malaise","floor":7},{"not_picked":["Poisoned Stab","Eviscerate","Endless Agony"],"picked":"SKIP","floor":10},{"not_picked":["Catalyst","Underhanded Strike","Deflect"],"picked":"SKIP","floor":14},{"not_picked":["After Image","Glass Knife"],"picked":"Doppelganger","floor":16},{"not_picked":["Acrobatics","Cloak And Dagger"],"picked":"Flying Knee","floor":17},{"not_picked":["Prepared","Accuracy"],"picked":"Dagger Throw","floor":18},{"not_picked":["Dagger Spray","PiercingWail","Deadly Poison"],"picked":"SKIP","floor":21},{"not_picked":["Deadly Poison+1","Poisoned Stab"],"picked":"Masterful Stab+1","floor":24}],"player_experience":1503604,"relics_obtained":[{"floor":7,"key":"Paper Crane"},{"floor":9,"key":"Blood Vial"},{"floor":10,"key":"MawBank"}],"event_choices":[{"damage_healed":0,"gold_gain":0,"player_choice":"Success","damage_taken":3,"relics_obtained":["Oddly Smooth Stone"],"max_hp_gain":0,"max_hp_loss":0,"event_name":"Scrap Ooze","floor":4,"gold_loss":0},{"damage_healed":0,"gold_gain":175,"player_choice":"AGREE","damage_taken":0,"max_hp_gain":0,"max_hp_loss":0,"event_name":"Liars Game","floor":5,"gold_loss":0,"cards_obtained":["Doubt"]},{"damage_healed":0,"gold_gain":74,"player_choice":"Gained Gold","damage_taken":0,"max_hp_gain":0,"max_hp_loss":0,"event_name":"Golden Wing","floor":8,"gold_loss":0},{"damage_healed":0,"gold_gain":0,"player_choice":"Take Wound","damage_taken":0,"relics_obtained":["Golden Idol"],"max_hp_gain":0,"max_hp_loss":0,"event_name":"Golden Idol","floor":11,"gold_loss":0,"cards_obtained":["Injury"]},{"damage_healed":20,"gold_gain":0,"player_choice":"Full Heal","damage_taken":0,"max_hp_gain":0,"max_hp_loss":0,"event_name":"Wheel of Change","floor":13,"gold_loss":0},{"damage_healed":0,"gold_gain":0,"player_choice":"Opened","damage_taken":0,"relics_obtained":["Bronze Scales"],"max_hp_gain":0,"max_hp_loss":0,"event_name":"The Mausoleum","floor":22,"gold_loss":0}],"is_beta":false,"boss_relics":[{"not_picked":["Runic Dome","Runic Pyramid"],"picked":"Tiny House"}],"items_purged_floors":[19,20],"is_endless":false,"potions_floor_spawned":[1,10,16,18,24],"killed_by":"Gremlin Leader","ascension_level":10}