{"gold_per_floor":[115,1,12,12,31,57,57,132,132,132,161,161,179,99,99,195,195,208,208,59,59,59,59,59,71,96,125,40,60,60,121,121,121],"floor_reached":33,"playtime":1372,"items_purged":["Writhe"],"score":434,"play_id":"4f43e22c-f493-436c-a007-67ddd94cb0e5","local_time":"20190126211802","is_ascension_mode":true,"campfire_choices":[{"floor":7,"key":"REST"},{"floor":10,"key":"REST"},{"data":"Armaments","floor":12,"key":"SMITH"},{"data":"Disarm","floor":15,"key":"SMITH"},{"data":"Reaper","floor":23,"key":"SMITH"},{"floor":30,"key":"REST"},{"data":"Disarm","floor":32,"key":"SMITH"}],"neow_cost":"CURSE","seed_source_timestamp":271334126833500,"circlet_count":0,"master_deck":["AscendersBane","Strike_R+1","Strike_R+1","Strike_R+1","Defend_R+1","Defend_R+1","Defend_R+1","Defend_R+1","Bash","Perfected Strike","Headbutt","Headbutt","Rampage","Anger","Disarm+1","Disarm+1","Armaments+1","Pommel Strike","Inflame","Reaper+1","Shrug It Off+1","J.A.X.+1","True Grit+1","Spot Weakness","Disarm+1"],"relics":["Burning Blood","Unceasing Top","Thread and Needle","Red Skull","Black Star","Bag of Marbles","War Paint","Vajra","Kunai","Matryoshka","Centennial Puzzle","Tiny Chest"],"potions_floor_usage":[3,6,16,18,31],"damage_taken":[{"damage":8,"enemies":"2 Louse","floor":1,"turns":2},{"damage":9,"enemies":"Jaw Worm","floor":3,"turns":2},{"damage":7,"enemies":"Small Slimes","floor":5,"turns":3},{"damage":32,"enemies":"Gremlin Nob","floor":6,"turns":4},{"damage":20,"enemies":"Lagavulin","floor":11,"turns":7},{"damage":0,"enemies":"2 Fungi Beasts","floor":13,"turns":4},{"damage":21,"enemies":"The Guardian","floor":16,"turns":9},{"damage":9,"enemies":"Chosen","floor":18,"turns":6},{"damage":20,"enemies":"Shell Parasite","floor":25,"turns":7},{"damage":25,"enemies":"Book of Stabbing","floor":27,"turns":9},{"damage":19,"enemies":"Chosen and Byrds","floor":29,"turns":8},{"damage":38,"enemies":"Slavers","floor":31,"turns":6},{"damage":92,"enemies":"Champ","floor":33,"turns":8}],"seed_played":"-1943828143396473744","potions_obtained":[{"floor":1,"key":"AttackPotion"},{"floor":3,"key":"Swift Potion"},{"floor":11,"key":"Energy Potion"},{"floor":16,"key":"Swift Potion"},{"floor":18,"key":"Ancient Potion"}],"is_trial":false,"path_per_floor":["M","$","M","?","M","E","R","?","T","R","E","R","M","$","R","B",null,"M","?","$","?","?","R","$","M","T","E","?","M","R","E","R","B"],"character_chosen":"IRONCLAD","items_purchased":["Rampage","Inflame","Bag of Marbles"],"campfire_rested":3,"item_purchase_floors":[2,14,20],"current_hp_per_floor":[70,70,67,67,66,40,64,53,53,77,63,63,69,69,69,54,74,71,71,71,71,71,71,71,67,67,48,48,48,72,62,62,0],"gold":121,"neow_bonus":"TRANSFORM_TWO_CARDS","is_prod":false,"is_daily":false,"chose_seed":false,"campfire_upgraded":4,"win_rate":0,"timestamp":1548533882,"path_taken":["M","$","M","?","M","E","R","?","T","R","E","R","M","$","R","BOSS","M","?","$","?","?","R","$","?","T","E","?","M","R","E","R","BOSS"],"build_version":"2019-01-23","purchased_purges":1,"victory":false,"max_hp_per_floor":[80,80,80,80,80,80,80,80,80,80,80,80,80,80,80,80,80,80,80,80,80,80,80,80,80,80,80,80,80,80,80,80,80],"card_choices":[{"not_picked":["Pummel","Power Through"],"picked":"Headbutt","floor":1},{"not_picked":["Warcry","Headbutt"],"picked":"Anger","floor":3},{"not_picked":["Fire Breathing","True Grit"],"picked":"Disarm","floor":5},{"not_picked":["Dropkick","Sword Boomerang"],"picked":"Disarm","floor":6},{"not_picked":["Dark Embrace","Twin Strike"],"picked":"Armaments","floor":11},{"not_picked":["Power Through","Clothesline"],"picked":"Pommel Strike","floor":13},{"not_picked":["Feed","Juggernaut"],"picked":"Reaper","floor":16},{"not_picked":["Searing Blow","Sentinel"],"picked":"Shrug It Off+1","floor":18},{"not_picked":["Reckless Charge","Clothesline+1"],"picked":"True Grit","floor":25},{"not_picked":["Shockwave","Havoc"],"picked":"Spot Weakness","floor":27},{"not_picked":["Perfected Strike","Pommel Strike","Headbutt"],"picked":"SKIP","floor":29},{"not_picked":["Reckless Charge+1","Entrench"],"picked":"Disarm+1","floor":31}],"player_experience":1322729,"relics_obtained":[{"floor":6,"key":"Unceasing Top"},{"floor":9,"key":"Thread and Needle"},{"floor":11,"key":"Red Skull"},{"floor":26,"key":"War Paint"},{"floor":27,"key":"Vajra"},{"floor":27,"key":"Kunai"},{"floor":31,"key":"Centennial Puzzle"},{"floor":31,"key":"Tiny Chest"}],"event_choices":[{"damage_healed":0,"gold_gain":0,"player_choice":"Leave","damage_taken":0,"max_hp_gain":0,"max_hp_loss":0,"event_name":"The Cleric","floor":4,"gold_loss":0},{"damage_healed":0,"gold_gain":75,"player_choice":"Gather Gold","damage_taken":11,"max_hp_gain":0,"max_hp_loss":0,"event_name":"World of Goop","floor":8,"gold_loss":0},{"damage_healed":0,"gold_gain":0,"player_choice":"Simplicity","damage_taken":0,"max_hp_gain":0,"max_hp_loss":0,"event_name":"Back to Basics","floor":19,"gold_loss":0,"cards_upgraded":["Strike_R","Strike_R","Strike_R","Defend_R","Defend_R","Defend_R","Defend_R"]},{"damage_healed":0,"gold_gain":0,"player_choice":"Ignored","damage_taken":0,"max_hp_gain":0,"max_hp_loss":0,"event_name":"Ghosts","floor":21,"gold_loss":0},{"damage_healed":0,"gold_gain":0,"player_choice":"Obtain J.A.X.","damage_taken":0,"max_hp_gain":0,"max_hp_loss":0,"event_name":"Drug Dealer","floor":22,"gold_loss":0,"cards_obtained":["J.A.X."]},{"damage_healed":0,"gold_gain":0,"player_choice":"Obtained Relic","damage_taken":0,"relics_obtained":["Matryoshka"],"max_hp_gain":0,"max_hp_loss":0,"event_name":"Addict","floor":28,"gold_loss":85}],"is_beta":false,"boss_relics":[{"not_picked":["Pandora\u0027s Box","Snecko Eye"],"picked":"Black Star"}],"items_purged_floors":[2],"is_endless":false,"potions_floor_spawned":[1,3,11,16,18],"killed_by":"Champ","ascension_level":10}