{"gold_per_floor":[114,289,239,239,257,295,295,341,390,390,428,428,145,179,179,304,304,317,317,317,333,357,400,415,330,330,330],"floor_reached":27,"playtime":1045,"items_purged":["Injury"],"score":257,"play_id":"878197b0-4de9-4d85-a6f3-5640b7c73af5","local_time":"20181122221939","is_ascension_mode":true,"campfire_choices":[{"floor":7,"key":"REST"},{"floor":12,"key":"REST"},{"floor":15,"key":"REST"}],"neow_cost":"NONE","seed_source_timestamp":706742193123100,"circlet_count":0,"master_deck":["Defend_G","Defend_G","Defend_G","Defend_G","Defend_G","Strike_G+1","Strike_G+1","Strike_G","Strike_G","Strike_G","Survivor","Neutralize","Deadly Poison+1","Catalyst+1","Noxious Fumes","Riddle With Holes","Bane","Corpse Explosion","Doubt","Shame","Clumsy","J.A.X.+1","Flechettes","Noxious Fumes","Phantasmal Killer"],"relics":["Ring of the Snake","Juzu Bracelet","Golden Idol","Vajra","Lantern","Anchor","Mercury Hourglass","Toolbox","Blood Vial","Calling Bell","Ancient Tea Set","Ninja Scroll","Bird Faced Urn","Bronze Scales","Dream Catcher","Whetstone","War Paint","Bottled Lightning"],"potions_floor_usage":[23,23,23,27],"damage_taken":[{"damage":0,"enemies":"Cultist","floor":1,"turns":4},{"damage":0,"enemies":"Jaw Worm","floor":5,"turns":5},{"damage":34,"enemies":"Lagavulin","floor":6,"turns":6},{"damage":29,"enemies":"Gremlin Nob","floor":11,"turns":4},{"damage":21,"enemies":"Lagavulin","floor":14,"turns":4},{"damage":22,"enemies":"The Guardian","floor":16,"turns":9},{"damage":3,"enemies":"2 Thieves","floor":18,"turns":4},{"damage":3,"enemies":"Chosen","floor":21,"turns":3},{"damage":44,"enemies":"Gremlin Leader","floor":23,"turns":5},{"damage":29,"enemies":"Centurion and Healer","floor":24,"turns":5},{"damage":11,"enemies":"Book of Stabbing","floor":27,"turns":4}],"seed_played":"-5425890317422399402","potions_obtained":[{"floor":14,"key":"FearPotion"},{"floor":16,"key":"Poison Potion"},{"floor":18,"key":"Weak Potion"},{"floor":24,"key":"Dexterity Potion"}],"is_trial":false,"path_per_floor":["M","?","?","?","M","E","R","T","T","?","E","R","$","E","R","B",null,"M","?","?","M","T","E","M","?","T","E"],"character_chosen":"THE_SILENT","items_purchased":["Toolbox"],"campfire_rested":3,"item_purchase_floors":[13],"current_hp_per_floor":[70,70,70,70,70,36,57,57,57,57,28,49,49,28,49,29,70,67,67,67,66,66,26,5,5,5,0],"gold":330,"neow_bonus":"RANDOM_COMMON_RELIC","is_prod":false,"is_daily":false,"chose_seed":false,"campfire_upgraded":0,"win_rate":0,"timestamp":1542921579,"path_taken":["M","?","?","?","M","E","R","?","T","?","E","R","?","E","R","BOSS","M","?","?","M","?","E","M","?","T","E"],"build_version":"2018-11-15","purchased_purges":1,"victory":false,"max_hp_per_floor":[70,70,70,70,70,70,70,70,70,70,70,70,70,70,70,70,70,70,70,70,70,70,70,70,70,70,70],"card_choices":[{"not_picked":["Deflect","Well Laid Plans"],"picked":"Deadly Poison","floor":1},{"not_picked":["PiercingWail","Well Laid Plans"],"picked":"Catalyst","floor":5},{"not_picked":["Slice","Poisoned Stab"],"picked":"Noxious Fumes","floor":6},{"not_picked":["Malaise","Distraction"],"picked":"Riddle With Holes","floor":11},{"not_picked":["Underhanded Strike","Deflect"],"picked":"Bane","floor":14},{"not_picked":["Tools of the Trade","After Image"],"picked":"Corpse Explosion","floor":16},{"not_picked":["Flying Knee","Acrobatics","Dash"],"picked":"SKIP","floor":18},{"not_picked":["Dagger Throw","Quick Slash"],"picked":"Flechettes","floor":21},{"not_picked":["Predator","Reflex+1"],"picked":"Noxious Fumes","floor":23},{"not_picked":["Blade Dance","Poisoned Stab+1"],"picked":"Phantasmal Killer","floor":24}],"player_experience":1020982,"relics_obtained":[{"floor":6,"key":"Vajra"},{"floor":8,"key":"Lantern"},{"floor":9,"key":"Anchor"},{"floor":11,"key":"Mercury Hourglass"},{"floor":14,"key":"Blood Vial"},{"floor":17,"key":"Ancient Tea Set"},{"floor":17,"key":"Ninja Scroll"},{"floor":17,"key":"Bird Faced Urn"},{"floor":22,"key":"Dream Catcher"},{"floor":23,"key":"Whetstone"},{"floor":26,"key":"Bottled Lightning"}],"event_choices":[{"damage_healed":0,"gold_gain":175,"player_choice":"AGREE","damage_taken":0,"max_hp_gain":0,"max_hp_loss":0,"event_name":"Liars Game","floor":2,"gold_loss":0,"cards_obtained":["Doubt"]},{"cards_removed":["Doubt"],"damage_healed":0,"gold_gain":0,"player_choice":"Card Removal","damage_taken":0,"max_hp_gain":0,"max_hp_loss":0,"event_name":"The Cleric","floor":3,"gold_loss":50},{"damage_healed":0,"gold_gain":0,"player_choice":"Take Wound","damage_taken":0,"relics_obtained":["Golden Idol"],"max_hp_gain":0,"max_hp_loss":0,"event_name":"Golden Idol","floor":4,"gold_loss":0,"cards_obtained":["Injury"]},{"damage_healed":0,"gold_gain":0,"player_choice":"Upgraded","damage_taken":0,"max_hp_gain":0,"max_hp_loss":0,"event_name":"Upgrade Shrine","floor":10,"gold_loss":0,"cards_upgraded":["Catalyst"]},{"damage_healed":0,"gold_gain":0,"player_choice":"Opened","damage_taken":0,"relics_obtained":["Bronze Scales"],"max_hp_gain":0,"max_hp_loss":0,"event_name":"The Mausoleum","floor":19,"gold_loss":0},{"damage_healed":0,"gold_gain":0,"player_choice":"Obtain J.A.X.","damage_taken":0,"max_hp_gain":0,"max_hp_loss":0,"event_name":"Drug Dealer","floor":20,"gold_loss":0,"cards_obtained":["J.A.X."]},{"damage_healed":0,"gold_gain":0,"player_choice":"Obtained Relic","damage_taken":0,"relics_obtained":["War Paint"],"max_hp_gain":0,"max_hp_loss":0,"event_name":"Addict","floor":25,"gold_loss":85}],"is_beta":false,"boss_relics":[{"not_picked":["Cursed Key","Fusion Hammer"],"picked":"Calling Bell"}],"items_purged_floors":[13],"is_endless":false,"potions_floor_spawned":[14,16,18,24],"killed_by":"Book of Stabbing","ascension_level":1}