{"gold_per_floor":[109,119,119,138,157,189,189,222,222,222,70,70,81,97,97,194,194,211,110,110,122,176,176,206,206,253,253,36,48,61,80,80,183,183,197,297,297,323,323,323,342,342,342,376,396,422,422,455,455,455],"floor_reached":51,"playtime":5235,"items_purged":[],"score":1401,"play_id":"28f29125-4787-48dc-b4eb-825a0e665689","local_time":"20190320230527","is_ascension_mode":true,"campfire_choices":[{"floor":7,"key":"REST"},{"floor":12,"key":"REST"},{"data":"1","floor":15,"key":"LIFT"},{"floor":23,"key":"REST"},{"floor":25,"key":"REST"},{"data":"2","floor":32,"key":"LIFT"},{"floor":40,"key":"REST"},{"data":"3","floor":42,"key":"LIFT"},{"floor":47,"key":"REST"},{"data":"Fiend Fire","floor":49,"key":"SMITH"}],"neow_cost":"NONE","seed_source_timestamp":31376547063500,"circlet_count":0,"master_deck":["AscendersBane","Strike_R","Strike_R","Strike_R","Strike_R","Defend_R","Defend_R+1","Defend_R","Defend_R","Bash","Fiend Fire+1","Flame Barrier","Seeing Red","Impervious","Trip","Seeing Red+1","Ghostly Armor","Clash","Burning Pact+1","Feel No Pain","Discovery+1","Double Tap+1","Limit Break+1","Battle Trance+1","Feel No Pain","Infernal Blade+1","Armaments+1","Reaper","Feed","Feed","Fiend Fire","True Grit+1","Purity+1","Feed","Feel No Pain","Disarm+1","Entrench+1"],"relics":["Toxic Egg 2","Girya","Question Card","Busted Crown","Nloth\u0027s Gift","War Paint","Gremlin Horn","Vajra","Runic Cube","Dead Branch","Blood Vial","Pear","Centennial Puzzle","Pen Nib","Strawberry"],"potions_floor_usage":[6,13,14,16,24,29,36,50],"damage_taken":[{"damage":12,"enemies":"Jaw Worm","floor":1,"turns":2},{"damage":0,"enemies":"Cultist","floor":2,"turns":2},{"damage":0,"enemies":"Small Slimes","floor":4,"turns":3},{"damage":0,"enemies":"Exordium Wildlife","floor":5,"turns":2},{"damage":50,"enemies":"3 Sentries","floor":6,"turns":12},{"damage":31,"enemies":"Gremlin Nob","floor":8,"turns":5},{"damage":8,"enemies":"Gremlin Gang","floor":13,"turns":7},{"damage":0,"enemies":"Exordium Thugs","floor":14,"turns":7},{"damage":29,"enemies":"The Guardian","floor":16,"turns":13},{"damage":43,"enemies":"2 Thieves","floor":18,"turns":5},{"damage":1,"enemies":"Spheric Guardian","floor":21,"turns":3},{"damage":14,"enemies":"Slavers","floor":24,"turns":5},{"damage":0,"enemies":"Snake Plant","floor":29,"turns":3},{"damage":0,"enemies":"Cultist and Chosen","floor":30,"turns":6},{"damage":5,"enemies":"Snecko","floor":31,"turns":6},{"damage":48,"enemies":"Automaton","floor":33,"turns":8},{"damage":10,"enemies":"3 Shapes","floor":35,"turns":5},{"damage":43,"enemies":"Mind Bloom Boss Battle","floor":36,"turns":7},{"damage":15,"enemies":"3 Darklings","floor":41,"turns":5},{"damage":0,"enemies":"Giant Head","floor":44,"turns":4},{"damage":22,"enemies":"Sphere and 2 Shapes","floor":45,"turns":4},{"damage":0,"enemies":"Reptomancer","floor":46,"turns":4},{"damage":6,"enemies":"Giant Head","floor":48,"turns":3},{"damage":16,"enemies":"Donu and Deca","floor":50,"turns":4}],"seed_played":"-7706187512235459900","potions_obtained":[{"floor":1,"key":"Regen Potion"},{"floor":4,"key":"Swift Potion"},{"floor":8,"key":"Weak Potion"},{"floor":13,"key":"SneckoOil"},{"floor":18,"key":"AttackPotion"},{"floor":24,"key":"Poison Potion"},{"floor":31,"key":"Ancient Potion"},{"floor":35,"key":"AttackPotion"},{"floor":41,"key":"FearPotion"},{"floor":45,"key":"AttackPotion"}],"is_trial":false,"path_per_floor":["M","M","?","M","M","E","R","E","T","?","$","R","M","M","R","B",null,"M","$","?","M","T","R","E","R","T","?","$","M","M","M","R","B",null,"M","?","?","T","?","R","M","R","T","E","M","E","R","E","R","B",null],"character_chosen":"IRONCLAD","items_purchased":["Feel No Pain","Discovery+1","Feel No Pain","Infernal Blade+1","Reaper","Feed"],"campfire_rested":6,"item_purchase_floors":[11,11,19,19,28,28],"current_hp_per_floor":[66,72,72,78,80,36,60,35,35,35,35,59,72,78,78,55,74,37,37,37,36,36,60,46,70,70,55,55,67,78,85,85,45,80,77,44,44,44,44,71,76,76,86,88,74,79,110,114,114,100],"gold":455,"neow_bonus":"ONE_RANDOM_RARE_CARD","is_prod":false,"is_daily":false,"chose_seed":false,"campfire_upgraded":1,"win_rate":0,"timestamp":1553119527,"path_taken":["M","M","?","?","M","E","R","E","T","?","?","R","?","M","R","BOSS","M","$","?","?","?","R","E","R","T","?","?","?","M","M","R","BOSS","M","?","?","?","?","R","M","R","T","E","M","E","R","E","R","BOSS"],"build_version":"2019-01-23","purchased_purges":0,"victory":true,"max_hp_per_floor":[80,80,80,80,80,80,80,80,80,80,80,80,80,80,80,80,80,80,80,80,80,80,80,80,80,80,85,85,88,91,91,91,91,91,91,91,91,91,91,91,91,91,101,101,107,110,110,120,120,120],"card_choices":[{"not_picked":["Bloodletting","Inflame"],"picked":"Flame Barrier","floor":1},{"not_picked":["Whirlwind","Corruption"],"picked":"Seeing Red","floor":2},{"not_picked":["Burning Pact","Havoc"],"picked":"Seeing Red","floor":4},{"not_picked":["Thunderclap","Rampage"],"picked":"Ghostly Armor","floor":5},{"not_picked":["Spot Weakness","Warcry"],"picked":"Clash","floor":6},{"not_picked":["Heavy Blade","Carnage"],"picked":"Burning Pact+1","floor":8},{"not_picked":["Sever Soul","Combust","Metallicize","Rampage"],"picked":"SKIP","floor":13},{"not_picked":["Sword Boomerang","Pummel","Power Through+1"],"picked":"Double Tap+1","floor":14},{"not_picked":["Brutality","Impervious+1","Immolate"],"picked":"Limit Break+1","floor":16},{"not_picked":["Shockwave+1"],"picked":"Battle Trance+1","floor":18},{"not_picked":["Corruption"],"picked":"Armaments+1","floor":21},{"not_picked":["Shrug It Off+1","Warcry+1"],"picked":"SKIP","floor":24},{"not_picked":["Pommel Strike"],"picked":"Feed","floor":29},{"not_picked":["Thunderclap","Searing Blow"],"picked":"SKIP","floor":30},{"not_picked":["Pommel Strike+1","Warcry+1"],"picked":"SKIP","floor":31},{"not_picked":["Double Tap+1"],"picked":"Fiend Fire","floor":33},{"not_picked":["Warcry+1","Cleave"],"picked":"SKIP","floor":35},{"not_picked":["Sword Boomerang+1"],"picked":"True Grit+1","floor":36},{"not_picked":["Trip+1"],"picked":"Purity+1","floor":37},{"not_picked":["Clash"],"picked":"Feed","floor":41},{"not_picked":["Anger+1","Shrug It Off+1"],"picked":"SKIP","floor":44},{"not_picked":["Brutality"],"picked":"Feel No Pain","floor":45},{"not_picked":["Blood for Blood"],"picked":"Disarm+1","floor":46},{"not_picked":["Armaments+1"],"picked":"Entrench+1","floor":48}],"player_experience":1553866,"relics_obtained":[{"floor":6,"key":"Toxic Egg 2"},{"floor":8,"key":"Girya"},{"floor":9,"key":"Question Card"},{"floor":22,"key":"War Paint"},{"floor":24,"key":"Gremlin Horn"},{"floor":26,"key":"Vajra"},{"floor":36,"key":"Dead Branch"},{"floor":38,"key":"Blood Vial"},{"floor":43,"key":"Pear"},{"floor":44,"key":"Centennial Puzzle"},{"floor":46,"key":"Pen Nib"},{"floor":48,"key":"Strawberry"}],"event_choices":[{"damage_healed":0,"gold_gain":0,"player_choice":"2 cards matched","damage_taken":0,"max_hp_gain":0,"max_hp_loss":0,"event_name":"Match and Keep!","floor":3,"gold_loss":0,"cards_obtained":["Impervious","Trip"]},{"cards_removed":["Strike_R"],"damage_healed":0,"gold_gain":0,"player_choice":"Forget","damage_taken":0,"max_hp_gain":0,"max_hp_loss":0,"event_name":"Living Wall","floor":10,"gold_loss":0},{"damage_healed":0,"gold_gain":0,"player_choice":"Traded Relic","damage_taken":0,"relics_obtained":["Nloth\u0027s Gift"],"max_hp_gain":0,"max_hp_loss":0,"event_name":"N\u0027loth","floor":20,"relics_lost":["Burning Blood"],"gold_loss":0},{"damage_healed":0,"gold_gain":0,"player_choice":"Shed Blood","damage_taken":20,"max_hp_gain":5,"max_hp_loss":0,"event_name":"Forgotten Altar","floor":27,"gold_loss":0},{"damage_healed":0,"gold_gain":0,"player_choice":"Fight","damage_taken":0,"max_hp_gain":0,"max_hp_loss":0,"event_name":"MindBloom","floor":36,"gold_loss":0},{"damage_healed":0,"gold_gain":0,"player_choice":"Memory 1","damage_taken":0,"max_hp_gain":0,"max_hp_loss":0,"event_name":"SensoryStone","floor":37,"gold_loss":0},{"damage_healed":0,"gold_gain":0,"player_choice":"Ignored","damage_taken":0,"max_hp_gain":0,"max_hp_loss":0,"event_name":"Mysterious Sphere","floor":39,"gold_loss":0}],"is_beta":false,"boss_relics":[{"not_picked":["Snecko Eye","Coffee Dripper"],"picked":"Busted Crown"},{"not_picked":["Cursed Key","Astrolabe"],"picked":"Runic Cube"}],"items_purged_floors":[],"is_endless":false,"potions_floor_spawned":[1,4,8,13,18,24,31,35,41,45],"ascension_level":12}