{"gold_per_floor":[116,66,66,19,19,47,47,64,64,64,81,98,110,121,121,222,222,237,237,10,28,5,23,23,46,46,46,59,71,71,89,89,185,185,195,195,245,245,263,263,38,38,38,58,72,90,90,23,23,23],"floor_reached":51,"playtime":3165,"items_purged":[],"score":1061,"play_id":"942a951b-743e-479b-99d0-35a0676bc873","local_time":"20190426174245","is_ascension_mode":true,"campfire_choices":[{"data":"Cloak And Dagger","floor":7,"key":"SMITH"},{"data":"Backstab","floor":10,"key":"SMITH"},{"floor":15,"key":"REST"},{"floor":24,"key":"REST"},{"data":"Corpse Explosion","floor":27,"key":"SMITH"},{"floor":30,"key":"REST"},{"floor":32,"key":"REST"},{"floor":40,"key":"REST"},{"floor":47,"key":"REST"},{"floor":49,"key":"REST"}],"neow_cost":"NONE","seed_source_timestamp":32816111248339,"circlet_count":0,"master_deck":["AscendersBane","Defend_G","Defend_G","Defend_G","Defend_G","Defend_G","Strike_G","Strike_G+1","Strike_G","Survivor+1","Neutralize","Backflip","Backflip","Cloak And Dagger+1","Backstab+1","Underhanded Strike","Caltrops+1","Noxious Fumes+1","Tools of the Trade+1","Corpse Explosion+1","Cloak And Dagger+1","Mayhem+1","Noxious Fumes+1","Blur+1","PiercingWail","Cloak And Dagger","PiercingWail","PiercingWail","Footwork+1","Tools of the Trade+1","Calculated Gamble","Madness","Madness","Deflect+1","Dagger Throw+1","Sadistic Nature+1","Footwork+1","Finisher+1","Deflect+1","Bouncing Flask+1","Caltrops+1"],"relics":["Ring of the Snake","NeowsBlessing","Mercury Hourglass","Turnip","Frozen Egg 2","Lizard Tail","MutagenicStrength","Omamori","Shuriken","Runic Pyramid","Incense Burner","Letter Opener"],"potions_floor_usage":[16,18,23,23,33,35,37,45],"damage_taken":[{"damage":0,"enemies":"2 Louse","floor":1,"turns":1},{"damage":0,"enemies":"Gremlin Nob","floor":6,"turns":1},{"damage":0,"enemies":"Jaw Worm","floor":8,"turns":1},{"damage":0,"enemies":"Cultist","floor":11,"turns":2},{"damage":10,"enemies":"Exordium Thugs","floor":12,"turns":6},{"damage":2,"enemies":"Red Slaver","floor":13,"turns":3},{"damage":1,"enemies":"Looter","floor":14,"turns":2},{"damage":9,"enemies":"Hexaghost","floor":16,"turns":9},{"damage":26,"enemies":"Shell Parasite","floor":18,"turns":6},{"damage":0,"enemies":"3 Byrds","floor":21,"turns":2},{"damage":17,"enemies":"Centurion and Healer","floor":23,"turns":3},{"damage":27,"enemies":"Snake Plant","floor":28,"turns":3},{"damage":11,"enemies":"Cultist and Chosen","floor":29,"turns":4},{"damage":6,"enemies":"Shelled Parasite and Fungi","floor":31,"turns":5},{"damage":0,"enemies":"Champ","floor":33,"turns":13},{"damage":10,"enemies":"3 Shapes","floor":35,"turns":5},{"damage":31,"enemies":"2 Orb Walkers","floor":37,"turns":4},{"damage":3,"enemies":"Orb Walker","floor":39,"turns":4},{"damage":6,"enemies":"Maw","floor":44,"turns":8},{"damage":16,"enemies":"Jaw Worm Horde","floor":45,"turns":5},{"damage":11,"enemies":"Writhing Mass","floor":46,"turns":7},{"damage":39,"enemies":"Time Eater","floor":50,"turns":12}],"seed_played":"9203095031404232178","potions_obtained":[{"floor":1,"key":"Swift Potion"},{"floor":12,"key":"SkillPotion"},{"floor":14,"key":"SneckoOil"},{"floor":16,"key":"LiquidBronze"},{"floor":21,"key":"Regen Potion"},{"floor":28,"key":"PowerPotion"},{"floor":33,"key":"GamblersBrew"},{"floor":39,"key":"Dexterity Potion"},{"floor":46,"key":"GhostInAJar"}],"is_trial":false,"path_per_floor":["M","?","?","$","?","E","R","M","T","R","M","M","M","M","R","B",null,"M","?","$","M","$","M","R","T","T","R","M","M","R","M","R","B",null,"M","?","?","?","M","R","$","?","T","M","M","M","R","$","R","B",null],"character_chosen":"THE_SILENT","items_purchased":["Backflip","Mayhem+1","Noxious Fumes+1","PiercingWail","Sadistic Nature+1","Footwork+1","Caltrops+1"],"campfire_rested":7,"item_purchase_floors":[4,20,20,22,41,41,48],"current_hp_per_floor":[63,63,49,49,49,49,49,49,49,49,49,39,37,36,57,48,65,39,39,39,39,39,31,52,52,52,52,25,14,35,29,50,50,65,55,46,15,15,12,33,33,33,33,27,11,35,56,56,70,31],"gold":23,"neow_bonus":"THREE_ENEMY_KILL","is_prod":false,"is_daily":false,"chose_seed":false,"campfire_upgraded":3,"win_rate":0,"timestamp":1556325765,"path_taken":["M","?","?","$","?","E","R","M","T","R","M","?","M","M","R","BOSS","M","?","$","M","$","M","R","?","T","R","?","M","R","M","R","BOSS","M","?","?","?","?","R","?","?","T","M","M","?","R","$","R","BOSS"],"build_version":"2019-01-23","purchased_purges":0,"victory":true,"max_hp_per_floor":[70,70,70,70,70,70,70,70,70,70,70,70,70,70,70,70,70,70,70,70,70,70,70,70,70,70,70,70,70,70,70,70,70,70,70,70,70,70,70,70,70,70,70,70,70,70,70,70,70,70],"card_choices":[{"not_picked":["Finisher","Flying Knee"],"picked":"Backflip","floor":1},{"not_picked":["Prepared","Slice"],"picked":"Cloak And Dagger","floor":6},{"not_picked":["Setup","Concentrate"],"picked":"Backstab","floor":8},{"not_picked":["Deadly Poison","Poisoned Stab"],"picked":"Underhanded Strike","floor":11},{"not_picked":["Bane","Crippling Poison"],"picked":"Caltrops+1","floor":12},{"not_picked":["Slice","Masterful Stab"],"picked":"Noxious Fumes+1","floor":13},{"not_picked":["Terror","Distraction"],"picked":"Tools of the Trade+1","floor":14},{"not_picked":["Wraith Form v2+1","Night Terror"],"picked":"Corpse Explosion","floor":16},{"not_picked":["Quick Slash","All Out Attack"],"picked":"Cloak And Dagger+1","floor":18},{"not_picked":["Bane","Deflect"],"picked":"Blur+1","floor":21},{"not_picked":["Deadly Poison","Expertise"],"picked":"Cloak And Dagger","floor":23},{"not_picked":["Blade Dance","Prepared"],"picked":"PiercingWail","floor":28},{"not_picked":["Slice+1","Poisoned Stab+1"],"picked":"PiercingWail","floor":29},{"not_picked":["Dagger Throw","Deflect"],"picked":"Footwork+1","floor":31},{"not_picked":["Grand Finale","Unload"],"picked":"Tools of the Trade+1","floor":33},{"not_picked":["Accuracy+1","Outmaneuver"],"picked":"Calculated Gamble","floor":35},{"not_picked":["Dagger Throw","All Out Attack+1"],"picked":"Deflect+1","floor":37},{"not_picked":["Eviscerate","Heel Hook+1"],"picked":"Dagger Throw+1","floor":39},{"not_picked":["Flying Knee","Riddle With Holes"],"picked":"Finisher+1","floor":44},{"not_picked":["Bane+1","Dagger Spray"],"picked":"Deflect+1","floor":45},{"not_picked":["Accuracy+1","PiercingWail"],"picked":"Bouncing Flask+1","floor":46}],"player_experience":1480710,"relics_obtained":[{"floor":6,"key":"Turnip"},{"floor":9,"key":"Frozen Egg 2"},{"floor":25,"key":"Omamori"},{"floor":26,"key":"Shuriken"},{"floor":37,"key":"Incense Burner"},{"floor":43,"key":"Letter Opener"}],"event_choices":[{"cards_removed":["Strike_G"],"damage_healed":0,"gold_gain":0,"player_choice":"Card Removal","damage_taken":0,"max_hp_gain":0,"max_hp_loss":0,"event_name":"The Cleric","floor":2,"gold_loss":50},{"damage_healed":0,"gold_gain":0,"player_choice":"Entered Light","damage_taken":14,"max_hp_gain":0,"max_hp_loss":0,"event_name":"Shining Light","floor":3,"gold_loss":0,"cards_upgraded":["Survivor","Strike_G"]},{"damage_healed":0,"gold_gain":0,"player_choice":"Box","damage_taken":0,"relics_obtained":["Mercury Hourglass"],"max_hp_gain":0,"max_hp_loss":0,"event_name":"Big Fish","floor":5,"gold_loss":0,"cards_obtained":["Regret"]},{"damage_healed":0,"gold_gain":0,"player_choice":"Inject Mutagens","damage_taken":0,"relics_obtained":["MutagenicStrength"],"max_hp_gain":0,"max_hp_loss":0,"event_name":"Drug Dealer","floor":19,"gold_loss":0},{"damage_healed":0,"gold_gain":0,"player_choice":"Embrace Madness","damage_taken":9,"max_hp_gain":0,"max_hp_loss":0,"event_name":"Winding Halls","floor":36,"gold_loss":0,"cards_obtained":["Madness","Madness"]},{"damage_healed":0,"gold_gain":0,"player_choice":"Fight","damage_taken":0,"max_hp_gain":0,"max_hp_loss":0,"event_name":"Mysterious Sphere","floor":37,"gold_loss":0},{"cards_removed":["Strike_G"],"damage_healed":0,"gold_gain":0,"player_choice":"Removed Attack","damage_taken":0,"max_hp_gain":0,"max_hp_loss":0,"event_name":"Falling","floor":38,"gold_loss":0},{"cards_removed":["Regret"],"damage_healed":0,"gold_gain":0,"player_choice":"Removed Curses","damage_taken":0,"max_hp_gain":0,"max_hp_loss":0,"event_name":"Fountain of Cleansing","floor":42,"gold_loss":0}],"is_beta":false,"boss_relics":[{"not_picked":["Ectoplasm","WristBlade"],"picked":"Lizard Tail"},{"not_picked":["Empty Cage","Tiny House"],"picked":"Runic Pyramid"}],"items_purged_floors":[],"is_endless":false,"potions_floor_spawned":[1,12,14,16,21,28,33,39,46],"ascension_level":10}