{"gold_per_floor":[118,44,119,119,119,147,147,174,174,202,202,17,17,27,27,125,125,135,60,60,71,71,71,71,71,71,71,71,82,82,97,97,195,195,210,210,310,310,310,310,343,343,343,10,22,40,40,52,52,52],"floor_reached":51,"playtime":2412,"items_purged":["Regret"],"score":1025,"play_id":"799e218d-e85e-40f7-8efb-650f5509cae4","local_time":"20181227202732","is_ascension_mode":true,"campfire_choices":[{"data":"Defragment","floor":7,"key":"SMITH"},{"floor":13,"key":"REST"},{"data":"Apotheosis","floor":15,"key":"SMITH"},{"floor":23,"key":"REST"},{"floor":30,"key":"REST"},{"floor":32,"key":"REST"},{"data":"Writhe","floor":40,"key":"PURGE"},{"data":"Shame","floor":42,"key":"PURGE"},{"floor":47,"key":"REST"},{"floor":49,"key":"REST"}],"neow_cost":"NONE","seed_source_timestamp":496875093731000,"circlet_count":0,"master_deck":["Strike_B","Strike_B","Strike_B","Defend_B","Defend_B","Defend_B","Defend_B","Zap","Dualcast","Defragment+1","Defragment","Leap","Static Discharge","Amplify","Apotheosis+1","Static Discharge","Biased Cognition","Turbo","White Noise+1","Machine Learning","Chaos","Storm","Chrysalis","Turbo"],"relics":["Cracked Core","NeowsBlessing","Matryoshka","Bag of Preparation","Turnip","Darkstone Periapt","Centennial Puzzle","Boot","WingedGreaves","StoneCalendar","Busted Crown","Mummified Hand","Dead Branch","Emotion Chip","Philosopher\u0027s Stone","Peace Pipe","Bronze Scales","Orichalcum","Membership Card"],"potions_floor_usage":[10,10,16,29,33,33,33,45,50],"damage_taken":[{"damage":0,"enemies":"Jaw Worm","floor":1,"turns":1},{"damage":0,"enemies":"Lagavulin","floor":6,"turns":1},{"damage":0,"enemies":"3 Sentries","floor":8,"turns":1},{"damage":12,"enemies":"Gremlin Nob","floor":10,"turns":3},{"damage":7,"enemies":"2 Louse","floor":14,"turns":2},{"damage":39,"enemies":"Hexaghost","floor":16,"turns":5},{"damage":31,"enemies":"Shell Parasite","floor":18,"turns":4},{"damage":11,"enemies":"2 Thieves","floor":21,"turns":3},{"damage":22,"enemies":"Colosseum Slavers","floor":27,"turns":2},{"damage":0,"enemies":"3 Cultists","floor":29,"turns":4},{"damage":10,"enemies":"Snecko","floor":31,"turns":2},{"damage":28,"enemies":"Collector","floor":33,"turns":7},{"damage":8,"enemies":"3 Shapes","floor":35,"turns":3},{"damage":2,"enemies":"Mind Bloom Boss Battle","floor":37,"turns":6},{"damage":21,"enemies":"Nemesis","floor":41,"turns":5},{"damage":9,"enemies":"3 Darklings","floor":45,"turns":2},{"damage":20,"enemies":"Writhing Mass","floor":46,"turns":4},{"damage":14,"enemies":"Sphere and 2 Shapes","floor":48,"turns":3},{"damage":63,"enemies":"Donu and Deca","floor":50,"turns":5}],"seed_played":"5525047246790608760","potions_obtained":[{"floor":1,"key":"AttackPotion"},{"floor":6,"key":"SkillPotion"},{"floor":8,"key":"Fire Potion"},{"floor":14,"key":"Dexterity Potion"},{"floor":18,"key":"Dexterity Potion"},{"floor":21,"key":"Strength Potion"},{"floor":31,"key":"Weak Potion"},{"floor":37,"key":"Swift Potion"},{"floor":41,"key":"Energy Potion"},{"floor":48,"key":"Strength Potion"}],"is_trial":false,"path_per_floor":["M","$","?","?","T","E","R","E","T","E","?","$","R","M","R","B",null,"M","$","?","M","$","R","?","?","T","?","?","M","R","M","R","B",null,"M","?","?","?","?","R","E","R","T","$","M","M","R","M","R","B",null],"character_chosen":"DEFECT","items_purchased":["Defragment","Apotheosis","Membership Card","Storm","Chrysalis"],"campfire_rested":6,"item_purchase_floors":[2,12,44,44,44],"current_hp_per_floor":[68,68,57,57,57,57,57,57,57,45,45,45,67,60,60,21,62,31,31,37,26,26,50,50,56,56,34,34,34,60,50,76,48,77,69,69,67,93,93,93,72,72,72,72,63,43,70,56,83,20],"gold":52,"neow_bonus":"THREE_ENEMY_KILL","is_prod":false,"is_daily":false,"chose_seed":false,"campfire_upgraded":2,"win_rate":0,"timestamp":1545938852,"path_taken":["M","$","?","?","?","E","R","E","T","E","?","$","R","M","R","BOSS","M","$","?","M","$","R","?","?","T","?","?","M","R","?","R","BOSS","M","?","?","?","?","R","E","R","T","$","?","M","R","M","R","BOSS"],"build_version":"2018-12-20","purchased_purges":1,"victory":true,"max_hp_per_floor":[75,75,75,75,75,75,75,75,75,75,75,75,75,75,75,75,75,75,75,81,81,81,81,81,87,87,87,87,87,87,87,87,87,87,87,87,87,93,93,93,93,93,93,93,93,93,93,93,93,93],"card_choices":[{"not_picked":["Compile Driver","Auto Shields"],"picked":"Defragment","floor":1},{"not_picked":["Reprogram","Steam"],"picked":"Leap","floor":6},{"not_picked":["Ball Lightning","Sweeping Beam"],"picked":"Static Discharge","floor":8},{"not_picked":["Turbo","Reinforced Body"],"picked":"Amplify","floor":10},{"not_picked":["Beam Cell","Cold Snap"],"picked":"Static Discharge","floor":14},{"not_picked":["Machine Learning","Multi-Cast"],"picked":"Biased Cognition","floor":16},{"not_picked":[],"picked":"Turbo","floor":18},{"not_picked":[],"picked":"White Noise+1","floor":21},{"not_picked":["Coolheaded"],"picked":"SKIP","floor":29},{"not_picked":["Rip and Tear"],"picked":"SKIP","floor":31},{"not_picked":[],"picked":"Machine Learning","floor":33},{"not_picked":["Auto Shields"],"picked":"SKIP","floor":35},{"not_picked":[],"picked":"Chaos","floor":41},{"not_picked":[],"picked":"Turbo","floor":45},{"not_picked":["Barrage+1"],"picked":"SKIP","floor":46},{"not_picked":["Compile Driver+1"],"picked":"SKIP","floor":48}],"player_experience":1051565,"relics_obtained":[{"floor":5,"key":"Bag of Preparation"},{"floor":5,"key":"Turnip"},{"floor":6,"key":"Darkstone Periapt"},{"floor":8,"key":"Centennial Puzzle"},{"floor":9,"key":"Boot"},{"floor":9,"key":"WingedGreaves"},{"floor":10,"key":"StoneCalendar"},{"floor":26,"key":"Emotion Chip"},{"floor":37,"key":"Peace Pipe"},{"floor":41,"key":"Bronze Scales"},{"floor":43,"key":"Orichalcum"}],"event_choices":[{"damage_healed":0,"gold_gain":75,"player_choice":"Gather Gold","damage_taken":11,"max_hp_gain":0,"max_hp_loss":0,"event_name":"World of Goop","floor":3,"gold_loss":0},{"damage_healed":0,"gold_gain":0,"player_choice":"Box","damage_taken":0,"relics_obtained":["Matryoshka"],"max_hp_gain":0,"max_hp_loss":0,"event_name":"Big Fish","floor":4,"gold_loss":0,"cards_obtained":["Regret"]},{"damage_healed":0,"gold_gain":0,"player_choice":"Ignored","damage_taken":0,"max_hp_gain":0,"max_hp_loss":0,"event_name":"Shining Light","floor":11,"gold_loss":0},{"damage_healed":0,"gold_gain":0,"player_choice":"Opened","damage_taken":0,"relics_obtained":["Mummified Hand"],"max_hp_gain":0,"max_hp_loss":0,"event_name":"The Mausoleum","floor":20,"gold_loss":0,"cards_obtained":["Writhe"]},{"damage_healed":0,"gold_gain":0,"player_choice":"Ignored","damage_taken":0,"max_hp_gain":0,"max_hp_loss":0,"event_name":"Beggar","floor":24,"gold_loss":0},{"damage_healed":0,"gold_gain":0,"player_choice":"Stole Relic","damage_taken":0,"relics_obtained":["Dead Branch"],"max_hp_gain":0,"max_hp_loss":0,"event_name":"Addict","floor":25,"gold_loss":0,"cards_obtained":["Shame"]},{"damage_healed":0,"gold_gain":0,"player_choice":"Fight","damage_taken":0,"max_hp_gain":0,"max_hp_loss":0,"event_name":"Colosseum","floor":27,"gold_loss":0},{"damage_healed":0,"gold_gain":0,"player_choice":"Fled From Nobs","damage_taken":0,"max_hp_gain":0,"max_hp_loss":0,"event_name":"Colosseum","floor":27,"gold_loss":0},{"cards_removed":["Writhe"],"damage_healed":0,"gold_gain":0,"player_choice":"Elegance","damage_taken":0,"max_hp_gain":0,"max_hp_loss":0,"event_name":"Back to Basics","floor":28,"gold_loss":0},{"cards_removed":["Strike_B"],"damage_healed":0,"gold_gain":0,"player_choice":"Removed Attack","damage_taken":0,"max_hp_gain":0,"max_hp_loss":0,"event_name":"Falling","floor":36,"gold_loss":0},{"damage_healed":0,"gold_gain":0,"player_choice":"Fight","damage_taken":0,"max_hp_gain":0,"max_hp_loss":0,"event_name":"MindBloom","floor":37,"gold_loss":0},{"damage_healed":22,"gold_gain":0,"player_choice":"Writhe","damage_taken":0,"max_hp_gain":0,"max_hp_loss":0,"event_name":"Winding Halls","floor":38,"gold_loss":0,"cards_obtained":["Writhe"]},{"damage_healed":0,"gold_gain":0,"player_choice":"Ignored","damage_taken":0,"max_hp_gain":0,"max_hp_loss":0,"event_name":"Tomb of Lord Red Mask","floor":39,"gold_loss":0}],"is_beta":false,"boss_relics":[{"not_picked":["Coffee Dripper","Tiny House"],"picked":"Busted Crown"},{"not_picked":["Snecko Eye","Black Star"],"picked":"Philosopher\u0027s Stone"}],"items_purged_floors":[19],"is_endless":false,"potions_floor_spawned":[1,6,8,14,18,21,31,37,41,48],"ascension_level":7}