{"gold_per_floor":[112,132,112,124,299,326,326,351,377,377,19,45,45,70,70,70],"floor_reached":16,"playtime":499,"items_purged":["Doubt"],"score":240,"play_id":"10d13623-0bed-4609-ad39-0ef5a6ecd3b9","local_time":"20190510221517","is_ascension_mode":true,"campfire_choices":[{"floor":7,"key":"REST"},{"floor":10,"key":"REST"},{"floor":13,"key":"REST"},{"data":"Limit Break","floor":15,"key":"SMITH"}],"neow_cost":"PERCENT_DAMAGE","seed_source_timestamp":271256481602800,"circlet_count":0,"master_deck":["AscendersBane","Strike_R","Strike_R","Strike_R","Defend_R","Defend_R","Defend_R","Defend_R","Bash","Spot Weakness","Heavy Blade","Uppercut","Limit Break+1","Rage","Dual Wield"],"relics":["Burning Blood","Dream Catcher","Boot","Regal Pillow","Blood Vial","Lantern","Bag of Marbles"],"potions_floor_usage":[6,6,8,12,12],"damage_taken":[{"damage":8,"enemies":"Jaw Worm","floor":1,"turns":5},{"damage":22,"enemies":"Cultist","floor":2,"turns":6},{"damage":0,"enemies":"Small Slimes","floor":4,"turns":3},{"damage":35,"enemies":"Lagavulin","floor":6,"turns":7},{"damage":29,"enemies":"Gremlin Nob","floor":8,"turns":4},{"damage":30,"enemies":"Lagavulin","floor":12,"turns":6},{"damage":71,"enemies":"The Guardian","floor":16,"turns":9}],"seed_played":"-4534762191131195587","potions_obtained":[{"floor":2,"key":"SteroidPotion"},{"floor":3,"key":"Swift Potion"},{"floor":6,"key":"Poison Potion"},{"floor":8,"key":"FearPotion"},{"floor":12,"key":"Ancient Potion"}],"is_trial":false,"path_per_floor":["M","M","?","M","?","E","R","E","T","R","$","E","R","T","R","B"],"character_chosen":"IRONCLAD","items_purchased":["Blood Vial","Limit Break","PowerPotion"],"campfire_rested":3,"item_purchase_floors":[11,11,11],"current_hp_per_floor":[48,32,32,38,38,9,31,8,8,45,45,23,60,60,60,0],"gold":70,"neow_bonus":"REMOVE_TWO","is_prod":false,"is_daily":false,"chose_seed":false,"campfire_upgraded":1,"win_rate":0,"timestamp":1557519317,"path_taken":["M","M","?","?","?","E","R","E","T","R","$","E","R","?","R","BOSS"],"build_version":"2019-01-23","purchased_purges":1,"victory":false,"max_hp_per_floor":[75,75,75,75,75,75,75,75,75,75,75,75,75,75,75,75],"card_choices":[{"not_picked":["Headbutt","Rupture"],"picked":"Spot Weakness","floor":1},{"not_picked":["Sword Boomerang","Clash"],"picked":"Heavy Blade","floor":2},{"not_picked":["Body Slam","Thunderclap","Shrug It Off"],"picked":"SKIP","floor":4},{"not_picked":["Evolve","Havoc"],"picked":"Uppercut","floor":6},{"not_picked":["Pommel Strike","Cleave","Clothesline"],"picked":"SKIP","floor":8},{"not_picked":["Juggernaut","Perfected Strike"],"picked":"Rage","floor":12},{"not_picked":["Second Wind","Havoc"],"picked":"Dual Wield","floor":13}],"player_experience":1838480,"relics_obtained":[{"floor":6,"key":"Dream Catcher"},{"floor":8,"key":"Boot"},{"floor":9,"key":"Regal Pillow"},{"floor":12,"key":"Lantern"},{"floor":14,"key":"Bag of Marbles"}],"event_choices":[{"damage_healed":0,"gold_gain":0,"player_choice":"Bought 1 Potion","damage_taken":0,"max_hp_gain":0,"max_hp_loss":0,"event_name":"The Woman in Blue","floor":3,"gold_loss":0},{"damage_healed":0,"gold_gain":175,"player_choice":"AGREE","damage_taken":0,"max_hp_gain":0,"max_hp_loss":0,"event_name":"Liars Game","floor":5,"gold_loss":0,"cards_obtained":["Doubt"]}],"is_beta":false,"boss_relics":[],"items_purged_floors":[11],"is_endless":false,"potions_floor_spawned":[2,6,8,12],"killed_by":"The Guardian","ascension_level":14}