{"gold_per_floor":[111,111,36,36,36,36,64,9,9,9,34,34,47,81,81,159,159,176,188,238,256,256,256,256,269,269,287,212,212,95,115,115,190,190,210,1209,1259,1259],"floor_reached":38,"playtime":991,"items_purged":["Defend_B"],"score":1101,"play_id":"3e5dcc6a-71b5-4317-9cae-dfd4a7780381","local_time":"20190514034513","is_ascension_mode":true,"campfire_choices":[{"data":"Chaos","floor":6.0,"key":"SMITH"},{"data":"Darkness","floor":12.0,"key":"SMITH"},{"data":"Dualcast","floor":15.0,"key":"SMITH"},{"floor":23.0,"key":"REST"},{"data":"Turbo","floor":24.0,"key":"SMITH"},{"data":"Redo","floor":32.0,"key":"SMITH"}],"neow_cost":"NONE","seed_source_timestamp":303639197494227,"circlet_count":0,"master_deck":["AscendersBane","Zap","Dualcast+1","Cold Snap","Chaos+1","Rainbow","Coolheaded","Darkness+1","Compile Driver","Turbo+1","Meteor Strike","Redo+1","BootSequence","Glacier","Go for the Eyes+1","Capacitor","Core Surge","Amplify","Double Energy","Aggregate","Normality","Normality"],"special_seed":0,"relics":["Cracked Core","NeowsBlessing","WingedGreaves","Sundial","Cables","Happy Flower","Runic Pyramid","Pear","Pandora\u0027s Box"],"potions_floor_usage":[],"damage_taken":[{"damage":0.0,"enemies":"Cultist","floor":1.0,"turns":1.0},{"damage":0.0,"enemies":"Gremlin Nob","floor":7.0,"turns":1.0},{"damage":0.0,"enemies":"Lagavulin","floor":11.0,"turns":1.0},{"damage":0.0,"enemies":"Small Slimes","floor":13.0,"turns":2.0},{"damage":9.0,"enemies":"3 Sentries","floor":14.0,"turns":8.0},{"damage":0.0,"enemies":"Slime Boss","floor":16.0,"turns":6.0},{"damage":14.0,"enemies":"3 Byrds","floor":18.0,"turns":5.0},{"damage":7.0,"enemies":"Shell Parasite","floor":19.0,"turns":3.0},{"damage":32.0,"enemies":"Cultist and Chosen","floor":21.0,"turns":6.0},{"damage":5.0,"enemies":"Snake Plant","floor":25.0,"turns":3.0},{"damage":1.0,"enemies":"Chosen and Byrds","floor":27.0,"turns":6.0},{"damage":0.0,"enemies":"3 Cultists","floor":31.0,"turns":5.0},{"damage":0.0,"enemies":"Collector","floor":33.0,"turns":8.0},{"damage":0.0,"enemies":"Orb Walker","floor":35.0,"turns":3.0},{"damage":66,"enemies":"3 Darklings","floor":38,"turns":8}],"seed_played":"-6875129056180472211","potions_obtained":[{"floor":11.0,"key":"Poison Potion"},{"floor":13.0,"key":"Weak Potion"},{"floor":16.0,"key":"Swift Potion"},{"floor":18.0,"key":"Energy Potion"},{"floor":25.0,"key":"SpeedPotion"},{"floor":27.0,"key":"FocusPotion"}],"is_trial":false,"path_per_floor":["M","?","?","$","?","R","E","$","T","$","E","R","M","E","R","B",null,"M","M","?","M","?","R","R","M","T","M","?","?","$","M","R","B",null,"M","?","?","M"],"character_chosen":"DEFECT","items_purchased":["Coolheaded","Capacitor"],"campfire_rested":1,"item_purchase_floors":[8,30],"current_hp_per_floor":[64,57,57,57,57,57,57,57,57,57,57,57,57,48,48,48,65,51,44,44,12,12,33,33,28,38,37,37,37,37,37,37,37,70,70,70,62,0],"gold":1259,"neow_bonus":"THREE_ENEMY_KILL","is_prod":false,"is_daily":false,"chose_seed":false,"campfire_upgraded":5,"win_rate":0,"timestamp":1557776713,"path_taken":["M","?","?","$","?","R","E","$","T","$","E","R","M","E","R","BOSS","M","M","?","M","?","R","R","?","T","M","?","?","?","M","R","BOSS","M","?","?","?"],"build_version":"2019-01-23","purchased_purges":1,"victory":false,"max_hp_per_floor":[71,71,71,71,71,71,71,71,71,71,71,71,71,71,71,71,71,71,71,71,71,71,71,71,71,81,81,81,81,81,81,81,81,81,81,81,81,81],"card_choices":[{"not_picked":["Streamline","Scrape","Sweeping Beam"],"picked":"SKIP","floor":1.0},{"not_picked":["Leap","Steam"],"picked":"Rainbow","floor":7.0},{"not_picked":["Beam Cell","Multi-Cast"],"picked":"Darkness","floor":11.0},{"not_picked":["Barrage","Gash"],"picked":"Compile Driver","floor":13.0},{"not_picked":["Steam","Streamline"],"picked":"Turbo","floor":14.0},{"not_picked":["All For One","Rainbow"],"picked":"Meteor Strike","floor":16.0},{"not_picked":["Cold Snap","Static Discharge","Aggregate"],"picked":"SKIP","floor":18.0},{"not_picked":["Gash","Leap"],"picked":"Redo","floor":19.0},{"not_picked":["Turbo","Doom and Gloom"],"picked":"BootSequence","floor":21.0},{"not_picked":["Aggregate","Conserve Battery"],"picked":"Go for the Eyes+1","floor":25.0},{"not_picked":["Rip and Tear","Storm","Conserve Battery"],"picked":"SKIP","floor":27.0},{"not_picked":["Sweeping Beam","Leap","Compile Driver"],"picked":"SKIP","floor":31.0},{"not_picked":["Machine Learning","All For One"],"picked":"Core Surge","floor":33.0},{"not_picked":["Aggregate","Barrage","Leap"],"picked":"SKIP","floor":35.0}],"player_experience":1670562,"relics_obtained":[{"floor":7.0,"key":"WingedGreaves"},{"floor":9.0,"key":"Sundial"},{"floor":11.0,"key":"Cables"},{"floor":14.0,"key":"Happy Flower"},{"floor":26.0,"key":"Pear"}],"event_choices":[{"cards_removed":["Strike_B"],"damage_healed":0.0,"max_hp_gain":0.0,"max_hp_loss":0.0,"gold_gain":0.0,"event_name":"Golden Wing","player_choice":"Card Removal","floor":2.0,"gold_loss":0.0,"damage_taken":7.0},{"cards_removed":["Strike_B"],"damage_healed":0.0,"max_hp_gain":0.0,"max_hp_loss":0.0,"gold_gain":0.0,"event_name":"The Cleric","player_choice":"Card Removal","floor":3.0,"gold_loss":75.0,"damage_taken":0.0},{"damage_healed":0.0,"max_hp_gain":0.0,"max_hp_loss":0.0,"gold_gain":0.0,"event_name":"Match and Keep!","player_choice":"2 cards matched","floor":5.0,"gold_loss":0.0,"damage_taken":0.0,"cards_obtained":["Cold Snap","Chaos"]},{"damage_healed":0.0,"max_hp_gain":0.0,"max_hp_loss":0.0,"gold_gain":50.0,"event_name":"Nest","player_choice":"Stole From Cult","floor":20.0,"gold_loss":0.0,"damage_taken":0.0},{"damage_healed":0.0,"max_hp_gain":0.0,"max_hp_loss":0.0,"gold_gain":0.0,"event_name":"The Library","player_choice":"Read","floor":22.0,"gold_loss":0.0,"damage_taken":0.0,"cards_obtained":["Glacier"]},{"cards_removed":["Strike_B"],"damage_healed":0.0,"max_hp_gain":0.0,"max_hp_loss":0.0,"gold_gain":0.0,"event_name":"Beggar","player_choice":"Gave Gold","floor":28.0,"gold_loss":75.0,"damage_taken":0.0},{"cards_removed":["Strike_B"],"damage_healed":0.0,"max_hp_gain":0.0,"max_hp_loss":0.0,"gold_gain":0.0,"event_name":"Back to Basics","player_choice":"Elegance","floor":29.0,"gold_loss":0.0,"damage_taken":0.0},{"damage_healed":0.0,"max_hp_gain":0.0,"max_hp_loss":0.0,"gold_gain":999.0,"event_name":"MindBloom","player_choice":"Gold","floor":36.0,"gold_loss":0.0,"damage_taken":0.0,"cards_obtained":["Normality","Normality"]},{"damage_healed":0.0,"max_hp_gain":0.0,"max_hp_loss":0.0,"gold_gain":50.0,"event_name":"FaceTrader","player_choice":"Touch","floor":37.0,"gold_loss":0.0,"damage_taken":8.0}],"is_beta":false,"boss_relics":[{"not_picked":["White Beast Statue","Sozu"],"picked":"Runic Pyramid"},{"not_picked":["Empty Cage","FrozenCore"],"picked":"Pandora\u0027s Box"}],"items_purged_floors":[30],"is_endless":false,"potions_floor_spawned":[11,13,16,18,25,27],"killed_by":"3 Darklings","ascension_level":20}