{"gold_per_floor":[110,110,124,199,2,2,32,50,50,50,76,76,76,92,92,197,197,217,10,23,23,23,23,35,48,75,75,88,18,38,67,67,67],"floor_reached":33,"playtime":2097,"items_purged":["Strike_B","Pain"],"score":398,"play_id":"25b581e4-1166-4b84-8c6f-ae9835816995","local_time":"20190105112048","is_ascension_mode":true,"campfire_choices":[{"data":"Jack Of All Trades","floor":6.0,"key":"SMITH"},{"data":"Rip and Tear","floor":12.0,"key":"SMITH"},{"floor":15.0,"key":"REST"},{"floor":23.0,"key":"REST"},{"floor":27,"key":"REST"},{"floor":32,"key":"REST"}],"neow_cost":"NONE","seed_source_timestamp":0,"circlet_count":0,"master_deck":["Strike_B","Strike_B","Strike_B","Defend_B","Defend_B","Defend_B","Defend_B","Zap","Dualcast","Gash","Conserve Battery","Rip and Tear+1","Jack Of All Trades+1","Sweeping Beam","Conserve Battery","Regret","Doom and Gloom","Barrage","Buffer+1","Rip and Tear","Streamline","Melter","Gash","Sweeping Beam","Cold Snap","Double Energy","Hologram","Decay","Cold Snap+1","Meteor Strike","Conserve Battery+1","Streamline","Consume","Conserve Battery+1","Meteor Strike"],"special_seed":0,"relics":["Cracked Core","NeowsBlessing","The Courier","Orichalcum","Symbiotic Virus","Sundial","Odd Mushroom","WarpedTongs","Orrery","Tiny Chest","Art of War","Shovel"],"potions_floor_usage":[28,31,31],"damage_taken":[{"damage":0.0,"enemies":"Small Slimes","floor":1.0,"turns":1.0},{"damage":0.0,"enemies":"2 Louse","floor":3.0,"turns":1.0},{"damage":0.0,"enemies":"Gremlin Nob","floor":7.0,"turns":1.0},{"damage":2.0,"enemies":"Jaw Worm","floor":8.0,"turns":2.0},{"damage":11.0,"enemies":"The Mushroom Lair","floor":11.0,"turns":3.0},{"damage":14.0,"enemies":"Exordium Thugs","floor":14.0,"turns":3.0},{"damage":46.0,"enemies":"Hexaghost","floor":16.0,"turns":8.0},{"damage":34.0,"enemies":"Shell Parasite","floor":18.0,"turns":4.0},{"damage":16.0,"enemies":"2 Thieves","floor":20.0,"turns":3.0},{"damage":20.0,"enemies":"Cultist and Chosen","floor":24.0,"turns":7.0},{"damage":2.0,"enemies":"Chosen and Byrds","floor":25.0,"turns":4.0},{"damage":3,"enemies":"Centurion and Healer","floor":28,"turns":5},{"damage":12,"enemies":"Snecko","floor":30,"turns":3},{"damage":22,"enemies":"Book of Stabbing","floor":31,"turns":6},{"damage":46,"enemies":"Champ","floor":33,"turns":9}],"seed_played":"4711460677400300384","potions_obtained":[{"floor":1.0,"key":"EssenceOfSteel"},{"floor":8.0,"key":"EssenceOfSteel"},{"floor":18.0,"key":"SpeedPotion"},{"floor":24.0,"key":"SpeedPotion"},{"floor":25.0,"key":"FocusPotion"}],"is_trial":false,"path_per_floor":["M","?","M","?","$","R","E","M","T","?","?","R","?","M","R","B",null,"M","$","M","?","?","R","M","M","T","R","M","$","M","E","R","B"],"character_chosen":"DEFECT","items_purchased":["Rip and Tear","Jack Of All Trades","Tiny Chest","Double Energy","Streamline","Consume"],"campfire_rested":4,"item_purchase_floors":[5,5,19,19,29,29],"current_hp_per_floor":[75,72,72,61,61,61,61,59,59,59,48,48,48,34,56,10,75,41,41,25,25,25,47,27,25,25,47,44,44,32,10,32,0],"gold":67,"neow_bonus":"THREE_ENEMY_KILL","is_prod":false,"is_daily":false,"chose_seed":false,"campfire_upgraded":2,"win_rate":0,"timestamp":1546716048,"path_taken":["M","?","M","?","?","R","E","?","T","?","?","R","?","M","R","BOSS","M","$","?","?","?","R","?","M","T","R","M","$","M","E","R","BOSS"],"build_version":"2019-01-03v4","purchased_purges":2,"victory":false,"max_hp_per_floor":[75,75,75,75,75,75,75,75,75,75,75,75,75,75,75,75,75,75,75,75,75,75,75,75,75,75,75,75,75,75,75,75,75],"card_choices":[{"not_picked":["Scrape","Cold Snap"],"picked":"Gash","floor":1.0},{"not_picked":["Darkness","Recycle"],"picked":"Conserve Battery","floor":3.0},{"not_picked":["Leap","Static Discharge"],"picked":"Sweeping Beam","floor":7.0},{"not_picked":["Darkness","Fission"],"picked":"Conserve Battery","floor":8.0},{"not_picked":["Barrage","Cold Snap"],"picked":"Doom and Gloom","floor":11.0},{"not_picked":["Self Repair","Genetic Algorithm"],"picked":"Barrage","floor":14.0},{"not_picked":["Reboot","Fission"],"picked":"Buffer","floor":16.0},{"not_picked":["Redo","Leap"],"picked":"Rip and Tear","floor":17.0},{"not_picked":["Beam Cell","Turbo"],"picked":"Streamline","floor":17.0},{"not_picked":["Force Field","Turbo"],"picked":"Melter","floor":17.0},{"not_picked":["Amplify","Go for the Eyes"],"picked":"Gash","floor":17.0},{"not_picked":["Redo","Chill"],"picked":"Sweeping Beam","floor":17.0},{"not_picked":["Coolheaded","Go for the Eyes"],"picked":"Cold Snap","floor":18.0},{"not_picked":["Rebound","Steam"],"picked":"Hologram","floor":20.0},{"not_picked":["Skim","Sweeping Beam"],"picked":"Cold Snap+1","floor":24.0},{"not_picked":["Compile Driver+1","Loop+1"],"picked":"Meteor Strike","floor":25.0},{"not_picked":["Barrage+1","Go for the Eyes"],"picked":"Conserve Battery+1","floor":28},{"not_picked":["Steam","Streamline+1"],"picked":"Conserve Battery+1","floor":30},{"not_picked":["Go for the Eyes","Hologram"],"picked":"Meteor Strike","floor":31}],"player_experience":434852,"relics_obtained":[{"floor":7.0,"key":"Orichalcum"},{"floor":9.0,"key":"Symbiotic Virus"},{"floor":11.0,"key":"Odd Mushroom"},{"floor":26.0,"key":"Art of War"},{"floor":31,"key":"Shovel"}],"event_choices":[{"damage_healed":0.0,"max_hp_gain":0.0,"max_hp_loss":0.0,"gold_gain":0.0,"event_name":"Scrap Ooze","player_choice":"Success","floor":2.0,"gold_loss":0.0,"damage_taken":3.0,"relics_obtained":["The Courier"]},{"damage_healed":0.0,"max_hp_gain":0.0,"max_hp_loss":0.0,"gold_gain":75.0,"event_name":"World of Goop","player_choice":"Gather Gold","floor":4.0,"gold_loss":0.0,"damage_taken":11.0},{"damage_healed":0.0,"max_hp_gain":0.0,"max_hp_loss":0.0,"gold_gain":0.0,"event_name":"Big Fish","player_choice":"Box","floor":10.0,"gold_loss":0.0,"damage_taken":0.0,"relics_obtained":["Sundial"],"cards_obtained":["Regret"]},{"damage_healed":0.0,"max_hp_gain":0.0,"max_hp_loss":0.0,"gold_gain":0.0,"event_name":"Mushrooms","player_choice":"Fought Mushrooms","floor":11.0,"gold_loss":0.0,"damage_taken":0.0},{"damage_healed":0.0,"max_hp_gain":0.0,"max_hp_loss":0.0,"gold_gain":0.0,"event_name":"Accursed Blacksmith","player_choice":"Rummage","floor":13.0,"gold_loss":0.0,"damage_taken":0.0,"relics_obtained":["WarpedTongs"],"cards_obtained":["Pain"]},{"damage_healed":0.0,"max_hp_gain":0.0,"max_hp_loss":0.0,"gold_gain":0.0,"event_name":"Forgotten Altar","player_choice":"Smashed Altar","floor":21.0,"gold_loss":0.0,"damage_taken":0.0,"cards_obtained":["Decay"]},{"damage_healed":0.0,"max_hp_gain":0.0,"max_hp_loss":0.0,"gold_gain":0.0,"event_name":"Upgrade Shrine","player_choice":"Upgraded","floor":22.0,"gold_loss":0.0,"damage_taken":0.0,"cards_upgraded":["Buffer"]}],"is_beta":false,"boss_relics":[{"not_picked":["Sozu","Eternal Feather"],"picked":"Orrery"}],"items_purged_floors":[5,19],"is_endless":false,"potions_floor_spawned":[1,8,18,24,25],"killed_by":"Champ","ascension_level":4}