{"gold_per_floor":[114,132,151,151,4,4,16,16,16,16,43,59,76,111,111,211,211,221,221,1,1,1,1,1],"floor_reached":24,"playtime":1007,"items_purged":["Writhe"],"score":280,"play_id":"b5d4b372-9cab-4ef3-8ce6-9bdbc17a7366","local_time":"20190425003144","is_ascension_mode":true,"campfire_choices":[{"data":"Rampage","floor":6,"key":"SMITH"},{"data":"Headbutt","floor":8,"key":"SMITH"},{"data":"Armaments","floor":15,"key":"SMITH"},{"data":"Limit Break","floor":23,"key":"SMITH"}],"neow_cost":"NONE","seed_source_timestamp":1180029622921800,"circlet_count":0,"master_deck":["Strike_R","Strike_R","Strike_R","Strike_R","Strike_R","Defend_R","Defend_R","Defend_R","Defend_R","Bash","Pommel Strike","Headbutt+1","Rampage+1","Burning Pact","Ghostly Armor","Iron Wave","Armaments+1","Flame Barrier","Limit Break+1","Injury","Clumsy","Flex","J.A.X."],"relics":["Burning Blood","Oddly Smooth Stone","Blood Vial","Pear","Pen Nib","Calling Bell","Vajra","Kunai","FossilizedHelix","PreservedInsect"],"potions_floor_usage":[24,24,24],"damage_taken":[{"damage":7,"enemies":"Jaw Worm","floor":1,"turns":3},{"damage":1,"enemies":"Cultist","floor":2,"turns":3},{"damage":8,"enemies":"2 Louse","floor":3,"turns":3},{"damage":9,"enemies":"Blue Slaver","floor":7,"turns":3},{"damage":24,"enemies":"Gremlin Nob","floor":11,"turns":4},{"damage":5,"enemies":"3 Louse","floor":12,"turns":3},{"damage":10,"enemies":"Gremlin Gang","floor":13,"turns":5},{"damage":24,"enemies":"3 Sentries","floor":14,"turns":9},{"damage":31,"enemies":"The Guardian","floor":16,"turns":14},{"damage":9,"enemies":"Chosen","floor":18,"turns":6},{"damage":67,"enemies":"Slavers","floor":24,"turns":5}],"seed_played":"4385223597222131240","potions_obtained":[{"floor":1,"key":"Weak Potion"},{"floor":11,"key":"Strength Potion"},{"floor":12,"key":"SteroidPotion"}],"is_trial":false,"path_per_floor":["M","M","M","?","$","R","M","R","T","$","E","M","M","E","R","B",null,"M","?","$","?","$","R","E"],"character_chosen":"IRONCLAD","items_purchased":["Oddly Smooth Stone","PreservedInsect"],"campfire_rested":0,"item_purchase_floors":[5,20],"current_hp_per_floor":[87,88,86,86,86,86,83,83,83,83,77,80,78,62,62,39,83,82,82,82,62,62,62,0],"gold":1,"neow_bonus":"TEN_PERCENT_HP_BONUS","is_prod":false,"is_daily":false,"chose_seed":false,"campfire_upgraded":4,"win_rate":0,"timestamp":1556177504,"path_taken":["M","M","M","?","$","R","M","R","T","?","E","?","M","E","R","BOSS","M","?","$","?","?","R","E"],"build_version":"2019-01-23","purchased_purges":1,"victory":false,"max_hp_per_floor":[88,88,88,88,88,88,88,88,88,88,98,98,98,98,98,98,98,98,98,98,103,103,103,103],"card_choices":[{"not_picked":["Burning Pact","Dual Wield"],"picked":"Pommel Strike","floor":1},{"not_picked":["Pommel Strike","Warcry"],"picked":"Headbutt","floor":2},{"not_picked":["Battle Trance","Havoc"],"picked":"Rampage","floor":3},{"not_picked":["Pummel","Warcry"],"picked":"Burning Pact","floor":7},{"not_picked":["Thunderclap","Anger"],"picked":"Ghostly Armor","floor":11},{"not_picked":["Whirlwind","Body Slam"],"picked":"Iron Wave","floor":12},{"not_picked":["True Grit","Battle Trance"],"picked":"Armaments","floor":13},{"not_picked":["Infernal Blade","Shockwave"],"picked":"Flame Barrier","floor":14},{"not_picked":["Dark Embrace","Barricade"],"picked":"Limit Break","floor":16},{"not_picked":["Combust","Entrench"],"picked":"Flex","floor":18}],"player_experience":356746,"relics_obtained":[{"floor":9,"key":"Blood Vial"},{"floor":11,"key":"Pear"},{"floor":14,"key":"Pen Nib"},{"floor":17,"key":"Vajra"},{"floor":17,"key":"Kunai"},{"floor":17,"key":"FossilizedHelix"}],"event_choices":[{"damage_healed":0,"gold_gain":0,"player_choice":"Ignored","damage_taken":0,"max_hp_gain":0,"max_hp_loss":0,"event_name":"NoteForYourself","floor":4,"gold_loss":0},{"damage_healed":0,"gold_gain":0,"player_choice":"Obtain J.A.X.","damage_taken":0,"max_hp_gain":0,"max_hp_loss":0,"event_name":"Drug Dealer","floor":19,"gold_loss":0,"cards_obtained":["J.A.X."]},{"damage_healed":0,"gold_gain":0,"player_choice":"Shed Blood","damage_taken":25,"max_hp_gain":5,"max_hp_loss":0,"event_name":"Forgotten Altar","floor":21,"gold_loss":0}],"is_beta":false,"boss_relics":[{"not_picked":["Runic Pyramid","Pandora\u0027s Box"],"picked":"Calling Bell"}],"items_purged_floors":[20],"is_endless":false,"potions_floor_spawned":[1,11,12,14],"killed_by":"Slavers","ascension_level":5}