{"gold_per_floor":[109,124,174,193,205,205,223,223,250,250,7,38,49,75,75,150,150,163,163,182,202,202,202,218,218,218,218,228,246,13,29,29,29],"floor_reached":33,"playtime":1011,"items_purged":["Strike_B","Strike_B"],"score":502,"play_id":"7fb3368b-5a22-41be-8778-40d75e9d573b","local_time":"20190513194708","is_ascension_mode":true,"campfire_choices":[{"data":"Sunder","floor":6.0,"key":"SMITH"},{"data":"Zap","floor":8.0,"key":"SMITH"},{"data":"Dualcast","floor":10.0,"key":"SMITH"},{"data":"Skim","floor":15.0,"key":"SMITH"},{"floor":23.0,"key":"REST"},{"floor":27.0,"key":"REST"},{"data":"Defragment","floor":32.0,"key":"SMITH"}],"neow_cost":"NONE","seed_source_timestamp":0,"circlet_count":0,"master_deck":["AscendersBane","Defend_B","Defend_B","Defend_B","Defend_B","Zap+1","Dualcast+1","Skim+1","Glacier","Sunder+1","Heatsinks","Meteor Strike","Cold Snap","Hologram","Core Surge","Skim","Core Surge","Capacitor","Defragment+1","Coolheaded","Redo+1","Glacier","Turbo","Buffer"],"special_seed":0,"relics":["Cracked Core","NeowsBlessing","Bag of Preparation","Strawberry","Odd Mushroom","Empty Cage","Blue Candle"],"potions_floor_usage":[],"damage_taken":[{"damage":0.0,"enemies":"Jaw Worm","floor":1.0,"turns":1.0},{"damage":0.0,"enemies":"Cultist","floor":2.0,"turns":1.0},{"damage":0.0,"enemies":"2 Louse","floor":4.0,"turns":1.0},{"damage":8.0,"enemies":"Blue Slaver","floor":5.0,"turns":5.0},{"damage":0.0,"enemies":"2 Fungi Beasts","floor":7.0,"turns":2.0},{"damage":32.0,"enemies":"Gremlin Nob","floor":12.0,"turns":4.0},{"damage":4.0,"enemies":"Large Slime","floor":13.0,"turns":4.0},{"damage":0.0,"enemies":"The Mushroom Lair","floor":14.0,"turns":3.0},{"damage":7.0,"enemies":"Slime Boss","floor":16.0,"turns":8.0},{"damage":26.0,"enemies":"Chosen","floor":18.0,"turns":4.0},{"damage":12.0,"enemies":"Shell Parasite","floor":20.0,"turns":14.0},{"damage":0.0,"enemies":"Snecko","floor":21.0,"turns":4.0},{"damage":15.0,"enemies":"Shelled Parasite and Fungi","floor":24.0,"turns":12.0},{"damage":16.0,"enemies":"Centurion and Healer","floor":28.0,"turns":13.0},{"damage":9.0,"enemies":"Cultist and Chosen","floor":29.0,"turns":6.0},{"damage":0.0,"enemies":"Snecko","floor":31.0,"turns":3.0},{"damage":9,"enemies":"Collector","floor":33,"turns":3}],"seed_played":"-4680922456058851883","potions_obtained":[{"floor":1.0,"key":"Energy Potion"},{"floor":2.0,"key":"Strength Potion"},{"floor":16.0,"key":"Poison Potion"},{"floor":18.0,"key":"AttackPotion"}],"is_trial":false,"path_per_floor":["M","M","?","M","M","R","M","R","T","R","$","E","M","?","R","B",null,"M","?","M","M","?","R","M","?","T","R","M","M","$","M","R","B"],"character_chosen":"DEFECT","items_purchased":["Bag of Preparation","Turbo","GamblersBrew"],"campfire_rested":2,"item_purchase_floors":[11,30,30],"current_hp_per_floor":[64,64,57,57,49,49,49,49,49,49,49,24,20,20,20,13,62,36,36,24,24,2,26,11,11,11,35,19,10,10,10,10,1],"gold":29,"neow_bonus":"THREE_ENEMY_KILL","is_prod":false,"is_daily":false,"chose_seed":false,"campfire_upgraded":5,"win_rate":0,"timestamp":1557748028,"path_taken":["M","M","?","M","?","R","M","R","T","R","$","E","M","?","R","BOSS","M","?","M","?","?","R","M","?","T","R","M","M","$","M","R","BOSS"],"build_version":"2019-01-23","purchased_purges":2,"victory":false,"max_hp_per_floor":[71,71,71,71,71,71,71,71,71,71,71,78,78,78,78,78,78,78,78,78,78,83,83,83,83,83,83,83,83,83,83,83,83],"card_choices":[{"not_picked":["Steam","Double Energy"],"picked":"Skim","floor":1.0},{"not_picked":["Redo","Double Energy"],"picked":"Glacier","floor":2.0},{"not_picked":["Redo","Barrage"],"picked":"Sunder","floor":4.0},{"not_picked":["Steam Power","Scrape","Streamline"],"picked":"SKIP","floor":5.0},{"not_picked":["Hologram","Go for the Eyes"],"picked":"Heatsinks","floor":7.0},{"not_picked":["Leap","Fission"],"picked":"Meteor Strike","floor":12.0},{"not_picked":["Steam","Hello World"],"picked":"Cold Snap","floor":13.0},{"not_picked":["Stack","Steam"],"picked":"Hologram","floor":14.0},{"not_picked":["Meteor Strike","Rainbow"],"picked":"Core Surge","floor":16.0},{"not_picked":["Rebound+1","Stack"],"picked":"Skim","floor":18.0},{"not_picked":["Steam Power","Stack"],"picked":"Capacitor","floor":20.0},{"not_picked":["Doom and Gloom+1","FTL"],"picked":"Defragment","floor":21.0},{"not_picked":["Melter","Capacitor"],"picked":"Coolheaded","floor":24.0},{"not_picked":["Sweeping Beam","Leap"],"picked":"Redo+1","floor":28.0},{"not_picked":["Force Field","Go for the Eyes"],"picked":"Glacier","floor":29.0},{"not_picked":["Leap","Barrage"],"picked":"Buffer","floor":31.0}],"player_experience":1649349,"relics_obtained":[{"floor":12.0,"key":"Strawberry"},{"floor":14.0,"key":"Odd Mushroom"},{"floor":26.0,"key":"Blue Candle"}],"event_choices":[{"damage_healed":0.0,"max_hp_gain":0.0,"max_hp_loss":0.0,"gold_gain":50.0,"event_name":"FaceTrader","player_choice":"Touch","floor":3.0,"gold_loss":0.0,"damage_taken":7.0},{"damage_healed":0.0,"max_hp_gain":0.0,"max_hp_loss":0.0,"gold_gain":0.0,"event_name":"Mushrooms","player_choice":"Fought Mushrooms","floor":14.0,"gold_loss":0.0,"damage_taken":0.0},{"damage_healed":0.0,"max_hp_gain":0.0,"max_hp_loss":0.0,"gold_gain":0.0,"event_name":"Duplicator","player_choice":"Copied","floor":19.0,"gold_loss":0.0,"damage_taken":0.0,"cards_obtained":["Core Surge"]},{"damage_healed":0.0,"max_hp_gain":5.0,"max_hp_loss":0.0,"gold_gain":0.0,"event_name":"Forgotten Altar","player_choice":"Shed Blood","floor":22.0,"gold_loss":0.0,"damage_taken":27.0},{"damage_healed":0.0,"max_hp_gain":0.0,"max_hp_loss":0.0,"gold_gain":0.0,"event_name":"Vampires","player_choice":"Ignored","floor":25.0,"gold_loss":0.0,"damage_taken":0.0}],"is_beta":false,"boss_relics":[{"not_picked":["FrozenCore","Runic Dome"],"picked":"Empty Cage"}],"items_purged_floors":[11,30],"is_endless":false,"potions_floor_spawned":[1,2,4,16,18],"killed_by":"Collector","ascension_level":20}