{"gold_per_floor":[110,110,110,110,122,152,152,172,225,225,258,160,160,180,180,279,279,295,312,326,326,326,352,352,364,364,381,0,34,34,46,46,151,151,170,170,170,182,201,231,531,531,531,542,542,560,573,586,586,586,586,586,153,179,179],"floor_reached":55,"playtime":3780,"items_purged":["Strike_B","Strike_B+1"],"score":749,"play_id":"ec9d9372-538e-479b-9385-6175d1ba324b","local_time":"20190224015108","is_ascension_mode":false,"campfire_choices":[{"data":"Go for the Eyes","floor":7,"key":"SMITH"},{"floor":15,"key":"REST"},{"data":"Defragment","floor":24,"key":"SMITH"},{"floor":30,"key":"REST"},{"data":"Biased Cognition","floor":32,"key":"SMITH"},{"floor":42,"key":"REST"},{"floor":45,"key":"RECALL"},{"data":"Loop","floor":49,"key":"SMITH"},{"data":"Coolheaded","floor":52,"key":"SMITH"}],"neow_cost":"NONE","seed_source_timestamp":232374929105600,"circlet_count":0,"master_deck":["Strike_B+1","Strike_B+1","Defend_B+1","Defend_B+1","Defend_B+1","Zap+1","Dualcast","Gash","Go for the Eyes+1","Cold Snap","Sunder","Go for the Eyes","Coolheaded+1","Defragment+1","Biased Cognition+1","Conserve Battery","Conserve Battery","Gash","Ball Lightning","Ball Lightning+1","Electrodynamics","Cold Snap+1","Redo+1","Coolheaded+1","Loop+1","BootSequence+1","Defragment+1","Defragment"],"relics":["Cracked Core","Bag of Preparation","War Paint","Bronze Scales","Dodecahedron","Dream Catcher","Runic Pyramid","Orichalcum","Mummified Hand","Sozu","PreservedInsect","Pear","Calipers","Letter Opener"],"potions_floor_usage":[33,55,55],"damage_taken":[{"damage":2,"enemies":"Small Slimes","floor":1,"turns":4},{"damage":2,"enemies":"Jaw Worm","floor":5,"turns":4},{"damage":19,"enemies":"3 Sentries","floor":6,"turns":7},{"damage":0,"enemies":"2 Louse","floor":8,"turns":2},{"damage":8,"enemies":"Gremlin Nob","floor":11,"turns":5},{"damage":13,"enemies":"Exordium Wildlife","floor":14,"turns":3},{"damage":22,"enemies":"Slime Boss","floor":16,"turns":11},{"damage":0,"enemies":"Chosen","floor":18,"turns":3},{"damage":0,"enemies":"Spheric Guardian","floor":19,"turns":3},{"damage":4,"enemies":"Snecko","floor":20,"turns":5},{"damage":24,"enemies":"Slavers","floor":23,"turns":5},{"damage":0,"enemies":"Shelled Parasite and Fungi","floor":25,"turns":4},{"damage":3,"enemies":"Centurion and Healer","floor":27,"turns":4},{"damage":4,"enemies":"Gremlin Leader","floor":29,"turns":6},{"damage":0,"enemies":"3 Cultists","floor":31,"turns":5},{"damage":18,"enemies":"Automaton","floor":33,"turns":10},{"damage":0,"enemies":"3 Shapes","floor":35,"turns":3},{"damage":0,"enemies":"3 Darklings","floor":38,"turns":2},{"damage":4,"enemies":"Spire Growth","floor":39,"turns":3},{"damage":27,"enemies":"Reptomancer","floor":40,"turns":6},{"damage":0,"enemies":"Sphere and 2 Shapes","floor":44,"turns":3},{"damage":0,"enemies":"4 Shapes","floor":46,"turns":3},{"damage":10,"enemies":"Spire Growth","floor":47,"turns":4},{"damage":0,"enemies":"3 Darklings","floor":48,"turns":5},{"damage":58,"enemies":"Time Eater","floor":50,"turns":12},{"damage":0,"enemies":"Shield and Spear","floor":54,"turns":3},{"damage":88,"enemies":"The Heart","floor":55,"turns":6}],"seed_played":"-7647817573691752473","potions_obtained":[{"floor":6,"key":"Weak Potion"},{"floor":14,"key":"Strength Potion"},{"floor":16,"key":"Explosive Potion"},{"floor":19,"key":"PowerPotion"},{"floor":33,"key":"PowerPotion"}],"is_trial":false,"path_per_floor":["M","?","$","?","M","E","R","M","T","?","E","$","$","M","R","B",null,"M","M","M","?","?","E","R","M","T","M","?","E","R","M","R","B",null,"M","?","?","M","M","E","?","R","T","M","R","M","M","M","R","B",null,"R","$","E","B"],"character_chosen":"DEFECT","items_purchased":["Go for the Eyes","Defragment","Calipers"],"campfire_rested":3,"item_purchase_floors":[12,53,53],"current_hp_per_floor":[73,48,48,73,71,52,52,52,52,52,44,44,44,31,53,31,75,75,75,71,71,71,47,47,47,47,44,44,40,62,62,62,44,75,75,75,75,75,71,44,44,66,76,76,76,76,66,66,66,8,85,85,85,85,0],"gold":179,"neow_bonus":"THREE_CARDS","is_prod":false,"is_daily":false,"chose_seed":false,"campfire_upgraded":5,"win_rate":0,"timestamp":1551001868,"path_taken":["M","?","?","?","M","E","R","?","T","?","E","?","$","M","R","BOSS","M","M","M","?","?","E","R","M","T","M","?","E","R","M","R","BOSS","M","?","?","?","M","E","?","R","T","M","R","M","?","?","R","BOSS","R","$","E","BOSS"],"build_version":"2019-01-23","purchased_purges":2,"victory":false,"max_hp_per_floor":[75,75,75,75,75,75,75,75,75,75,75,75,75,75,75,75,75,75,75,75,75,75,75,75,75,75,75,75,75,75,75,75,75,75,75,75,75,75,75,75,75,75,85,85,85,85,85,85,85,85,85,85,85,85,85],"card_choices":[{"not_picked":["Streamline","Lockon"],"picked":"Gash","floor":1},{"not_picked":["Sweeping Beam","Lockon"],"picked":"Go for the Eyes","floor":5},{"not_picked":["Hologram","All For One"],"picked":"Cold Snap","floor":6},{"not_picked":["Undo","Doom and Gloom"],"picked":"Sunder","floor":8},{"not_picked":["Steam","Streamline","Sunder"],"picked":"SKIP","floor":11},{"not_picked":["Redo","Hologram"],"picked":"Coolheaded","floor":14},{"not_picked":["Force Field","Rebound"],"picked":"Defragment","floor":15},{"not_picked":["Thunder Strike","Rainbow"],"picked":"Biased Cognition","floor":16},{"not_picked":["Tempest","Sweeping Beam+1"],"picked":"Conserve Battery","floor":18},{"not_picked":["Redo+1","Steam+1"],"picked":"Conserve Battery","floor":19},{"not_picked":["Go for the Eyes","Recycle+1"],"picked":"Gash","floor":20},{"not_picked":["Conserve Battery","Meteor Strike","Barrage"],"picked":"SKIP","floor":23},{"not_picked":["Storm","Darkness"],"picked":"Ball Lightning","floor":25},{"not_picked":["Chill","Redo"],"picked":"Ball Lightning+1","floor":27},{"not_picked":["Reinforced Body","Sweeping Beam","Go for the Eyes+1"],"picked":"SKIP","floor":29},{"not_picked":["Rainbow","Tempest","Barrage"],"picked":"SKIP","floor":31},{"not_picked":["Machine Learning","Meteor Strike"],"picked":"Electrodynamics","floor":33},{"not_picked":["Stack+1","Barrage+1"],"picked":"Cold Snap+1","floor":35},{"not_picked":["Go for the Eyes+1","Reprogram+1","Cold Snap"],"picked":"SKIP","floor":38},{"not_picked":["Streamline+1","Darkness+1"],"picked":"Redo+1","floor":39},{"not_picked":["Beam Cell+1","Double Energy+1"],"picked":"Coolheaded+1","floor":40},{"not_picked":["Chaos+1","Beam Cell+1"],"picked":"Loop","floor":42},{"not_picked":["Rip and Tear","Compile Driver","Go for the Eyes"],"picked":"SKIP","floor":44},{"not_picked":["Steam","Sweeping Beam"],"picked":"BootSequence+1","floor":46},{"not_picked":["Lockon","Seek"],"picked":"Defragment+1","floor":47},{"not_picked":["Sweeping Beam+1","Go for the Eyes","Double Energy"],"picked":"SKIP","floor":48},{"not_picked":["Consume","Barrage","Ball Lightning"],"picked":"SKIP","floor":54}],"player_experience":224668,"relics_obtained":[{"floor":6,"key":"War Paint"},{"floor":9,"key":"Bronze Scales"},{"floor":11,"key":"Dream Catcher"},{"floor":23,"key":"Orichalcum"},{"floor":29,"key":"Mummified Hand"},{"floor":40,"key":"PreservedInsect"},{"floor":43,"key":"Pear"},{"floor":54,"key":"Letter Opener"}],"event_choices":[{"damage_healed":0,"gold_gain":0,"player_choice":"Success","damage_taken":25,"relics_obtained":["Bag of Preparation"],"max_hp_gain":0,"max_hp_loss":0,"event_name":"Scrap Ooze","floor":2,"gold_loss":0},{"damage_healed":25,"gold_gain":0,"player_choice":"Banana","damage_taken":0,"max_hp_gain":0,"max_hp_loss":0,"event_name":"Big Fish","floor":4,"gold_loss":0},{"damage_healed":0,"gold_gain":0,"player_choice":"Searched \u00271\u0027 times","damage_taken":0,"relics_obtained":["Dodecahedron"],"max_hp_gain":0,"max_hp_loss":0,"event_name":"Dead Adventurer","floor":10,"gold_loss":0},{"damage_healed":0,"gold_gain":0,"player_choice":"Simplicity","damage_taken":0,"max_hp_gain":0,"max_hp_loss":0,"event_name":"Back to Basics","floor":21,"gold_loss":0,"cards_upgraded":["Strike_B","Strike_B","Strike_B","Defend_B","Defend_B","Defend_B"]},{"damage_healed":0,"gold_gain":0,"player_choice":"Ignored","damage_taken":0,"max_hp_gain":0,"max_hp_loss":0,"event_name":"Vampires","floor":22,"gold_loss":0},{"damage_healed":0,"gold_gain":0,"player_choice":"Paid Fearfully","damage_taken":0,"max_hp_gain":0,"max_hp_loss":0,"event_name":"Masked Bandits","floor":28,"gold_loss":381},{"cards_removed":["Defend_B"],"damage_healed":0,"gold_gain":0,"player_choice":"Removed Skill","damage_taken":0,"max_hp_gain":0,"max_hp_loss":0,"event_name":"Falling","floor":36,"gold_loss":0},{"damage_healed":0,"gold_gain":0,"player_choice":"Got Potions","damage_taken":0,"max_hp_gain":0,"max_hp_loss":0,"event_name":"Lab","floor":37,"gold_loss":0},{"damage_healed":0,"gold_gain":300,"player_choice":"Gold","damage_taken":0,"max_hp_gain":0,"max_hp_loss":0,"event_name":"Wheel of Change","floor":41,"gold_loss":0}],"is_beta":false,"boss_relics":[{"not_picked":["Orrery","FrozenCore"],"picked":"Runic Pyramid"},{"not_picked":["Astrolabe","Black Star"],"picked":"Sozu"}],"items_purged_floors":[12,53],"is_endless":false,"potions_floor_spawned":[6,14,16,18,19,25,33,35,44,46],"killed_by":"The Heart","ascension_level":0}