{"gold_per_floor":[218,293,47,63,238,238,249,264,264,298,298,321,321,159,159,257,257,182,182,182,182,182,182,182,182,182,182,182,182,47,47,47,47],"floor_reached":33,"playtime":1397,"items_purged":["Regret","Doubt"],"score":272,"play_id":"6caeabfc-d2c9-4f5b-b375-f225bb1f3d52","local_time":"20190401100741","is_ascension_mode":true,"campfire_choices":[{"data":"Zap","floor":6,"key":"SMITH"},{"data":"Darkness","floor":13,"key":"SMITH"},{"floor":15,"key":"REST"},{"floor":23,"key":"REST"},{"data":"Doom and Gloom","floor":25,"key":"SMITH"},{"data":"Echo Form","floor":27,"key":"SMITH"},{"data":"Genetic Algorithm","floor":32,"key":"SMITH"}],"neow_cost":"NONE","seed_source_timestamp":47216707189600,"circlet_count":0,"master_deck":["Strike_B","Strike_B","Strike_B","Strike_B","Defend_B","Defend_B","Defend_B","Defend_B","Zap+1","Dualcast","Steam","Go for the Eyes","Reinforced Body","Turbo","Darkness+1","Leap","Genetic Algorithm+1","Cold Snap","Echo Form+1","Go for the Eyes","Coolheaded+1","Necronomicurse","Doom and Gloom+1","Hologram","Self Repair","Capacitor"],"relics":["Cracked Core","Matryoshka","Juzu Bracelet","Mercury Hourglass","Thread and Needle","Cables","Odd Mushroom","Ectoplasm","Necronomicon","SsserpentHead","Tiny Chest","Ginger","Centennial Puzzle","Mummified Hand"],"potions_floor_usage":[],"damage_taken":[{"damage":6,"enemies":"Jaw Worm","floor":1,"turns":4},{"damage":0,"enemies":"2 Louse","floor":4,"turns":3},{"damage":2,"enemies":"Small Slimes","floor":7,"turns":4},{"damage":3,"enemies":"3 Louse","floor":8,"turns":3},{"damage":16,"enemies":"3 Sentries","floor":10,"turns":6},{"damage":2,"enemies":"The Mushroom Lair","floor":12,"turns":4},{"damage":19,"enemies":"Slime Boss","floor":16,"turns":5},{"damage":23,"enemies":"2 Thieves","floor":18,"turns":5},{"damage":1,"enemies":"Chosen","floor":19,"turns":6},{"damage":3,"enemies":"Book of Stabbing","floor":29,"turns":5},{"damage":0,"enemies":"Centurion and Healer","floor":31,"turns":3},{"damage":57,"enemies":"Automaton","floor":33,"turns":6}],"seed_played":"-8264149369317737982","potions_obtained":[{"floor":7,"key":"Dexterity Potion"},{"floor":12,"key":"Energy Potion"},{"floor":16,"key":"GamblersBrew"}],"is_trial":false,"path_per_floor":["M","?","$","M","?","R","M","M","T","E","?","?","R","$","R","B",null,"M","M","?","?","?","R","?","R","T","R","T","E","$","M","R","B"],"character_chosen":"DEFECT","items_purchased":["Matryoshka","Genetic Algorithm","Cold Snap","Self Repair"],"campfire_rested":2,"item_purchase_floors":[3,14,14,30],"current_hp_per_floor":[69,58,58,58,58,58,56,53,53,37,37,35,35,35,57,38,75,52,51,35,35,35,57,43,43,43,43,43,40,40,47,47,0],"gold":47,"neow_bonus":"HUNDRED_GOLD","is_prod":false,"is_daily":false,"chose_seed":false,"campfire_upgraded":5,"win_rate":0,"timestamp":1554138461,"path_taken":["M","?","$","M","?","R","M","M","T","E","?","?","R","?","R","BOSS","M","M","?","?","?","R","?","R","T","R","?","E","?","M","R","BOSS"],"build_version":"2019-01-23","purchased_purges":2,"victory":false,"max_hp_per_floor":[75,75,75,75,75,75,75,75,75,75,75,75,75,75,75,75,75,75,75,75,75,75,75,80,80,80,80,80,80,80,80,80,80],"card_choices":[{"not_picked":["Rebound","Lockon"],"picked":"Steam","floor":1},{"not_picked":["Rebound","Redo"],"picked":"Go for the Eyes","floor":4},{"not_picked":["Stack","Redo"],"picked":"Reinforced Body","floor":7},{"not_picked":["Beam Cell","Scrape"],"picked":"Turbo","floor":8},{"not_picked":["Double Energy","Barrage"],"picked":"Darkness","floor":10},{"not_picked":["Darkness","Stack"],"picked":"Leap","floor":12},{"not_picked":["Machine Learning","Creative AI"],"picked":"Echo Form","floor":16},{"not_picked":["Gash+1","Reprogram+1"],"picked":"Go for the Eyes","floor":18},{"not_picked":["Barrage","Stack"],"picked":"Coolheaded+1","floor":19},{"not_picked":["Lockon+1","Undo"],"picked":"Hologram","floor":29},{"not_picked":["Hologram+1","Compile Driver+1"],"picked":"Capacitor","floor":31}],"player_experience":252858,"relics_obtained":[{"floor":9,"key":"Juzu Bracelet"},{"floor":9,"key":"Mercury Hourglass"},{"floor":10,"key":"Thread and Needle"},{"floor":12,"key":"Odd Mushroom"},{"floor":20,"key":"Necronomicon"},{"floor":26,"key":"Tiny Chest"},{"floor":26,"key":"Ginger"},{"floor":28,"key":"Centennial Puzzle"},{"floor":29,"key":"Mummified Hand"}],"event_choices":[{"damage_healed":0,"gold_gain":75,"player_choice":"Gather Gold","damage_taken":11,"max_hp_gain":0,"max_hp_loss":0,"event_name":"World of Goop","floor":2,"gold_loss":0},{"damage_healed":0,"gold_gain":175,"player_choice":"AGREE","damage_taken":0,"max_hp_gain":0,"max_hp_loss":0,"event_name":"Liars Game","floor":5,"gold_loss":0,"cards_obtained":["Doubt"]},{"damage_healed":0,"gold_gain":0,"player_choice":"Box","damage_taken":0,"relics_obtained":["Cables"],"max_hp_gain":0,"max_hp_loss":0,"event_name":"Big Fish","floor":11,"gold_loss":0,"cards_obtained":["Regret"]},{"damage_healed":0,"gold_gain":0,"player_choice":"Fought Mushrooms","damage_taken":0,"max_hp_gain":0,"max_hp_loss":0,"event_name":"Mushrooms","floor":12,"gold_loss":0},{"damage_healed":0,"gold_gain":0,"player_choice":"Obtained Book","damage_taken":16,"max_hp_gain":0,"max_hp_loss":0,"event_name":"Cursed Tome","floor":20,"gold_loss":0},{"damage_healed":0,"gold_gain":0,"player_choice":"Read","damage_taken":0,"max_hp_gain":0,"max_hp_loss":0,"event_name":"The Library","floor":21,"gold_loss":0,"cards_obtained":["Doom and Gloom"]},{"damage_healed":0,"gold_gain":0,"player_choice":"Trade","damage_taken":0,"relics_obtained":["SsserpentHead"],"max_hp_gain":0,"max_hp_loss":0,"event_name":"FaceTrader","floor":22,"gold_loss":0},{"damage_healed":0,"gold_gain":0,"player_choice":"Shed Blood","damage_taken":19,"max_hp_gain":5,"max_hp_loss":0,"event_name":"Forgotten Altar","floor":24,"gold_loss":0}],"is_beta":false,"boss_relics":[{"not_picked":["Busted Crown","Fusion Hammer"],"picked":"Ectoplasm"}],"items_purged_floors":[14,30],"is_endless":false,"potions_floor_spawned":[7,12,16,18],"killed_by":"Automaton","ascension_level":1}