{"gold_per_floor":[10,10,20,39,51,51,51,51,106,106,139,139,155,169,169,264,264,276,148,166,183,194,194,194,194,194,194,70,86,133,144,144,144],"floor_reached":33,"playtime":1334,"items_purged":["Strike_B","Strike_B"],"score":349,"play_id":"632b1ea5-f85c-4fce-935f-411231be080d","local_time":"20190510154630","is_ascension_mode":true,"campfire_choices":[{"data":"Zap","floor":6.0,"key":"SMITH"},{"data":"Defragment","floor":10.0,"key":"SMITH"},{"data":"Streamline","floor":12.0,"key":"SMITH"},{"floor":15.0,"key":"REST"},{"floor":23,"key":"REST"},{"floor":27,"key":"REST"},{"floor":32,"key":"REST"}],"neow_cost":"NO_GOLD","seed_source_timestamp":0,"circlet_count":0,"master_deck":["Strike_B","Defend_B","Defend_B","Defend_B","Defend_B","Zap+1","Dualcast+1","Seek+1","Hologram","Defragment+1","Doom and Gloom","Sweeping Beam","Beam Cell","Streamline+1","Steam","Electrodynamics","Rip and Tear","Coolheaded","Steam","Barrage+1","Glacier","Go for the Eyes","Self Repair+1","Coolheaded"],"special_seed":0,"relics":["Cracked Core","Boot","War Paint","Fusion Hammer","Singing Bowl","Unceasing Top","Smiling Mask"],"potions_floor_usage":[22,22,31],"damage_taken":[{"damage":3.0,"enemies":"Jaw Worm","floor":1.0,"turns":4.0},{"damage":0.0,"enemies":"Cultist","floor":3.0,"turns":3.0},{"damage":0.0,"enemies":"Small Slimes","floor":4.0,"turns":2.0},{"damage":17.0,"enemies":"3 Louse","floor":5.0,"turns":3.0},{"damage":17.0,"enemies":"3 Sentries","floor":11.0,"turns":5.0},{"damage":20.0,"enemies":"Lots of Slimes","floor":13.0,"turns":2.0},{"damage":0.0,"enemies":"Exordium Thugs","floor":14.0,"turns":4.0},{"damage":7.0,"enemies":"Hexaghost","floor":16.0,"turns":7.0},{"damage":14,"enemies":"Shell Parasite","floor":18,"turns":4},{"damage":1,"enemies":"Chosen","floor":20,"turns":3},{"damage":10,"enemies":"Snecko","floor":21,"turns":5},{"damage":30,"enemies":"Centurion and Healer","floor":22,"turns":4},{"damage":16,"enemies":"Colosseum Slavers","floor":25,"turns":3},{"damage":13,"enemies":"Snake Plant","floor":29,"turns":4},{"damage":16,"enemies":"Sentry and Sphere","floor":31,"turns":3},{"damage":38,"enemies":"Champ","floor":33,"turns":9}],"seed_played":"-1972673949042707436","potions_obtained":[{"floor":1.0,"key":"SkillPotion"},{"floor":2.0,"key":"Explosive Potion"},{"floor":2.0,"key":"Block Potion"},{"floor":29,"key":"SpeedPotion"},{"floor":31,"key":"SpeedPotion"}],"is_trial":false,"path_per_floor":["M","?","M","M","M","R","?","?","T","R","E","R","M","M","R","B",null,"M","$","M","M","M","R","?","?","T","R","$","M","T","M","R","B"],"character_chosen":"DEFECT","items_purchased":["Coolheaded","Go for the Eyes"],"campfire_rested":4,"item_purchase_floors":[19,28],"current_hp_per_floor":[65,65,65,65,48,48,41,41,41,41,24,24,4,4,26,19,61,47,47,46,36,6,28,28,12,12,34,34,21,21,15,37,0],"gold":144,"neow_bonus":"THREE_RARE_CARDS","is_prod":false,"is_daily":false,"chose_seed":false,"campfire_upgraded":3,"win_rate":0,"timestamp":1557528390,"path_taken":["M","?","M","?","M","R","?","?","T","R","E","R","?","M","R","BOSS","M","$","M","M","M","R","?","?","T","R","$","M","?","M","R","BOSS"],"build_version":"2019-01-23","purchased_purges":2,"victory":false,"max_hp_per_floor":[75,75,75,75,75,75,75,75,75,75,75,75,75,75,75,75,75,75,75,75,75,75,75,75,75,75,75,75,75,75,75,75,75],"card_choices":[{"not_picked":["Machine Learning","Rainbow"],"picked":"Seek","floor":0.0},{"not_picked":["Recycle","Force Field"],"picked":"Hologram","floor":1.0},{"not_picked":["Turbo","Compile Driver"],"picked":"Defragment","floor":3.0},{"not_picked":["White Noise","Barrage"],"picked":"Doom and Gloom","floor":4.0},{"not_picked":["Rainbow","Rebound"],"picked":"Sweeping Beam","floor":5.0},{"not_picked":["Sweeping Beam","Scrape"],"picked":"Streamline","floor":11.0},{"not_picked":["Blizzard","Chaos"],"picked":"Steam","floor":13.0},{"not_picked":["Scrape","Reprogram","Compile Driver"],"picked":"SKIP","floor":14.0},{"not_picked":["Biased Cognition","Machine Learning"],"picked":"Electrodynamics","floor":16.0},{"not_picked":["Reprogram","Turbo"],"picked":"Rip and Tear","floor":18},{"not_picked":["Streamline","Auto Shields"],"picked":"Steam","floor":20},{"not_picked":["Doom and Gloom","Double Energy+1"],"picked":"Barrage+1","floor":21},{"not_picked":["Streamline","Lockon"],"picked":"Glacier","floor":22},{"not_picked":["Steam","Go for the Eyes+1"],"picked":"Self Repair+1","floor":29},{"not_picked":["Hologram","Rebound"],"picked":"Coolheaded","floor":31}],"player_experience":449007,"relics_obtained":[{"floor":9.0,"key":"Boot"},{"floor":11.0,"key":"War Paint"},{"floor":26,"key":"Unceasing Top"},{"floor":30,"key":"Smiling Mask"}],"event_choices":[{"damage_healed":0.0,"max_hp_gain":0.0,"max_hp_loss":0.0,"gold_gain":0.0,"event_name":"Lab","player_choice":"Got Potions","floor":2.0,"gold_loss":0.0,"damage_taken":0.0},{"cards_removed":["Strike_B"],"damage_healed":0.0,"max_hp_gain":0.0,"max_hp_loss":0.0,"gold_gain":0.0,"event_name":"Golden Wing","player_choice":"Card Removal","floor":7.0,"gold_loss":0.0,"damage_taken":7.0},{"damage_healed":0.0,"max_hp_gain":0.0,"max_hp_loss":0.0,"gold_gain":0.0,"event_name":"Match and Keep!","player_choice":"1 cards matched","floor":8.0,"gold_loss":0.0,"damage_taken":0.0,"cards_obtained":["Beam Cell"]},{"damage_healed":0,"gold_gain":0,"player_choice":"Opened","damage_taken":0,"relics_obtained":["Singing Bowl"],"max_hp_gain":0,"max_hp_loss":0,"event_name":"The Mausoleum","floor":24,"gold_loss":0},{"damage_healed":0,"gold_gain":0,"player_choice":"Fight","damage_taken":0,"max_hp_gain":0,"max_hp_loss":0,"event_name":"Colosseum","floor":25,"gold_loss":0},{"damage_healed":0,"gold_gain":0,"player_choice":"Fled From Nobs","damage_taken":0,"max_hp_gain":0,"max_hp_loss":0,"event_name":"Colosseum","floor":25,"gold_loss":0}],"is_beta":false,"boss_relics":[{"not_picked":["Pandora\u0027s Box","Orrery"],"picked":"Fusion Hammer"}],"items_purged_floors":[19,28],"is_endless":false,"potions_floor_spawned":[1,11,13,16,18,29,31],"killed_by":"Champ","ascension_level":8}