{"gold_per_floor":[117,131,131,111,111,141,154,154,234,269,289,364,364],"floor_reached":13,"playtime":383,"items_purged":[],"score":158,"play_id":"bd4db0fd-16d1-445f-b229-2bbfe3ef1f88","local_time":"20190510222153","is_ascension_mode":true,"campfire_choices":[{"floor":8,"key":"REST"}],"neow_cost":"PERCENT_DAMAGE","seed_source_timestamp":271769084626599,"circlet_count":0,"master_deck":["AscendersBane","Strike_R","Strike_R","Strike_R","Strike_R","Strike_R","Defend_R","Defend_R","Defend_R","Defend_R","Bash","Carnage","Infernal Blade","Body Slam"],"relics":["Burning Blood","Gambling Chip","Lantern","Frozen Egg 2","Art of War"],"potions_floor_usage":[6,10,10,11],"damage_taken":[{"damage":7,"enemies":"Small Slimes","floor":1,"turns":4},{"damage":1,"enemies":"Cultist","floor":2,"turns":4},{"damage":24,"enemies":"Gremlin Nob","floor":6,"turns":4},{"damage":0,"enemies":"2 Louse","floor":7,"turns":1},{"damage":48,"enemies":"Lagavulin","floor":10,"turns":9},{"damage":14,"enemies":"Exordium Thugs","floor":11,"turns":3},{"damage":15,"enemies":"3 Sentries","floor":13,"turns":2}],"seed_played":"-5138765791773996954","potions_obtained":[{"floor":2,"key":"SneckoOil"},{"floor":4,"key":"GamblersBrew"},{"floor":6,"key":"Weak Potion"},{"floor":10,"key":"Strength Potion"}],"is_trial":false,"path_per_floor":["M","M","$","?","$","E","M","R","T","E","M","?","E"],"character_chosen":"IRONCLAD","items_purchased":[],"campfire_rested":1,"item_purchase_floors":[],"current_hp_per_floor":[49,54,54,54,54,36,42,64,64,22,14,14,0],"gold":364,"neow_bonus":"ONE_RARE_RELIC","is_prod":false,"is_daily":false,"chose_seed":false,"campfire_upgraded":0,"win_rate":0,"timestamp":1557519713,"path_taken":["M","M","$","?","$","E","?","R","T","E","M","?","E"],"build_version":"2019-01-23","purchased_purges":0,"victory":false,"max_hp_per_floor":[75,75,75,75,75,75,75,75,75,75,75,75,75],"card_choices":[{"not_picked":["Warcry","Sword Boomerang","Havoc"],"picked":"SKIP","floor":1},{"not_picked":["Perfected Strike","Headbutt"],"picked":"Carnage","floor":2},{"not_picked":["Berserk","Armaments"],"picked":"Infernal Blade","floor":6},{"not_picked":["Uppercut","Pommel Strike","Clash"],"picked":"SKIP","floor":7},{"not_picked":["Clothesline","Shrug It Off","Body Slam"],"picked":"SKIP","floor":10},{"not_picked":["Combust+1","Shrug It Off"],"picked":"Body Slam","floor":11}],"player_experience":1838979,"relics_obtained":[{"floor":6,"key":"Lantern"},{"floor":9,"key":"Frozen Egg 2"},{"floor":10,"key":"Art of War"}],"event_choices":[{"damage_healed":0,"gold_gain":0,"player_choice":"Bought 1 Potion","damage_taken":0,"max_hp_gain":0,"max_hp_loss":0,"event_name":"The Woman in Blue","floor":4,"gold_loss":0},{"damage_healed":0,"gold_gain":75,"player_choice":"Gained Gold","damage_taken":0,"max_hp_gain":0,"max_hp_loss":0,"event_name":"Golden Wing","floor":12,"gold_loss":0}],"is_beta":false,"boss_relics":[],"items_purged_floors":[],"is_endless":false,"potions_floor_spawned":[2,6,10],"killed_by":"3 Sentries","ascension_level":14}