{"gold_per_floor":[116,116,66,86,11,11,37,49,49,1,1,15,15,15,15,113,113,126,126,36,36,54,85,85,111,134,167,187,187,198,232,232,331,331,348,362,66,66,77,406,422,422,422,452,471,491,159,159,159,159,159,159,37,65,65],"floor_reached":56,"playtime":5737,"items_purged":["Strike_B","Strike_B","Zap"],"score":1384,"play_id":"cc5048cd-d8f4-4180-a88f-01aea7f81fae","local_time":"20190513183046","is_ascension_mode":true,"campfire_choices":[{"data":"Barrage","floor":6.0,"key":"SMITH"},{"data":"1","floor":11.0,"key":"LIFT"},{"data":"2","floor":13.0,"key":"LIFT"},{"data":"3","floor":15.0,"key":"LIFT"},{"data":"Echo Form","floor":24.0,"key":"SMITH"},{"data":"Blizzard","floor":29.0,"key":"SMITH"},{"data":"Skim","floor":32.0,"key":"SMITH"},{"floor":42.0,"key":"RECALL"},{"data":"Defragment","floor":49.0,"key":"SMITH"},{"data":"Capacitor","floor":52.0,"key":"SMITH"}],"neow_cost":"NONE","seed_source_timestamp":2153963496921579,"circlet_count":0,"master_deck":["Defend_B+1","Defend_B","Defend_B","Defend_B","Dualcast","Barrage+1","Gash","Cold Snap","Coolheaded","Streamline","Stack","Echo Form+1","Chill+1","Bandage Up+1","RitualDagger","Capacitor+1","Reinforced Body","Defragment+1","Blizzard+1","Skim+1","Go for the Eyes+1","Storm","Echo Form","Defragment+1","Glacier","Chaos+1","BootSequence","Conserve Battery+1","White Noise","Defragment+1","Steam"],"special_seed":0,"relics":["Cracked Core","NeowsBlessing","Girya","Bird Faced Urn","Runic Pyramid","Nilry\u0027s Codex","Letter Opener","Happy Flower","War Paint","Ice Cream","Pantograph","Busted Crown","Membership Card","Old Coin","Bronze Scales","Gambling Chip","Cables","Medical Kit","Blood Vial"],"potions_floor_usage":[55],"damage_taken":[{"damage":0.0,"enemies":"Small Slimes","floor":1.0,"turns":1.0},{"damage":0.0,"enemies":"Jaw Worm","floor":4.0,"turns":1.0},{"damage":0.0,"enemies":"3 Sentries","floor":7.0,"turns":1.0},{"damage":4.0,"enemies":"2 Louse","floor":8.0,"turns":3.0},{"damage":0.0,"enemies":"2 Fungi Beasts","floor":12.0,"turns":2.0},{"damage":38.0,"enemies":"Hexaghost","floor":16.0,"turns":10.0},{"damage":15.0,"enemies":"2 Thieves","floor":18.0,"turns":3.0},{"damage":4.0,"enemies":"Chosen","floor":22.0,"turns":6.0},{"damage":19.0,"enemies":"Book of Stabbing","floor":23.0,"turns":7.0},{"damage":34.0,"enemies":"Slavers","floor":25.0,"turns":7.0},{"damage":8.0,"enemies":"Book of Stabbing","floor":27.0,"turns":10.0},{"damage":0.0,"enemies":"Snecko","floor":28.0,"turns":5.0},{"damage":1.0,"enemies":"Cultist and Chosen","floor":30.0,"turns":6.0},{"damage":16.0,"enemies":"Slavers","floor":31.0,"turns":5.0},{"damage":3.0,"enemies":"Champ","floor":33.0,"turns":8.0},{"damage":1.0,"enemies":"3 Shapes","floor":35.0,"turns":5.0},{"damage":2.0,"enemies":"3 Darklings","floor":36.0,"turns":5.0},{"damage":12.0,"enemies":"Writhing Mass","floor":39.0,"turns":6.0},{"damage":35.0,"enemies":"Nemesis","floor":40.0,"turns":7.0},{"damage":0.0,"enemies":"Spire Growth","floor":41.0,"turns":5.0},{"damage":0.0,"enemies":"Giant Head","floor":44.0,"turns":8.0},{"damage":4.0,"enemies":"Jaw Worm Horde","floor":45.0,"turns":5.0},{"damage":27.0,"enemies":"Maw","floor":46.0,"turns":8.0},{"damage":1.0,"enemies":"Time Eater","floor":50.0,"turns":9.0},{"damage":3.0,"enemies":"Shield and Spear","floor":54.0,"turns":6.0},{"damage":47,"enemies":"The Heart","floor":55,"turns":8}],"seed_played":"-4437622752742413868","potions_obtained":[{"floor":4.0,"key":"Fire Potion"},{"floor":7.0,"key":"LiquidBronze"},{"floor":18.0,"key":"Regen Potion"},{"floor":22.0,"key":"SteroidPotion"},{"floor":25.0,"key":"PowerPotion"},{"floor":33.0,"key":"LiquidBronze"},{"floor":35.0,"key":"Swift Potion"}],"is_trial":false,"path_per_floor":["M","?","?","M","$","R","E","M","T","$","R","M","R","?","R","B",null,"M","?","$","?","M","E","R","E","T","E","M","R","M","E","R","B",null,"M","M","$","?","M","E","M","R","T","E","M","M","$","?","R","B",null,"R","$","E","B",null],"character_chosen":"DEFECT","items_purchased":["Streamline","Bandage Up","Membership Card","Defragment","Gambling Chip","Cables","Medical Kit","Steam"],"campfire_rested":0,"item_purchase_floors":[10,20,37,37,47,47,53,53],"current_hp_per_floor":[75,75,75,75,75,75,75,71,71,71,71,71,71,71,71,33,75,60,44,44,38,44,44,44,24,24,50,66,66,75,75,75,75,75,75,75,75,75,75,62,75,75,75,75,75,68,68,68,68,75,75,75,75,75,71],"gold":65,"neow_bonus":"THREE_ENEMY_KILL","is_prod":false,"is_daily":false,"chose_seed":false,"campfire_upgraded":6,"win_rate":0,"timestamp":1557790246,"path_taken":["M","?","?","M","?","R","E","M","T","$","R","M","R","?","R","BOSS","M","?","$","?","M","E","R","E","T","E","M","R","M","E","R","BOSS","M","M","$","?","M","E","?","R","T","E","M","M","$","?","R","BOSS","R","$","E","BOSS"],"build_version":"2019-01-23","purchased_purges":3,"victory":true,"max_hp_per_floor":[75,75,75,75,75,75,75,75,75,75,75,75,75,75,75,75,75,75,75,75,75,75,75,75,75,75,75,75,75,75,75,75,75,75,75,75,75,75,75,75,75,75,75,75,75,75,75,75,75,75,75,75,75,75,75],"card_choices":[{"not_picked":["Steam","Scrape"],"picked":"Barrage","floor":1.0},{"not_picked":["Sweeping Beam","Static Discharge"],"picked":"Gash","floor":4.0},{"not_picked":["Ball Lightning","Hyperbeam"],"picked":"Cold Snap","floor":7.0},{"not_picked":["Redo","Turbo"],"picked":"Coolheaded","floor":8.0},{"not_picked":["Barrage","Streamline"],"picked":"Stack","floor":12.0},{"not_picked":["Meteor Strike","Rainbow"],"picked":"Echo Form","floor":16.0},{"not_picked":["White Noise","Doom and Gloom"],"picked":"Chill+1","floor":18.0},{"not_picked":["Beam Cell","Leap+1"],"picked":"Capacitor","floor":22.0},{"not_picked":["Rebound+1","Core Surge"],"picked":"Reinforced Body","floor":23.0},{"not_picked":["Fusion","Coolheaded+1"],"picked":"Defragment+1","floor":25.0},{"not_picked":["Fusion+1","Steam Power"],"picked":"Blizzard","floor":27.0},{"not_picked":["Rebound","Blizzard+1"],"picked":"Skim","floor":28.0},{"not_picked":["Blizzard","Leap"],"picked":"Go for the Eyes+1","floor":30.0},{"not_picked":["Reboot","Static Discharge"],"picked":"Storm","floor":31.0},{"not_picked":["Hyperbeam","Multi-Cast"],"picked":"Echo Form","floor":33.0},{"not_picked":["Leap+1"],"picked":"SKIP","floor":35.0},{"not_picked":["Hologram"],"picked":"SKIP","floor":36.0},{"not_picked":[],"picked":"Glacier","floor":39.0},{"not_picked":[],"picked":"Chaos+1","floor":40.0},{"not_picked":["Barrage+1"],"picked":"SKIP","floor":41.0},{"not_picked":[],"picked":"BootSequence","floor":44.0},{"not_picked":[],"picked":"Conserve Battery+1","floor":45.0},{"not_picked":[],"picked":"White Noise","floor":46.0},{"not_picked":["Scrape+1"],"picked":"SKIP","floor":54.0}],"player_experience":306831,"relics_obtained":[{"floor":7.0,"key":"Girya"},{"floor":9.0,"key":"Bird Faced Urn"},{"floor":19.0,"key":"Nilry\u0027s Codex"},{"floor":23.0,"key":"Letter Opener"},{"floor":25.0,"key":"Happy Flower"},{"floor":26.0,"key":"War Paint"},{"floor":27.0,"key":"Ice Cream"},{"floor":31.0,"key":"Pantograph"},{"floor":40.0,"key":"Old Coin"},{"floor":44.0,"key":"Bronze Scales"},{"floor":54.0,"key":"Blood Vial"}],"event_choices":[{"cards_removed":["Strike_B"],"damage_healed":0.0,"max_hp_gain":0.0,"max_hp_loss":0.0,"gold_gain":0.0,"event_name":"Living Wall","player_choice":"Forget","floor":2.0,"gold_loss":0.0,"damage_taken":0.0},{"cards_removed":["Strike_B"],"damage_healed":0.0,"max_hp_gain":0.0,"max_hp_loss":0.0,"gold_gain":0.0,"event_name":"The Cleric","player_choice":"Card Removal","floor":3.0,"gold_loss":50.0,"damage_taken":0.0},{"damage_healed":0.0,"max_hp_gain":0.0,"max_hp_loss":0.0,"gold_gain":0.0,"event_name":"Liars Game","player_choice":"Ignored","floor":14.0,"gold_loss":0.0,"damage_taken":0.0},{"damage_healed":0.0,"max_hp_gain":0.0,"max_hp_loss":0.0,"gold_gain":0.0,"event_name":"Cursed Tome","player_choice":"Obtained Book","floor":19.0,"gold_loss":0.0,"damage_taken":16.0},{"damage_healed":0.0,"max_hp_gain":0.0,"max_hp_loss":0.0,"gold_gain":0.0,"event_name":"Nest","player_choice":"Joined the Cult","floor":21.0,"gold_loss":0.0,"damage_taken":6.0,"cards_obtained":["RitualDagger"]},{"damage_healed":0.0,"max_hp_gain":0.0,"max_hp_loss":0.0,"gold_gain":0.0,"event_name":"Lab","player_choice":"Got Potions","floor":38.0,"gold_loss":0.0,"damage_taken":0.0},{"damage_healed":0.0,"max_hp_gain":0.0,"max_hp_loss":0.0,"gold_gain":0.0,"event_name":"Duplicator","player_choice":"Copied","floor":48.0,"gold_loss":0.0,"damage_taken":0.0,"cards_obtained":["Defragment"]}],"is_beta":false,"boss_relics":[{"not_picked":["Calling Bell","Empty Cage"],"picked":"Runic Pyramid"},{"not_picked":["Pandora\u0027s Box","Sozu"],"picked":"Busted Crown"}],"items_purged_floors":[5,37,47],"is_endless":false,"potions_floor_spawned":[4,7,18,22,25,33,35,39,40,44,46],"ascension_level":2}