{"gold_per_floor":[110,110,123,123,198,228,228,149,149,177,177,177,190,225,225,324,324,334,251,251,280,298,329,340,340],"floor_reached":25,"playtime":10860,"items_purged":[],"score":261,"play_id":"b4050890-b5e3-4dde-a0cf-0a1afe9bcc4a","local_time":"20181123180533","is_ascension_mode":true,"campfire_choices":[{"floor":7.0,"key":"REST"},{"floor":11.0,"key":"REST"},{"floor":15.0,"key":"REST"}],"neow_cost":"NONE","seed_source_timestamp":0,"circlet_count":0,"master_deck":["Strike_R","Strike_R","Strike_R","Strike_R","Defend_R","Defend_R","Defend_R","Defend_R","Bash","Heavy Blade+1","Iron Wave","Shockwave","Thunderclap","Armaments","Flame Barrier","Demon Form","Impervious","Flex","Ghostly Armor","Sword Boomerang","Warcry","Anger","Heavy Blade","Warcry+1"],"special_seed":0,"relics":["Burning Blood","Bottled Lightning","Pocketwatch","Self Forming Clay","Centennial Puzzle","Eternal Feather","Red Mask","Toxic Egg 2"],"potions_floor_usage":[23,23],"damage_taken":[{"damage":13.0,"enemies":"Jaw Worm","floor":1.0,"turns":4.0},{"damage":10.0,"enemies":"Small Slimes","floor":3.0,"turns":4.0},{"damage":55.0,"enemies":"Lagavulin","floor":6.0,"turns":9.0},{"damage":22.0,"enemies":"Gremlin Nob","floor":10.0,"turns":5.0},{"damage":3.0,"enemies":"2 Louse","floor":13.0,"turns":3.0},{"damage":26.0,"enemies":"Lagavulin","floor":14.0,"turns":8.0},{"damage":26.0,"enemies":"Slime Boss","floor":16.0,"turns":8.0},{"damage":11.0,"enemies":"3 Byrds","floor":18.0,"turns":6.0},{"damage":37.0,"enemies":"Masked Bandits","floor":21.0,"turns":6.0},{"damage":8.0,"enemies":"Chosen","floor":22.0,"turns":4.0},{"damage":14,"enemies":"Slavers","floor":23,"turns":6},{"damage":9,"enemies":"Centurion and Healer","floor":24,"turns":5},{"damage":43,"enemies":"Sentry and Sphere","floor":25,"turns":6}],"seed_played":"2781675292745708879","potions_obtained":[{"floor":1.0,"key":"GamblersBrew"},{"floor":10.0,"key":"GamblersBrew"},{"floor":13.0,"key":"SteroidPotion"},{"floor":14.0,"key":"GamblersBrew"},{"floor":18.0,"key":"AttackPotion"},{"floor":21.0,"key":"Poison Potion"},{"floor":23,"key":"SpeedPotion"}],"is_trial":false,"path_per_floor":["M","?","M","?","?","E","R","$","T","E","R","?","M","E","R","B",null,"M","$","?","?","M","E","M","M"],"character_chosen":"IRONCLAD","items_purchased":["Thunderclap","Armaments","Ghostly Armor","Sword Boomerang"],"campfire_rested":3,"item_purchase_floors":[8,8,19,19],"current_hp_per_floor":[81,81,77,77,66,17,43,43,43,27,53,53,56,36,62,42,88,83,83,83,52,50,42,39,0],"gold":340,"neow_bonus":"TEN_PERCENT_HP_BONUS","is_prod":false,"is_daily":false,"chose_seed":false,"campfire_upgraded":0,"win_rate":0,"timestamp":1542963933,"path_taken":["M","?","M","?","?","E","R","$","T","E","R","?","M","E","R","BOSS","M","?","?","?","M","E","M","M"],"build_version":"2018-11-15","purchased_purges":0,"victory":false,"max_hp_per_floor":[88,88,88,88,88,88,88,88,88,88,88,88,88,88,88,88,88,88,88,88,88,88,88,88,88],"card_choices":[{"not_picked":["Headbutt","Uppercut"],"picked":"Heavy Blade","floor":1.0},{"not_picked":["Combust","Clash"],"picked":"Iron Wave","floor":3.0},{"not_picked":["Rupture","Whirlwind"],"picked":"Shockwave","floor":6.0},{"not_picked":["Searing Blow","Pommel Strike"],"picked":"Flame Barrier","floor":10.0},{"not_picked":["Clash","Thunderclap","Clothesline"],"picked":"SKIP","floor":13.0},{"not_picked":["Disarm","Double Tap"],"picked":"Demon Form","floor":14.0},{"not_picked":["Berserk","Brutality"],"picked":"Impervious","floor":16.0},{"not_picked":["Dual Wield+1","Body Slam"],"picked":"Flex","floor":18.0},{"not_picked":["Corruption","Thunderclap+1"],"picked":"Warcry","floor":21.0},{"not_picked":["Twin Strike","Power Through"],"picked":"Anger","floor":22.0},{"not_picked":["Cleave","Flame Barrier"],"picked":"Heavy Blade","floor":23},{"not_picked":["Rupture+1","Infernal Blade+1"],"picked":"Warcry+1","floor":24}],"player_experience":16895,"relics_obtained":[{"floor":6.0,"key":"Bottled Lightning"},{"floor":9.0,"key":"Pocketwatch"},{"floor":10.0,"key":"Self Forming Clay"},{"floor":14.0,"key":"Centennial Puzzle"},{"floor":21.0,"key":"Red Mask"},{"floor":23,"key":"Toxic Egg 2"}],"event_choices":[{"damage_healed":0.0,"max_hp_gain":0.0,"max_hp_loss":0.0,"gold_gain":0.0,"event_name":"Living Wall","player_choice":"Grow","floor":2.0,"gold_loss":0.0,"damage_taken":0.0,"cards_upgraded":["Heavy Blade"]},{"damage_healed":0.0,"max_hp_gain":0.0,"max_hp_loss":0.0,"gold_gain":0.0,"event_name":"The Cleric","player_choice":"Leave","floor":4.0,"gold_loss":0.0,"damage_taken":0.0},{"damage_healed":0.0,"max_hp_gain":0.0,"max_hp_loss":0.0,"gold_gain":75.0,"event_name":"World of Goop","player_choice":"Gather Gold","floor":5.0,"gold_loss":0.0,"damage_taken":11.0},{"cards_removed":["Strike_R"],"damage_healed":0.0,"max_hp_gain":0.0,"max_hp_loss":0.0,"gold_gain":0.0,"event_name":"Purifier","player_choice":"Purged","floor":12.0,"gold_loss":0.0,"damage_taken":0.0},{"damage_healed":0.0,"max_hp_gain":0.0,"max_hp_loss":0.0,"gold_gain":0.0,"event_name":"Beggar","player_choice":"Ignored","floor":20.0,"gold_loss":0.0,"damage_taken":0.0},{"damage_healed":0.0,"max_hp_gain":0.0,"max_hp_loss":0.0,"gold_gain":0.0,"event_name":"Masked Bandits","player_choice":"Fought Bandits","floor":21.0,"gold_loss":0.0,"damage_taken":0.0}],"is_beta":false,"boss_relics":[{"not_picked":["Runic Dome","Busted Crown"],"picked":"Eternal Feather"}],"items_purged_floors":[],"is_endless":false,"potions_floor_spawned":[1,10,13,14,18,21,23],"killed_by":"Sentry and Sphere","ascension_level":2}