{"gold_per_floor":[117,217,9,9,9,40,40,40,120,153,172,207,207,226,226,322,322,335,351,27,42,42],"floor_reached":22,"playtime":818,"items_purged":[],"score":423,"play_id":"c48113d5-215b-4fb1-aa7f-9bc133f7001a","local_time":"20190511183722","is_ascension_mode":true,"campfire_choices":[{"data":"Zap","floor":8,"key":"SMITH"},{"data":"Streamline","floor":15,"key":"SMITH"}],"neow_cost":"NONE","seed_source_timestamp":639187613605700,"circlet_count":0,"master_deck":["Strike_B","Strike_B","Strike_B","Defend_B","Defend_B","Defend_B","Defend_B","Zap+1","Dualcast","All For One","Beam Cell","Streamline+1","Biased Cognition","Compile Driver","Biased Cognition","Stack+1","Coolheaded+1","FTL","Sweeping Beam"],"relics":["Cracked Core","NeowsBlessing","Medical Kit","Bottled Flame","Tiny Chest","Anchor","Bronze Scales","Black Star","Toxic Egg 2"],"potions_floor_usage":[12,22,22],"damage_taken":[{"damage":0,"enemies":"Small Slimes","floor":1,"turns":1},{"damage":0,"enemies":"3 Sentries","floor":6,"turns":1},{"damage":0,"enemies":"Gremlin Nob","floor":10,"turns":1},{"damage":1,"enemies":"Cultist","floor":11,"turns":3},{"damage":9,"enemies":"3 Sentries","floor":12,"turns":5},{"damage":0,"enemies":"Jaw Worm","floor":14,"turns":2},{"damage":0,"enemies":"Slime Boss","floor":16,"turns":6},{"damage":6,"enemies":"Spheric Guardian","floor":18,"turns":3},{"damage":16,"enemies":"Shell Parasite","floor":19,"turns":4},{"damage":39,"enemies":"Shelled Parasite and Fungi","floor":21,"turns":4},{"damage":23,"enemies":"Snecko","floor":22,"turns":4}],"seed_played":"2107855845682394822","potions_obtained":[{"floor":10,"key":"FearPotion"},{"floor":11,"key":"AttackPotion"},{"floor":12,"key":"PowerPotion"},{"floor":18,"key":"Regen Potion"}],"is_trial":false,"path_per_floor":["M","?","$","?","$","E","$","R","T","E","M","E","?","M","R","B",null,"M","M","$","M","M"],"character_chosen":"DEFECT","items_purchased":["Medical Kit","Toxic Egg 2","FTL"],"campfire_rested":0,"item_purchase_floors":[3,20,20],"current_hp_per_floor":[68,68,68,68,68,68,68,68,68,68,67,58,51,51,51,51,69,63,47,47,8,0],"gold":42,"neow_bonus":"THREE_ENEMY_KILL","is_prod":false,"is_daily":false,"chose_seed":false,"campfire_upgraded":2,"win_rate":0,"timestamp":1557625042,"path_taken":["M","?","?","?","?","E","$","R","T","E","?","E","?","M","R","BOSS","M","M","$","M","M"],"build_version":"2019-01-23","purchased_purges":0,"victory":false,"max_hp_per_floor":[75,75,75,75,75,75,75,75,75,75,75,75,75,75,75,75,75,75,75,75,75,75],"card_choices":[{"not_picked":["Gash","Barrage","Turbo"],"picked":"SKIP","floor":1},{"not_picked":["Conserve Battery","Rebound"],"picked":"All For One","floor":6},{"not_picked":["Compile Driver","Gash"],"picked":"Beam Cell","floor":10},{"not_picked":["Steam","Beam Cell"],"picked":"Streamline","floor":11},{"not_picked":["Gash","Sweeping Beam"],"picked":"Biased Cognition","floor":12},{"not_picked":["Steam Power","Ball Lightning"],"picked":"Compile Driver","floor":14},{"not_picked":["Machine Learning","Multi-Cast"],"picked":"Biased Cognition","floor":16},{"not_picked":["FTL+1","Auto Shields"],"picked":"Stack+1","floor":18},{"not_picked":["Compile Driver","Beam Cell"],"picked":"Coolheaded+1","floor":19},{"not_picked":["Blizzard","Chaos+1"],"picked":"Sweeping Beam","floor":21}],"player_experience":452485,"relics_obtained":[{"floor":6,"key":"Bottled Flame"},{"floor":9,"key":"Tiny Chest"},{"floor":10,"key":"Anchor"},{"floor":12,"key":"Bronze Scales"}],"event_choices":[{"damage_healed":0,"gold_gain":100,"player_choice":"Pray","damage_taken":0,"max_hp_gain":0,"max_hp_loss":0,"event_name":"Golden Shrine","floor":2,"gold_loss":0},{"damage_healed":0,"gold_gain":0,"player_choice":"Leave","damage_taken":0,"max_hp_gain":0,"max_hp_loss":0,"event_name":"The Cleric","floor":4,"gold_loss":0},{"cards_removed":["Strike_B"],"damage_healed":0,"gold_gain":0,"player_choice":"Card Removal","damage_taken":7,"max_hp_gain":0,"max_hp_loss":0,"event_name":"Golden Wing","floor":13,"gold_loss":0}],"is_beta":false,"boss_relics":[{"not_picked":["Orrery","Eternal Feather"],"picked":"Black Star"}],"items_purged_floors":[],"is_endless":false,"potions_floor_spawned":[10,11,12,18],"killed_by":"Snecko","ascension_level":8}