{"gold_per_floor":[119,50,50,70,70,111,111,124,196,234,234,30,30,50,50,176,176,194,194,119,135,135],"floor_reached":22,"playtime":817,"items_purged":["Normality"],"score":326,"play_id":"4155d585-1e60-4bc5-afd1-3aa60e458034","local_time":"20190313222314","is_ascension_mode":true,"campfire_choices":[{"floor":7,"key":"REST"},{"data":"Noxious Fumes","floor":11,"key":"SMITH"},{"floor":13,"key":"REST"},{"data":"Sucker Punch","floor":15,"key":"SMITH"}],"neow_cost":"NONE","seed_source_timestamp":13924875053800,"circlet_count":0,"master_deck":["AscendersBane","Defend_G","Defend_G","Defend_G","Defend_G","Defend_G","Strike_G","Strike_G","Strike_G","Strike_G","Strike_G","Survivor","Neutralize","Sucker Punch+1","Noxious Fumes+1","Quick Slash","Setup","Dagger Throw","Distraction","Bullet Time","Injury","Injury"],"relics":["Ring of the Snake","NeowsBlessing","Golden Idol","Snake Skull","Pantograph","Lantern","MealTicket","Calling Bell","Art of War","Mummified Hand","Incense Burner"],"potions_floor_usage":[10,22,22],"damage_taken":[{"damage":0,"enemies":"2 Louse","floor":1,"turns":1},{"damage":0,"enemies":"Jaw Worm","floor":4,"turns":1},{"damage":0,"enemies":"Gremlin Nob","floor":6,"turns":1},{"damage":0,"enemies":"Cultist","floor":8,"turns":4},{"damage":16,"enemies":"3 Sentries","floor":10,"turns":8},{"damage":20,"enemies":"Lots of Slimes","floor":14,"turns":4},{"damage":56,"enemies":"Slime Boss","floor":16,"turns":9},{"damage":30,"enemies":"Chosen","floor":18,"turns":6},{"damage":37,"enemies":"Spheric Guardian","floor":21,"turns":6},{"damage":16,"enemies":"Snecko","floor":22,"turns":4}],"seed_played":"1632129079037511711","potions_obtained":[{"floor":4,"key":"EssenceOfSteel"},{"floor":8,"key":"Regen Potion"},{"floor":16,"key":"Ancient Potion"},{"floor":21,"key":"Block Potion"}],"is_trial":false,"path_per_floor":["M","$","?","M","$","E","R","M","T","E","R","$","R","M","R","B",null,"M","?","$","M","M"],"character_chosen":"THE_SILENT","items_purchased":["Noxious Fumes","MealTicket"],"campfire_rested":2,"item_purchase_floors":[2,12],"current_hp_per_floor":[63,63,46,46,46,46,67,67,67,51,51,51,70,50,50,14,56,26,26,41,4,0],"gold":135,"neow_bonus":"THREE_ENEMY_KILL","is_prod":false,"is_daily":false,"chose_seed":false,"campfire_upgraded":2,"win_rate":0,"timestamp":1552512194,"path_taken":["M","$","?","M","$","E","R","M","T","E","R","?","R","M","R","BOSS","M","?","$","?","M"],"build_version":"2019-01-23","purchased_purges":1,"victory":false,"max_hp_per_floor":[70,70,70,70,70,70,70,70,70,70,70,70,70,70,70,70,70,70,70,70,70,70],"card_choices":[{"not_picked":["Outmaneuver","Skewer"],"picked":"Sucker Punch","floor":1},{"not_picked":["Backflip","Dodge and Roll"],"picked":"Quick Slash","floor":4},{"not_picked":["Tactician","Slice"],"picked":"Setup","floor":6},{"not_picked":["Blade Dance","Deflect"],"picked":"Dagger Throw","floor":8},{"not_picked":["Storm of Steel","Deflect"],"picked":"Distraction","floor":10},{"not_picked":["Deflect","PiercingWail","Dagger Throw"],"picked":"SKIP","floor":14},{"not_picked":["Adrenaline","Storm of Steel"],"picked":"Bullet Time","floor":16},{"not_picked":["Slice","Blade Dance","Dodge and Roll"],"picked":"SKIP","floor":18},{"not_picked":["Slice","Prepared","Deflect+1"],"picked":"SKIP","floor":21}],"player_experience":1506274,"relics_obtained":[{"floor":6,"key":"Snake Skull"},{"floor":9,"key":"Pantograph"},{"floor":10,"key":"Lantern"},{"floor":17,"key":"Art of War"},{"floor":17,"key":"Mummified Hand"},{"floor":17,"key":"Incense Burner"}],"event_choices":[{"damage_healed":0,"gold_gain":0,"player_choice":"Take Damage","damage_taken":17,"relics_obtained":["Golden Idol"],"max_hp_gain":0,"max_hp_loss":0,"event_name":"Golden Idol","floor":3,"gold_loss":0},{"damage_healed":0,"gold_gain":0,"player_choice":"0 cards matched","damage_taken":0,"max_hp_gain":0,"max_hp_loss":0,"event_name":"Match and Keep!","floor":19,"gold_loss":0,"cards_obtained":[]}],"is_beta":false,"boss_relics":[{"not_picked":["HoveringKite","Empty Cage"],"picked":"Calling Bell"}],"items_purged_floors":[20],"is_endless":false,"potions_floor_spawned":[4,8,16,21],"killed_by":"Snecko","ascension_level":10}