{"gold_per_floor":[118,118,129,148,223,223,255,255,282,282,282,297,322,335,335,437,437,455,455,455,465,479,504,174,205,205,205,205,32,32,47,47,151,151,165,165,74,74,74,109,109,140,140,173,173,189,128,153,153,153],"floor_reached":51,"playtime":6794,"items_purged":["Havoc"],"score":993,"play_id":"2bbddf94-d3b0-404d-b647-3a597587271e","local_time":"20190513194632","is_ascension_mode":true,"campfire_choices":[{"data":"Clothesline","floor":6,"key":"SMITH"},{"data":"Battle Trance","floor":8,"key":"SMITH"},{"floor":15,"key":"REST"},{"data":"Heavy Blade","floor":28,"key":"SMITH"},{"data":"Apotheosis","floor":32,"key":"SMITH"},{"data":"Limit Break","floor":41,"key":"SMITH"},{"data":"Corruption","floor":45,"key":"SMITH"},{"data":"Whirlwind","floor":49,"key":"SMITH"}],"neow_cost":"NONE","seed_source_timestamp":1010293582531200,"circlet_count":0,"master_deck":["Strike_R+1","Strike_R+1","Defend_R+1","Defend_R+1","Defend_R+1","Defend_R+1","Bash","Trip+1","Heavy Blade+1","Clothesline+1","Battle Trance+1","Burning Pact","Seeing Red","Fiend Fire","Demon Form+1","Flame Barrier+1","Entrench+1","Disarm","Whirlwind+1","Shrug It Off","Apotheosis+1","Reaper","Shrug It Off","Shockwave","Inflame","Corruption+1","Blood for Blood","Limit Break+1","Disarm+1"],"relics":["Burning Blood","Happy Flower","Pen Nib","Singing Bowl","Runic Pyramid","Dodecahedron","Matryoshka","The Courier","Anchor","Shuriken","Lantern","Ornamental Fan","Orrery","Letter Opener","Question Card","Sundial","Ginger","Pantograph","Meat on the Bone"],"potions_floor_usage":[25,35,42,50,50,50],"damage_taken":[{"damage":4,"enemies":"Jaw Worm","floor":1,"turns":4},{"damage":1,"enemies":"Cultist","floor":3,"turns":3},{"damage":1,"enemies":"2 Louse","floor":4,"turns":2},{"damage":21,"enemies":"Gremlin Nob","floor":7,"turns":4},{"damage":33,"enemies":"Large Slime","floor":12,"turns":5},{"damage":11,"enemies":"Lagavulin","floor":13,"turns":5},{"damage":22,"enemies":"Lots of Slimes","floor":14,"turns":4},{"damage":38,"enemies":"The Guardian","floor":16,"turns":10},{"damage":12,"enemies":"Chosen","floor":18,"turns":2},{"damage":0,"enemies":"3 Byrds","floor":21,"turns":3},{"damage":15,"enemies":"Centurion and Healer","floor":22,"turns":3},{"damage":16,"enemies":"Gremlin Leader","floor":23,"turns":6},{"damage":9,"enemies":"Book of Stabbing","floor":25,"turns":4},{"damage":0,"enemies":"Chosen and Byrds","floor":31,"turns":3},{"damage":0,"enemies":"Champ","floor":33,"turns":9},{"damage":14,"enemies":"3 Darklings","floor":35,"turns":5},{"damage":13,"enemies":"Giant Head","floor":40,"turns":7},{"damage":0,"enemies":"Reptomancer","floor":42,"turns":5},{"damage":42,"enemies":"Nemesis","floor":44,"turns":7},{"damage":2,"enemies":"3 Shapes","floor":46,"turns":6},{"damage":14,"enemies":"Reptomancer","floor":48,"turns":5},{"damage":37,"enemies":"Awakened One","floor":50,"turns":9}],"seed_played":"5618695286050416081","potions_obtained":[{"floor":7,"key":"Poison Potion"},{"floor":13,"key":"LiquidBronze"},{"floor":16,"key":"Regen Potion"},{"floor":25,"key":"FearPotion"},{"floor":31,"key":"Fire Potion"},{"floor":33,"key":"Weak Potion"},{"floor":44,"key":"AttackPotion"},{"floor":46,"key":"EssenceOfSteel"}],"is_trial":false,"path_per_floor":["M","?","M","M","?","R","E","R","T","?","?","M","E","M","R","B",null,"M","?","?","M","M","E","$","E","T","T","R","$","?","M","R","B",null,"M","?","$","?","?","E","R","E","T","E","R","M","?","E","R","B",null],"character_chosen":"IRONCLAD","items_purchased":["Matryoshka","Shrug It Off","Apotheosis","Inflame","Corruption"],"campfire_rested":1,"item_purchase_floors":[24,29,29,37,37],"current_hp_per_floor":[80,80,80,80,69,69,54,54,54,59,59,32,27,13,39,7,87,81,81,81,89,80,70,70,67,67,67,67,67,67,75,75,81,97,99,99,99,94,94,94,94,96,96,98,98,98,98,100,100,100],"gold":153,"neow_bonus":"RANDOM_COLORLESS","is_prod":false,"is_daily":false,"chose_seed":false,"campfire_upgraded":7,"win_rate":0,"timestamp":1557791192,"path_taken":["M","?","?","M","?","R","E","R","T","?","?","M","E","?","R","BOSS","M","?","?","M","?","E","$","E","T","?","R","?","?","M","R","BOSS","M","?","$","?","?","E","R","E","T","E","R","?","?","E","R","BOSS"],"build_version":"2019-01-23","purchased_purges":1,"victory":true,"max_hp_per_floor":[80,80,80,80,80,80,80,80,80,85,85,85,85,87,87,87,87,87,87,87,89,89,89,89,89,89,89,89,89,89,91,91,91,97,99,99,99,94,94,94,94,96,96,98,98,98,98,100,100,100],"card_choices":[{"not_picked":["Iron Wave","Searing Blow"],"picked":"Heavy Blade","floor":1},{"not_picked":["Twin Strike","Sword Boomerang"],"picked":"Clothesline","floor":3},{"not_picked":["Armaments","Dropkick"],"picked":"Havoc","floor":4},{"not_picked":["Headbutt","Armaments"],"picked":"Battle Trance","floor":7},{"not_picked":["Second Wind","Thunderclap"],"picked":"Seeing Red","floor":12},{"not_picked":["Evolve","Warcry"],"picked":"Fiend Fire","floor":13},{"not_picked":["Clash","Iron Wave","Warcry"],"picked":"Singing Bowl","floor":14},{"not_picked":["Brutality","Bludgeon"],"picked":"Demon Form","floor":16},{"not_picked":["Wild Strike","Metallicize"],"picked":"Flame Barrier+1","floor":18},{"not_picked":["Pommel Strike","Uppercut","Dropkick"],"picked":"Singing Bowl","floor":21},{"not_picked":["Pommel Strike","Fire Breathing"],"picked":"Entrench+1","floor":22},{"not_picked":["True Grit","Heavy Blade"],"picked":"Disarm","floor":23},{"not_picked":["Havoc","Clothesline"],"picked":"Whirlwind","floor":25},{"not_picked":["Heavy Blade","Bloodletting","Armaments"],"picked":"Singing Bowl","floor":31},{"not_picked":["Demon Form","Berserk"],"picked":"Reaper","floor":33},{"not_picked":["Havoc","Wild Strike"],"picked":"Shrug It Off","floor":34},{"not_picked":["Headbutt","Anger+1","Clash"],"picked":"Singing Bowl","floor":34},{"not_picked":["Searing Blow","Flex","Havoc"],"picked":"Singing Bowl","floor":34},{"not_picked":["Whirlwind+1","Cleave","Pommel Strike"],"picked":"Singing Bowl","floor":34},{"not_picked":["Infernal Blade+1","Headbutt+1"],"picked":"Shockwave","floor":34},{"not_picked":["Iron Wave","Cleave","Headbutt+1"],"picked":"Singing Bowl","floor":35},{"not_picked":["Wild Strike+1","Flex+1"],"picked":"Limit Break","floor":40},{"not_picked":["Perfected Strike+1","Body Slam+1","Ghostly Armor+1"],"picked":"Singing Bowl","floor":42},{"not_picked":["Wild Strike","Fiend Fire","Thunderclap","Evolve+1"],"picked":"Singing Bowl","floor":44},{"not_picked":["Dropkick+1","Perfected Strike+1","Dual Wield+1"],"picked":"Disarm+1","floor":46},{"not_picked":["True Grit+1","Dual Wield+1","Corruption","Fire Breathing"],"picked":"Singing Bowl","floor":48}],"player_experience":231865,"relics_obtained":[{"floor":7,"key":"Happy Flower"},{"floor":9,"key":"Pen Nib"},{"floor":13,"key":"Singing Bowl"},{"floor":23,"key":"Dodecahedron"},{"floor":25,"key":"The Courier"},{"floor":26,"key":"Anchor"},{"floor":26,"key":"Shuriken"},{"floor":27,"key":"Lantern"},{"floor":27,"key":"Ornamental Fan"},{"floor":40,"key":"Letter Opener"},{"floor":42,"key":"Question Card"},{"floor":43,"key":"Sundial"},{"floor":44,"key":"Ginger"},{"floor":48,"key":"Meat on the Bone"}],"event_choices":[{"damage_healed":0,"gold_gain":0,"player_choice":"Upgraded","damage_taken":0,"max_hp_gain":0,"max_hp_loss":0,"event_name":"Upgrade Shrine","floor":2,"gold_loss":0,"cards_upgraded":["Trip"]},{"damage_healed":0,"gold_gain":75,"player_choice":"Gather Gold","damage_taken":11,"max_hp_gain":0,"max_hp_loss":0,"event_name":"World of Goop","floor":5,"gold_loss":0},{"damage_healed":0,"gold_gain":0,"player_choice":"Donut","damage_taken":0,"max_hp_gain":5,"max_hp_loss":0,"event_name":"Big Fish","floor":10,"gold_loss":0},{"damage_healed":0,"gold_gain":0,"cards_transformed":["Strike_R"],"player_choice":"Transformed","damage_taken":0,"max_hp_gain":0,"max_hp_loss":0,"event_name":"Transmorgrifier","floor":11,"gold_loss":0,"cards_obtained":["Burning Pact"]},{"damage_healed":0,"gold_gain":0,"player_choice":"Simplicity","damage_taken":0,"max_hp_gain":0,"max_hp_loss":0,"event_name":"Back to Basics","floor":19,"gold_loss":0,"cards_upgraded":["Strike_R","Strike_R","Strike_R","Strike_R","Defend_R","Defend_R","Defend_R","Defend_R"]},{"damage_healed":0,"gold_gain":0,"player_choice":"Forge","damage_taken":0,"max_hp_gain":0,"max_hp_loss":0,"event_name":"Accursed Blacksmith","floor":20,"gold_loss":0,"cards_upgraded":["Demon Form"]},{"damage_healed":0,"gold_gain":0,"player_choice":"Ignored","damage_taken":0,"max_hp_gain":0,"max_hp_loss":0,"event_name":"Vampires","floor":30,"gold_loss":0},{"cards_removed":["Strike_R"],"damage_healed":0,"gold_gain":0,"player_choice":"Removed Attack","damage_taken":0,"max_hp_gain":0,"max_hp_loss":0,"event_name":"Falling","floor":36,"gold_loss":0},{"damage_healed":0,"gold_gain":0,"player_choice":"Max HP","damage_taken":0,"max_hp_gain":0,"max_hp_loss":5,"event_name":"Winding Halls","floor":38,"gold_loss":0},{"damage_healed":0,"gold_gain":0,"cards_transformed":["Strike_R"],"player_choice":"Transformed","damage_taken":0,"max_hp_gain":0,"max_hp_loss":0,"event_name":"Transmorgrifier","floor":39,"gold_loss":0,"cards_obtained":["Blood for Blood"]},{"damage_healed":0,"gold_gain":0,"player_choice":"Paid Gold","damage_taken":0,"relics_obtained":["Pantograph"],"max_hp_gain":0,"max_hp_loss":0,"event_name":"WeMeetAgain","floor":47,"gold_loss":61}],"is_beta":false,"boss_relics":[{"not_picked":["Cursed Key","Astrolabe"],"picked":"Runic Pyramid"},{"not_picked":["Eternal Feather","White Beast Statue"],"picked":"Orrery"}],"items_purged_floors":[24],"is_endless":false,"potions_floor_spawned":[7,13,16,25,31,33,44,46],"ascension_level":2}