{"gold_per_floor":[119,119,131,148,73,73,107,107,154,168,168],"floor_reached":11,"playtime":581,"items_purged":["Pain"],"score":88,"play_id":"17f8b0fa-b45b-4087-9a83-c81206c43ebe","local_time":"20181009084250","is_ascension_mode":true,"campfire_choices":[{"data":"A Thousand Cuts","floor":6,"key":"SMITH"}],"neow_cost":"CURSE","seed_source_timestamp":73165080187900,"circlet_count":0,"master_deck":["Defend_G","Defend_G","Defend_G","Defend_G","Defend_G","Strike_G","Strike_G","Strike_G","Strike_G","Survivor","Neutralize","Cloak And Dagger","A Thousand Cuts+1","Acrobatics","PiercingWail","Flechettes","Deflect"],"relics":["Ring of the Snake","Torii","Shovel","Bird Faced Urn","Snake Skull"],"potions_floor_usage":[7],"damage_taken":[{"damage":4,"enemies":"Jaw Worm","floor":1,"turns":5},{"damage":4,"enemies":"Cultist","floor":3,"turns":5},{"damage":3,"enemies":"Small Slimes","floor":4,"turns":4},{"damage":28,"enemies":"Gremlin Nob","floor":7,"turns":6},{"damage":0,"enemies":"Exordium Wildlife","floor":10,"turns":4},{"damage":38,"enemies":"Gremlin Nob","floor":11,"turns":5}],"seed_played":"5595442265834252472","potions_obtained":[{"floor":4,"key":"GhostInAJar"}],"is_trial":false,"path_per_floor":["M","?","M","M","$","R","E","T","T","M"],"character_chosen":"THE_SILENT","items_purchased":[],"campfire_rested":0,"item_purchase_floors":[],"current_hp_per_floor":[66,66,62,59,59,59,31,31,31,33,0],"gold":168,"neow_bonus":"ONE_RARE_RELIC","is_prod":false,"is_daily":false,"chose_seed":false,"campfire_upgraded":1,"win_rate":0,"timestamp":1539067370,"path_taken":["M","?","M","M","$","R","E","?","T","M","?"],"build_version":"2018-10-04v2","purchased_purges":1,"victory":false,"max_hp_per_floor":[70,70,70,70,70,70,70,70,70,70,70],"card_choices":[{"not_picked":["Backflip","Poisoned Stab"],"picked":"Cloak And Dagger","floor":1},{"not_picked":["Flying Knee","Tactician"],"picked":"Acrobatics","floor":3},{"not_picked":["Slice","Dagger Throw"],"picked":"PiercingWail","floor":4},{"not_picked":["Poisoned Stab","Setup"],"picked":"Flechettes","floor":7},{"not_picked":["Reflex","Malaise"],"picked":"Deflect","floor":10}],"player_experience":594021,"relics_obtained":[{"floor":7,"key":"Shovel"},{"floor":8,"key":"Bird Faced Urn"},{"floor":9,"key":"Snake Skull"}],"event_choices":[{"event_name":"Transmorgrifier","player_choice":"Transform","floor":2,"damage_taken":0},{"event_name":"Dead Adventurer","player_choice":"Searched \u00272\u0027 times","floor":11,"damage_taken":0}],"is_beta":false,"boss_relics":[],"items_purged_floors":[5],"is_endless":false,"potions_floor_spawned":[4,11],"killed_by":"Gremlin Nob","ascension_level":4}