{"gold_per_floor":[116,136,136,136,28,61,61,90,138,156,156,331,8,28,28,131,131,116,16,34,34],"floor_reached":21,"playtime":1298,"items_purged":["Regret","Doubt"],"score":215,"play_id":"2a076424-f79f-486b-9f9f-3f82a1b3b277","local_time":"20181006232143","is_ascension_mode":true,"campfire_choices":[{"floor":7,"key":"REST"},{"floor":11,"key":"REST"},{"floor":15,"key":"REST"}],"neow_cost":"","seed_source_timestamp":34260167597100,"circlet_count":0,"master_deck":["Strike_B","Strike_B","Strike_B","Strike_B","Defend_B","Defend_B+1","Defend_B","Defend_B","Zap","Dualcast","Conserve Battery+1","Reprogram","Chill","Double Energy","Loop","Force Field","Recycle","Doom and Gloom","Enlightenment","Storm","Melter","Creative AI","Turbo","Static Discharge"],"relics":["Cracked Core","Bag of Marbles","Torii","Dream Catcher","PreservedInsect","Happy Flower","Black Star"],"potions_floor_usage":[6,8,16,20,21],"damage_taken":[{"damage":7,"enemies":"Jaw Worm","floor":1,"turns":3},{"damage":8,"enemies":"Small Slimes","floor":2,"turns":3},{"damage":23,"enemies":"Lagavulin","floor":6,"turns":7},{"damage":15,"enemies":"3 Sentries","floor":8,"turns":12},{"damage":1,"enemies":"Cultist","floor":10,"turns":4},{"damage":17,"enemies":"Blue Slaver","floor":14,"turns":3},{"damage":51,"enemies":"The Guardian","floor":16,"turns":14},{"damage":34,"enemies":"2 Thieves","floor":18,"turns":4},{"damage":34,"enemies":"3 Byrds","floor":20,"turns":6},{"damage":8,"enemies":"Snecko","floor":21,"turns":3}],"seed_played":"3709331741632059627","potions_obtained":[{"floor":2,"key":"FocusPotion"},{"floor":6,"key":"Dexterity Potion"},{"floor":14,"key":"SkillPotion"},{"floor":18,"key":"GamblersBrew"},{"floor":20,"key":"Strength Potion"}],"is_trial":false,"path_per_floor":["M","M","?","?","$","E","R","E","T","M","R","?","$","M","R","B",null,"M","$","M"],"character_chosen":"DEFECT","items_purchased":["Chill","Double Energy","Happy Flower","Enlightenment"],"campfire_rested":3,"item_purchase_floors":[5,5,13,13],"current_hp_per_floor":[68,60,45,45,45,22,44,29,29,28,50,50,50,33,55,4,75,41,41,7,0],"gold":34,"neow_bonus":"","is_prod":false,"is_daily":false,"chose_seed":false,"campfire_upgraded":0,"win_rate":0,"timestamp":1538860903,"path_taken":["M","M","?","?","?","E","R","E","T","M","R","?","$","?","R","BOSS","M","$","?","M"],"build_version":"2018-10-04v2","purchased_purges":2,"victory":false,"max_hp_per_floor":[75,75,75,75,75,75,75,75,75,75,75,75,75,75,75,75,75,75,75,75,75],"card_choices":[{"not_picked":["Cold Snap","Turbo"],"picked":"Conserve Battery","floor":1},{"not_picked":["Rebound","Recycle"],"picked":"Reprogram","floor":2},{"not_picked":["Steam","Hello World"],"picked":"Loop","floor":6},{"not_picked":["FTL","Core Surge"],"picked":"Force Field","floor":8},{"not_picked":["Fusion","Consume"],"picked":"Recycle","floor":10},{"not_picked":["Conserve Battery","Hologram"],"picked":"Doom and Gloom","floor":11},{"not_picked":["Conserve Battery","Darkness"],"picked":"Storm","floor":14},{"not_picked":["Stack","Auto Shields"],"picked":"Melter","floor":15},{"not_picked":["Biased Cognition","Hyperbeam"],"picked":"Creative AI","floor":16},{"not_picked":["Rip and Tear","Barrage"],"picked":"Turbo","floor":18},{"not_picked":["Leap","Gash"],"picked":"Static Discharge","floor":20}],"player_experience":570177,"relics_obtained":[{"floor":6,"key":"Torii"},{"floor":8,"key":"Dream Catcher"},{"floor":9,"key":"PreservedInsect"}],"event_choices":[{"event_name":"Shining Light","player_choice":"Entered Light","floor":3,"damage_taken":0},{"event_name":"Big Fish","player_choice":"Box","floor":4,"damage_taken":0},{"event_name":"Liars Game","player_choice":"agreed","floor":12,"damage_taken":0}],"is_beta":false,"boss_relics":[{"not_picked":["Orrery","White Beast Statue"],"picked":"Black Star"}],"items_purged_floors":[13,19],"is_endless":false,"potions_floor_spawned":[2,6,14,18,20],"killed_by":"Snecko","ascension_level":3}