{"gold_per_floor":[117,117,127,144,144,144,156,175,175,194,121,121,148,158,158,158],"floor_reached":16,"playtime":1370,"items_purged":[],"score":135,"play_id":"cfc7094a-dcf2-4173-bcb0-36b1cf272ce2","local_time":"20190122181941","is_ascension_mode":true,"campfire_choices":[{"data":"White Noise","floor":6,"key":"SMITH"},{"floor":15,"key":"REST"}],"neow_cost":"NONE","seed_source_timestamp":1123689146183056,"circlet_count":0,"master_deck":["Strike_B","Strike_B","Strike_B","Strike_B","Defend_B","Defend_B","Defend_B","Defend_B","Zap","Dualcast","Double Energy","Hologram","White Noise+1","Hyperbeam","Sweeping Beam","Conserve Battery","Defragment","Machine Learning","Go for the Eyes"],"relics":["Cracked Core","NeowsBlessing","CultistMask","Bottled Lightning","Lantern","Unceasing Top"],"potions_floor_usage":[16,16,16,16],"damage_taken":[{"damage":0,"enemies":"2 Louse","floor":1,"turns":1},{"damage":0,"enemies":"Small Slimes","floor":3,"turns":1},{"damage":0,"enemies":"Cultist","floor":4,"turns":1},{"damage":1,"enemies":"Exordium Wildlife","floor":7,"turns":4},{"damage":16,"enemies":"Blue Slaver","floor":8,"turns":4},{"damage":15,"enemies":"Red Slaver","floor":10,"turns":3},{"damage":20,"enemies":"3 Sentries","floor":13,"turns":5},{"damage":0,"enemies":"Gremlin Gang","floor":14,"turns":1},{"damage":49,"enemies":"The Guardian","floor":16,"turns":10}],"seed_played":"-556608140507466077","potions_obtained":[{"floor":1,"key":"FocusPotion"},{"floor":3,"key":"FearPotion"},{"floor":7,"key":"Ancient Potion"},{"floor":10,"key":"EntropicBrew"}],"is_trial":false,"path_per_floor":["M","?","M","M","?","R","M","M","T","M","$","?","E","M","R","B"],"character_chosen":"DEFECT","items_purchased":["Defragment"],"campfire_rested":1,"item_purchase_floors":[11],"current_hp_per_floor":[68,68,68,68,68,68,67,51,51,36,36,24,4,4,26,0],"gold":158,"neow_bonus":"THREE_ENEMY_KILL","is_prod":false,"is_daily":false,"chose_seed":false,"campfire_upgraded":1,"win_rate":0,"timestamp":1548209981,"path_taken":["M","?","M","M","?","R","M","?","T","M","$","?","E","M","R","BOSS"],"build_version":"2019-01-17v2","purchased_purges":0,"victory":false,"max_hp_per_floor":[75,75,75,75,75,75,75,75,75,75,75,75,75,75,75,75],"card_choices":[{"not_picked":["Chaos","Gash"],"picked":"Double Energy","floor":1},{"not_picked":["Go for the Eyes","Tempest"],"picked":"Hologram","floor":3},{"not_picked":["Go for the Eyes","Tempest"],"picked":"White Noise","floor":4},{"not_picked":["Static Discharge","Fusion"],"picked":"Hyperbeam","floor":7},{"not_picked":["Gash","Cold Snap"],"picked":"Sweeping Beam","floor":8},{"not_picked":["Steam","Leap"],"picked":"Conserve Battery","floor":10},{"not_picked":["Reprogram","Auto Shields"],"picked":"Machine Learning","floor":13},{"not_picked":["Skim","Streamline"],"picked":"Go for the Eyes","floor":14}],"player_experience":607460,"relics_obtained":[{"floor":9,"key":"Bottled Lightning"},{"floor":13,"key":"Unceasing Top"}],"event_choices":[{"damage_healed":0,"gold_gain":0,"player_choice":"Leave","damage_taken":0,"max_hp_gain":0,"max_hp_loss":0,"event_name":"The Cleric","floor":2,"gold_loss":0},{"damage_healed":0,"gold_gain":0,"player_choice":"Trade","damage_taken":0,"relics_obtained":["CultistMask"],"max_hp_gain":0,"max_hp_loss":0,"event_name":"FaceTrader","floor":5,"gold_loss":0},{"damage_healed":0,"gold_gain":0,"player_choice":"Success","damage_taken":12,"relics_obtained":["Lantern"],"max_hp_gain":0,"max_hp_loss":0,"event_name":"Scrap Ooze","floor":12,"gold_loss":0}],"is_beta":false,"boss_relics":[],"items_purged_floors":[],"is_endless":false,"potions_floor_spawned":[1,3,7,10],"killed_by":"The Guardian","ascension_level":6}