{"gold_per_floor":[117,67,43,43,43,43,114,114,114,127,127,302,316,341,341,341],"floor_reached":16,"playtime":441,"items_purged":[],"score":123,"play_id":"10f9a5b4-72c8-481c-a352-7a4c62472449","local_time":"20190110214003","is_ascension_mode":true,"campfire_choices":[{"floor":11,"key":"REST"},{"floor":15,"key":"REST"}],"neow_cost":"NONE","seed_source_timestamp":68669457828400,"circlet_count":0,"master_deck":["Strike_R","Strike_R","Strike_R","Strike_R","Defend_R","Defend_R","Defend_R","Defend_R","Bash","Cleave","Clash","Injury","Regret","Battle Trance","Clash+1","Doubt","Inflame","Disarm"],"relics":["Burning Blood","Juzu Bracelet","Golden Idol","Molten Egg 2","StoneCalendar","Bird Faced Urn","Anchor"],"potions_floor_usage":[7,14,16],"damage_taken":[{"damage":8,"enemies":"2 Louse","floor":1,"turns":3},{"damage":42,"enemies":"Gremlin Nob","floor":7,"turns":5},{"damage":4,"enemies":"Jaw Worm","floor":10,"turns":3},{"damage":3,"enemies":"Small Slimes","floor":13,"turns":2},{"damage":41,"enemies":"Exordium Thugs","floor":14,"turns":7},{"damage":58,"enemies":"The Guardian","floor":16,"turns":8}],"seed_played":"-4960486147892460881","potions_obtained":[{"floor":1,"key":"GamblersBrew"},{"floor":10,"key":"Block Potion"},{"floor":14,"key":"PowerPotion"}],"is_trial":false,"path_per_floor":["M","?","$","?","T","?","?","?","T","M","R","?","M","M","R","B"],"character_chosen":"IRONCLAD","items_purchased":["Clash"],"campfire_rested":2,"item_purchase_floors":[3],"current_hp_per_floor":[70,70,70,70,70,70,34,34,34,36,60,60,63,30,54,0],"gold":341,"neow_bonus":"RANDOM_COMMON_RELIC","is_prod":false,"is_daily":false,"chose_seed":false,"campfire_upgraded":0,"win_rate":0,"timestamp":1547152803,"path_taken":["M","?","$","?","?","?","?","?","T","M","R","?","M","M","R","BOSS"],"build_version":"2019-01-03v4","purchased_purges":0,"victory":false,"max_hp_per_floor":[80,80,80,80,80,80,80,80,80,80,80,80,80,80,80,80],"card_choices":[{"not_picked":["Corruption","Sword Boomerang"],"picked":"Cleave","floor":1},{"not_picked":["Evolve","Armaments"],"picked":"Battle Trance","floor":7},{"not_picked":["Havoc","Burning Pact"],"picked":"Clash+1","floor":10},{"not_picked":["Thunderclap+1","Flex"],"picked":"Inflame","floor":13},{"not_picked":["Exhume","Iron Wave+1"],"picked":"Disarm","floor":14}],"player_experience":1085527,"relics_obtained":[{"floor":5,"key":"Molten Egg 2"},{"floor":9,"key":"Anchor"}],"event_choices":[{"cards_removed":["Strike_R"],"damage_healed":0,"gold_gain":0,"player_choice":"Card Removal","damage_taken":0,"max_hp_gain":0,"max_hp_loss":0,"event_name":"The Cleric","floor":2,"gold_loss":50},{"damage_healed":0,"gold_gain":0,"player_choice":"Take Wound","damage_taken":0,"relics_obtained":["Golden Idol"],"max_hp_gain":0,"max_hp_loss":0,"event_name":"Golden Idol","floor":4,"gold_loss":0,"cards_obtained":["Injury"]},{"damage_healed":0,"gold_gain":0,"player_choice":"Box","damage_taken":0,"relics_obtained":["StoneCalendar"],"max_hp_gain":0,"max_hp_loss":0,"event_name":"Big Fish","floor":6,"gold_loss":0,"cards_obtained":["Regret"]},{"damage_healed":0,"gold_gain":0,"player_choice":"Searched \u00272\u0027 times","damage_taken":0,"relics_obtained":["Bird Faced Urn"],"max_hp_gain":0,"max_hp_loss":0,"event_name":"Dead Adventurer","floor":7,"gold_loss":0},{"damage_healed":0,"gold_gain":0,"player_choice":"Ignored","damage_taken":0,"max_hp_gain":0,"max_hp_loss":0,"event_name":"Shining Light","floor":8,"gold_loss":0},{"damage_healed":0,"gold_gain":175,"player_choice":"AGREE","damage_taken":0,"max_hp_gain":0,"max_hp_loss":0,"event_name":"Liars Game","floor":12,"gold_loss":0,"cards_obtained":["Doubt"]}],"is_beta":false,"boss_relics":[],"items_purged_floors":[],"is_endless":false,"potions_floor_spawned":[1,10,14],"killed_by":"The Guardian","ascension_level":8}