{"gold_per_floor":[115,115,61,72,83,83,110,131,131,156,174,244,244,261,261,366,366,377,53,70,70,86,119,130,130,130,130],"floor_reached":27,"playtime":1129,"items_purged":[],"score":377,"play_id":"c1636e56-7409-48ff-9d78-89bc7ab881ac","local_time":"20190407214644","is_ascension_mode":true,"campfire_choices":[{"data":"Redo","floor":6,"key":"SMITH"},{"floor":15,"key":"REST"},{"floor":25,"key":"REST"}],"neow_cost":"NONE","seed_source_timestamp":107260007600200,"circlet_count":0,"master_deck":["AscendersBane","Strike_B","Strike_B","Strike_B","Strike_B","Defend_B","Defend_B","Defend_B","Defend_B","Zap","Dualcast","Conserve Battery","Redo+1","Lockon","Leap","Doom and Gloom","Cold Snap","Lockon","Electrodynamics+1","Auto Shields","Echo Form+1","Madness","Redo","Storm+1","Darkness","Chill+1"],"relics":["Cracked Core","Boot","GremlinMask","Bottled Lightning","Odd Mushroom","Frozen Egg 2","Regal Pillow","Lizard Tail","Membership Card","Nunchaku","Shuriken"],"potions_floor_usage":[7,10,16,23],"damage_taken":[{"damage":7,"enemies":"Jaw Worm","floor":1,"turns":3},{"damage":1,"enemies":"Cultist","floor":4,"turns":3},{"damage":2,"enemies":"2 Louse","floor":5,"turns":3},{"damage":9,"enemies":"Lagavulin","floor":7,"turns":7},{"damage":21,"enemies":"The Mushroom Lair","floor":8,"turns":4},{"damage":14,"enemies":"3 Sentries","floor":10,"turns":5},{"damage":7,"enemies":"2 Fungi Beasts","floor":11,"turns":3},{"damage":0,"enemies":"3 Louse","floor":14,"turns":1},{"damage":28,"enemies":"Hexaghost","floor":16,"turns":11},{"damage":19,"enemies":"Shell Parasite","floor":18,"turns":6},{"damage":2,"enemies":"Chosen","floor":20,"turns":4},{"damage":21,"enemies":"Snake Plant","floor":22,"turns":3},{"damage":31,"enemies":"Slavers","floor":23,"turns":3},{"damage":74,"enemies":"3 Cultists","floor":24,"turns":6},{"damage":44,"enemies":"Centurion and Healer","floor":27,"turns":4}],"seed_played":"-9123107186980350762","potions_obtained":[{"floor":5,"key":"GamblersBrew"},{"floor":7,"key":"LiquidBronze"},{"floor":11,"key":"Dexterity Potion"},{"floor":22,"key":"Regen Potion"},{"floor":24,"key":"Ancient Potion"}],"is_trial":false,"path_per_floor":["M","?","$","M","M","R","E","?","T","E","M","?","?","M","R","B",null,"M","$","M","?","M","E","M","R","T","M"],"character_chosen":"DEFECT","items_purchased":["Redo","Membership Card","Madness","Redo","Capacitor+1"],"campfire_rested":2,"item_purchase_floors":[3,19,19,19,19],"current_hp_per_floor":[61,61,61,60,58,58,49,28,28,14,7,7,7,7,44,16,60,41,41,39,75,54,32,3,40,40,0],"gold":130,"neow_bonus":"RANDOM_COMMON_RELIC","is_prod":false,"is_daily":false,"chose_seed":false,"campfire_upgraded":1,"win_rate":0,"timestamp":1554666404,"path_taken":["M","?","$","?","M","R","E","?","T","E","M","?","?","M","R","BOSS","M","$","M","?","?","E","M","R","T","?"],"build_version":"2019-01-23","purchased_purges":0,"victory":false,"max_hp_per_floor":[75,75,75,75,75,75,75,75,75,75,75,75,75,75,75,75,75,75,75,75,75,75,75,75,75,75,75],"card_choices":[{"not_picked":["Reinforced Body","Stack"],"picked":"Conserve Battery","floor":1},{"not_picked":["Turbo","Go for the Eyes"],"picked":"Lockon","floor":4},{"not_picked":["Reinforced Body","Steam"],"picked":"Leap","floor":5},{"not_picked":["Steam","Meteor Strike"],"picked":"Doom and Gloom","floor":7},{"not_picked":["Auto Shields","Sweeping Beam"],"picked":"Cold Snap","floor":8},{"not_picked":["Stack","Go for the Eyes"],"picked":"Lockon","floor":10},{"not_picked":["Rebound","Darkness"],"picked":"Electrodynamics+1","floor":11},{"not_picked":["Cold Snap","Sweeping Beam"],"picked":"Auto Shields","floor":14},{"not_picked":["Reboot","Creative AI+1"],"picked":"Echo Form+1","floor":16},{"not_picked":["Stack","Barrage","Rebound"],"picked":"SKIP","floor":18},{"not_picked":["Rebound+1","Leap","Coolheaded"],"picked":"SKIP","floor":20},{"not_picked":["BootSequence","Gash+1"],"picked":"Storm+1","floor":22},{"not_picked":["Reinforced Body","Glacier+1"],"picked":"Darkness","floor":23},{"not_picked":["Redo+1","Gash"],"picked":"Chill+1","floor":24}],"player_experience":1619312,"relics_obtained":[{"floor":7,"key":"Bottled Lightning"},{"floor":8,"key":"Odd Mushroom"},{"floor":9,"key":"Frozen Egg 2"},{"floor":10,"key":"Regal Pillow"},{"floor":23,"key":"Nunchaku"},{"floor":26,"key":"Shuriken"}],"event_choices":[{"damage_healed":0,"gold_gain":0,"player_choice":"Trade","damage_taken":0,"relics_obtained":["GremlinMask"],"max_hp_gain":0,"max_hp_loss":0,"event_name":"FaceTrader","floor":2,"gold_loss":0},{"damage_healed":0,"gold_gain":0,"player_choice":"Fought Mushrooms","damage_taken":0,"max_hp_gain":0,"max_hp_loss":0,"event_name":"Mushrooms","floor":8,"gold_loss":0},{"damage_healed":0,"gold_gain":70,"player_choice":"Gained Gold","damage_taken":0,"max_hp_gain":0,"max_hp_loss":0,"event_name":"Golden Wing","floor":12,"gold_loss":0},{"damage_healed":0,"gold_gain":0,"player_choice":"Fled","damage_taken":0,"max_hp_gain":0,"max_hp_loss":0,"event_name":"Scrap Ooze","floor":13,"gold_loss":0},{"cards_removed":["Capacitor"],"damage_healed":36,"gold_gain":0,"player_choice":"Offered Uncommon","damage_taken":0,"max_hp_gain":0,"max_hp_loss":0,"event_name":"Bonfire Elementals","floor":21,"gold_loss":0}],"is_beta":false,"boss_relics":[{"not_picked":["Philosopher\u0027s Stone","Tiny House"],"picked":"Lizard Tail"}],"items_purged_floors":[],"is_endless":false,"potions_floor_spawned":[5,7,11,22,24],"killed_by":"Centurion and Healer","ascension_level":11}