{"gold_per_floor":[118,118,132,57,132,132,132,146,220,220,255,76,76,93,93,187,187,198,198,0,0,0],"floor_reached":22,"playtime":789,"items_purged":["Normality"],"score":297,"play_id":"d00b5328-9bba-4067-a558-f24ce668573f","local_time":"20190407212745","is_ascension_mode":true,"campfire_choices":[{"floor":6,"key":"REST"},{"data":"Regret","floor":10,"key":"PURGE"},{"floor":15,"key":"REST"}],"neow_cost":"CURSE","seed_source_timestamp":106460270890600,"circlet_count":0,"master_deck":["AscendersBane","Strike_R+1","Strike_R","Strike_R","Strike_R","Defend_R+1","Defend_R","Defend_R","Defend_R","Bash","Finesse","Flash of Steel","Headbutt","Havoc","Limit Break","Magnetism","Flex","Feed","Dual Wield+1"],"relics":["Burning Blood","Peace Pipe","Pear","Omamori","Mark of Pain","MutagenicStrength"],"potions_floor_usage":[11,16,16],"damage_taken":[{"damage":12,"enemies":"2 Louse","floor":1,"turns":5},{"damage":6,"enemies":"Small Slimes","floor":3,"turns":4},{"damage":3,"enemies":"Cultist","floor":8,"turns":3},{"damage":38,"enemies":"Lagavulin","floor":11,"turns":5},{"damage":4,"enemies":"Blue Slaver","floor":14,"turns":4},{"damage":66,"enemies":"Slime Boss","floor":16,"turns":10},{"damage":49,"enemies":"Chosen","floor":18,"turns":7},{"damage":29,"enemies":"2 Thieves","floor":22,"turns":2}],"seed_played":"-485766474169809534","potions_obtained":[{"floor":1,"key":"AttackPotion"},{"floor":13,"key":"Poison Potion"},{"floor":13,"key":"Swift Potion"}],"is_trial":false,"path_per_floor":["M","?","M","$","?","R","?","M","T","R","E","$","?","M","R","B",null,"M","?","?","?","M"],"character_chosen":"IRONCLAD","items_purchased":["Magnetism"],"campfire_rested":2,"item_purchase_floors":[12],"current_hp_per_floor":[66,50,50,50,39,63,63,66,76,76,44,44,44,46,73,13,71,28,28,28,28,0],"gold":0,"neow_bonus":"RANDOM_COLORLESS_2","is_prod":false,"is_daily":false,"chose_seed":false,"campfire_upgraded":0,"win_rate":0,"timestamp":1554665265,"path_taken":["M","?","M","$","?","R","?","M","T","R","E","$","?","M","R","BOSS","M","?","?","?","M"],"build_version":"2019-01-23","purchased_purges":1,"victory":false,"max_hp_per_floor":[80,80,80,80,80,80,80,80,90,90,90,90,90,90,90,90,90,90,90,90,90,90],"card_choices":[{"not_picked":["Havoc","Cleave"],"picked":"Headbutt","floor":1},{"not_picked":["Clash","Dark Embrace"],"picked":"Havoc","floor":3},{"not_picked":["Iron Wave","Thunderclap","Anger"],"picked":"SKIP","floor":8},{"not_picked":["Armaments","Dark Embrace"],"picked":"Limit Break","floor":11},{"not_picked":["True Grit","Twin Strike"],"picked":"Flex","floor":14},{"not_picked":["Exhume","Immolate"],"picked":"Feed","floor":16},{"not_picked":["Shrug It Off","Evolve"],"picked":"Dual Wield+1","floor":18}],"player_experience":1618523,"relics_obtained":[{"floor":9,"key":"Pear"},{"floor":11,"key":"Omamori"}],"event_choices":[{"damage_healed":0,"gold_gain":0,"player_choice":"Entered Light","damage_taken":16,"max_hp_gain":0,"max_hp_loss":0,"event_name":"Shining Light","floor":2,"gold_loss":0,"cards_upgraded":["Strike_R","Defend_R"]},{"damage_healed":0,"gold_gain":75,"player_choice":"Gather Gold","damage_taken":11,"max_hp_gain":0,"max_hp_loss":0,"event_name":"World of Goop","floor":5,"gold_loss":0},{"damage_healed":0,"gold_gain":0,"player_choice":"Box","damage_taken":0,"relics_obtained":["Peace Pipe"],"max_hp_gain":0,"max_hp_loss":0,"event_name":"Big Fish","floor":7,"gold_loss":0,"cards_obtained":["Regret"]},{"damage_healed":0,"gold_gain":0,"player_choice":"Got Potions","damage_taken":0,"max_hp_gain":0,"max_hp_loss":0,"event_name":"Lab","floor":13,"gold_loss":0},{"damage_healed":0,"gold_gain":0,"player_choice":"Inject Mutagens","damage_taken":0,"relics_obtained":["MutagenicStrength"],"max_hp_gain":0,"max_hp_loss":0,"event_name":"Drug Dealer","floor":19,"gold_loss":0},{"damage_healed":0,"gold_gain":0,"player_choice":"Paid Fearfully","damage_taken":0,"max_hp_gain":0,"max_hp_loss":0,"event_name":"Masked Bandits","floor":20,"gold_loss":198},{"cards_removed":["Strike_R"],"damage_healed":0,"gold_gain":0,"player_choice":"Elegance","damage_taken":0,"max_hp_gain":0,"max_hp_loss":0,"event_name":"Back to Basics","floor":21,"gold_loss":0}],"is_beta":false,"boss_relics":[{"not_picked":["Ectoplasm","Astrolabe"],"picked":"Mark of Pain"}],"items_purged_floors":[4],"is_endless":false,"potions_floor_spawned":[1,14],"killed_by":"2 Thieves","ascension_level":13}