{"gold_per_floor":[116,291,241,75,92,92,117,136,136,136,169,17,45,77,89,201,213,240,252,283,210,222,268,280,306,372,384,412,424,451,423,435,547,559,589,675,962,984,1010,1053,1077,1106,1142,75,85,85,119,119,119,119],"floor_reached":50,"playtime":2409,"items_purged":["Regret"],"score":935,"play_id":"6512d4eb-2668-4b96-8fbb-3aeabe40a32c","local_time":"20190315003756","is_ascension_mode":true,"campfire_choices":[{"data":"Apotheosis","floor":6,"key":"SMITH"},{"data":"Noxious Fumes","floor":10,"key":"SMITH"},{"data":"Caltrops","floor":15,"key":"SMITH"},{"floor":24,"key":"REST"},{"floor":27,"key":"REST"},{"floor":29,"key":"REST"},{"floor":32,"key":"REST"},{"floor":46,"key":"REST"},{"floor":49,"key":"REST"}],"neow_cost":"NONE","seed_source_timestamp":20481489652100,"circlet_count":0,"master_deck":["AscendersBane","Defend_G","Defend_G","Defend_G","Defend_G","Defend_G","Strike_G","Strike_G","Strike_G","Strike_G","Strike_G","Survivor","Neutralize","All Out Attack","Apotheosis+1","Noxious Fumes+1","Flying Knee","Caltrops+1","Deadly Poison","Envenom","Bouncing Flask","Riddle With Holes","Catalyst","Adrenaline","Bullet Time","Bouncing Flask","Regret","Catalyst+1","Dagger Spray","Dagger Throw+1","Footwork+1","Injury","Magnetism","Caltrops+1","Transmutation"],"relics":["Ring of the Snake","NeowsBlessing","Thread and Needle","Tough Bandages","Turnip","Blood Vial","MawBank","Lizard Tail","Gambling Chip","Matryoshka","Potion Belt","Art of War","Cursed Key","Pen Nib","Meat on the Bone","Oddly Smooth Stone","Happy Flower","Calipers","PrismaticShard","Omamori","Singing Bowl"],"potions_floor_usage":[13,20,20,23,23,30,33,33,38,45,45,47,47,50,50],"damage_taken":[{"damage":0,"enemies":"Cultist","floor":1,"turns":1},{"damage":0,"enemies":"2 Louse","floor":5,"turns":1},{"damage":0,"enemies":"Lagavulin","floor":7,"turns":1},{"damage":0,"enemies":"Jaw Worm","floor":8,"turns":4},{"damage":8,"enemies":"3 Sentries","floor":11,"turns":5},{"damage":7,"enemies":"Gremlin Nob","floor":13,"turns":4},{"damage":0,"enemies":"Large Slime","floor":14,"turns":4},{"damage":22,"enemies":"The Guardian","floor":16,"turns":8},{"damage":0,"enemies":"Chosen","floor":18,"turns":6},{"damage":0,"enemies":"3 Byrds","floor":20,"turns":3},{"damage":64,"enemies":"Gremlin Leader","floor":23,"turns":6},{"damage":27,"enemies":"Sentry and Sphere","floor":25,"turns":6},{"damage":22,"enemies":"Shelled Parasite and Fungi","floor":28,"turns":7},{"damage":0,"enemies":"Chosen and Byrds","floor":30,"turns":4},{"damage":40,"enemies":"Automaton","floor":33,"turns":8},{"damage":4,"enemies":"Orb Walker","floor":35,"turns":4},{"damage":1,"enemies":"3 Darklings","floor":38,"turns":3},{"damage":27,"enemies":"Jaw Worm Horde","floor":39,"turns":4},{"damage":30,"enemies":"Reptomancer","floor":40,"turns":5},{"damage":56,"enemies":"4 Shapes","floor":41,"turns":5},{"damage":1,"enemies":"Maw","floor":42,"turns":4},{"damage":4,"enemies":"Writhing Mass","floor":45,"turns":5},{"damage":8,"enemies":"Nemesis","floor":47,"turns":4},{"damage":75,"enemies":"Donu and Deca","floor":50,"turns":6}],"seed_played":"1779061412050007221","potions_obtained":[{"floor":7,"key":"Energy Potion"},{"floor":13,"key":"AttackPotion"},{"floor":16,"key":"AttackPotion"},{"floor":18,"key":"SkillPotion"},{"floor":20,"key":"Regen Potion"},{"floor":28,"key":"FearPotion"},{"floor":31,"key":"EssenceOfSteel"},{"floor":31,"key":"GamblersBrew"},{"floor":31,"key":"Ancient Potion"},{"floor":33,"key":"AttackPotion"},{"floor":41,"key":"AttackPotion"},{"floor":45,"key":"Swift Potion"}],"is_trial":false,"path_per_floor":["M","?","?","$","M","R","E","M","T","R","E","$","E","M","R","B",null,"M","$","M","?","?","E","R","M","T","R","M","R","M","?","R","B",null,"M","T","?","M","M","E","M","M","T","$","M","R","E","?","R","B"],"character_chosen":"THE_SILENT","items_purchased":["Apotheosis","Blood Vial","GhostInAJar","Calipers","Poison Potion","LiquidBronze","Magnetism","PrismaticShard","Omamori"],"campfire_rested":6,"item_purchase_floors":[4,12,44,44,44,44,44,44,44],"current_hp_per_floor":[63,63,63,63,63,63,63,63,63,63,55,55,50,52,52,32,61,63,63,65,65,65,16,37,12,12,33,13,34,36,36,57,19,57,55,55,55,56,43,27,25,38,38,38,36,57,51,51,70,0],"gold":119,"neow_bonus":"THREE_ENEMY_KILL","is_prod":false,"is_daily":false,"chose_seed":false,"campfire_upgraded":3,"win_rate":0,"timestamp":1552606676,"path_taken":["M","?","?","?","M","R","E","M","T","R","E","$","E","M","R","BOSS","M","$","M","?","?","E","R","M","T","R","M","R","M","?","R","BOSS","M","?","?","M","M","E","?","M","T","$","M","R","E","?","R","BOSS"],"build_version":"2019-01-23","purchased_purges":1,"victory":false,"max_hp_per_floor":[70,70,70,70,70,70,70,70,70,70,70,70,70,70,70,70,70,70,70,70,70,70,70,70,70,70,70,70,70,70,70,70,70,70,70,70,70,70,70,70,70,70,70,70,70,70,70,70,70,70],"card_choices":[{"not_picked":["Acrobatics","PiercingWail"],"picked":"All Out Attack","floor":1},{"not_picked":["Poisoned Stab","Deadly Poison"],"picked":"Noxious Fumes","floor":5},{"not_picked":["Endless Agony","Masterful Stab","Cloak And Dagger"],"picked":"SKIP","floor":7},{"not_picked":["Deflect","Underhanded Strike"],"picked":"Flying Knee","floor":8},{"not_picked":["Unload","Blade Dance"],"picked":"Caltrops","floor":11},{"not_picked":["Cloak And Dagger","Underhanded Strike","Backflip"],"picked":"SKIP","floor":13},{"not_picked":["Expertise","Skewer"],"picked":"Deadly Poison","floor":14},{"not_picked":["Die Die Die","After Image"],"picked":"Envenom","floor":16},{"not_picked":["Accuracy","Backflip","Infinite Blades"],"picked":"SKIP","floor":18},{"not_picked":["Deflect","Outmaneuver+1"],"picked":"Bouncing Flask","floor":20},{"not_picked":["Sucker Punch","Blur"],"picked":"Riddle With Holes","floor":23},{"not_picked":["Blade Dance+1","Backstab+1","Flying Knee"],"picked":"SKIP","floor":25},{"not_picked":["Leg Sweep+1","Bane+1"],"picked":"Catalyst","floor":28},{"not_picked":["Outmaneuver","Deadly Poison"],"picked":"Adrenaline","floor":30},{"not_picked":["Glass Knife","Doppelganger"],"picked":"Bullet Time","floor":33},{"not_picked":["Underhanded Strike","Sucker Punch+1"],"picked":"Bouncing Flask","floor":35},{"not_picked":["Reflex+1","Accuracy+1"],"picked":"Catalyst+1","floor":38},{"not_picked":["Bane","Acrobatics"],"picked":"Dagger Spray","floor":39},{"not_picked":["Underhanded Strike+1","Backflip+1","Accuracy"],"picked":"SKIP","floor":40},{"not_picked":["Flechettes","PiercingWail"],"picked":"Dagger Throw+1","floor":41},{"not_picked":["Bouncing Flask+1","Tools of the Trade"],"picked":"Footwork+1","floor":42},{"not_picked":["Expertise+1","Prepared+1","Ball Lightning"],"picked":"SKIP","floor":45},{"not_picked":["Blur","Headbutt"],"picked":"Caltrops+1","floor":47},{"not_picked":["Jack Of All Trades","Good Instincts"],"picked":"Transmutation","floor":48}],"player_experience":1514792,"relics_obtained":[{"floor":7,"key":"Thread and Needle"},{"floor":9,"key":"Tough Bandages"},{"floor":11,"key":"Turnip"},{"floor":13,"key":"MawBank"},{"floor":23,"key":"Matryoshka"},{"floor":26,"key":"Potion Belt"},{"floor":26,"key":"Art of War"},{"floor":36,"key":"Pen Nib"},{"floor":36,"key":"Meat on the Bone"},{"floor":40,"key":"Oddly Smooth Stone"},{"floor":43,"key":"Happy Flower"},{"floor":47,"key":"Singing Bowl"}],"event_choices":[{"damage_healed":0,"gold_gain":175,"player_choice":"AGREE","damage_taken":0,"max_hp_gain":0,"max_hp_loss":0,"event_name":"Liars Game","floor":2,"gold_loss":0,"cards_obtained":["Doubt"]},{"cards_removed":["Doubt"],"damage_healed":0,"gold_gain":0,"player_choice":"Card Removal","damage_taken":0,"max_hp_gain":0,"max_hp_loss":0,"event_name":"The Cleric","floor":3,"gold_loss":50},{"damage_healed":0,"gold_gain":0,"player_choice":"Obtained Relic","damage_taken":0,"relics_obtained":["Gambling Chip"],"max_hp_gain":0,"max_hp_loss":0,"event_name":"Addict","floor":21,"gold_loss":85},{"damage_healed":0,"gold_gain":0,"player_choice":"Ignored","damage_taken":0,"max_hp_gain":0,"max_hp_loss":0,"event_name":"Ghosts","floor":22,"gold_loss":0},{"damage_healed":0,"gold_gain":0,"player_choice":"Bought 3 Potions","damage_taken":0,"max_hp_gain":0,"max_hp_loss":0,"event_name":"The Woman in Blue","floor":31,"gold_loss":0},{"damage_healed":0,"gold_gain":275,"player_choice":"Desecrate","damage_taken":0,"max_hp_gain":0,"max_hp_loss":0,"event_name":"Golden Shrine","floor":37,"gold_loss":0,"cards_obtained":["Regret"]},{"damage_healed":0,"gold_gain":0,"player_choice":"Memory 1","damage_taken":0,"max_hp_gain":0,"max_hp_loss":0,"event_name":"SensoryStone","floor":48,"gold_loss":0}],"is_beta":false,"boss_relics":[{"not_picked":["WristBlade","Velvet Choker"],"picked":"Lizard Tail"},{"not_picked":["Sozu","Tiny House"],"picked":"Cursed Key"}],"items_purged_floors":[44],"is_endless":false,"potions_floor_spawned":[7,13,16,18,20,28,33,41,45],"killed_by":"Donu and Deca","ascension_level":10}