{"gold_per_floor":[117,39,114,114,127,156,172,193,244,262,288,288,463,475,475,571,571,553,553],"floor_reached":19,"playtime":696,"items_purged":[],"score":323,"play_id":"44a6b96a-48dd-4a6e-8272-608e005d4a23","local_time":"20190505033019","is_ascension_mode":true,"campfire_choices":[{"floor":15,"key":"REST"}],"neow_cost":"NONE","seed_source_timestamp":110780951819500,"circlet_count":0,"master_deck":["AscendersBane","Defend_B+1","Defend_B","Defend_B","Defend_B","Zap","Dualcast","Double Energy+1","Gash","Chaos","Storm","Storm","Darkness","Rainbow","Hologram+1","Chill+1","Multi-Cast+1","Redo"],"relics":["Cracked Core","NeowsBlessing","War Paint","Odd Mushroom","Pen Nib","Omamori","Astrolabe"],"potions_floor_usage":[8,10,14,16],"damage_taken":[{"damage":0,"enemies":"Jaw Worm","floor":1,"turns":1},{"damage":0,"enemies":"2 Louse","floor":5,"turns":1},{"damage":0,"enemies":"Lagavulin","floor":6,"turns":1},{"damage":0,"enemies":"Small Slimes","floor":7,"turns":3},{"damage":9,"enemies":"The Mushroom Lair","floor":8,"turns":4},{"damage":6,"enemies":"Looter","floor":10,"turns":3},{"damage":41,"enemies":"3 Sentries","floor":11,"turns":11},{"damage":0,"enemies":"Large Slime","floor":14,"turns":4},{"damage":46,"enemies":"Slime Boss","floor":16,"turns":9},{"damage":24,"enemies":"2 Thieves","floor":18,"turns":4},{"damage":47,"enemies":"Masked Bandits","floor":19,"turns":3}],"seed_played":"-1093164916636772038","potions_obtained":[{"floor":5,"key":"SpeedPotion"},{"floor":6,"key":"SteroidPotion"},{"floor":11,"key":"PowerPotion"},{"floor":14,"key":"EssenceOfSteel"},{"floor":16,"key":"Ancient Potion"}],"is_trial":false,"path_per_floor":["M","$","?","?","M","E","M","?","T","M","E","?","?","M","R","B",null,"M","?"],"character_chosen":"DEFECT","items_purchased":["Double Energy"],"campfire_rested":1,"item_purchase_floors":[2],"current_hp_per_floor":[68,68,57,57,57,57,57,48,48,42,1,26,26,26,48,2,57,33,0],"gold":553,"neow_bonus":"THREE_ENEMY_KILL","is_prod":false,"is_daily":false,"chose_seed":false,"campfire_upgraded":0,"win_rate":0,"timestamp":1557019819,"path_taken":["M","$","?","?","M","E","M","?","T","M","E","?","?","M","R","BOSS","M","?"],"build_version":"2019-01-23","purchased_purges":0,"victory":false,"max_hp_per_floor":[75,75,75,75,75,75,75,75,75,75,75,75,75,75,75,75,75,75,75],"card_choices":[{"not_picked":["Gash","Blizzard","Go for the Eyes"],"picked":"SKIP","floor":1},{"not_picked":["Lockon","Stack","Leap"],"picked":"SKIP","floor":5},{"not_picked":["Glacier","Barrage","Compile Driver"],"picked":"SKIP","floor":6},{"not_picked":["Recycle","Reinforced Body"],"picked":"Chaos","floor":7},{"not_picked":["Stack","Glacier"],"picked":"Storm","floor":8},{"not_picked":["Streamline","Genetic Algorithm","Coolheaded"],"picked":"SKIP","floor":10},{"not_picked":["Hologram","Heatsinks"],"picked":"Storm","floor":11},{"not_picked":["Gash","Steam"],"picked":"Darkness","floor":14},{"not_picked":["Biased Cognition","Seek"],"picked":"Rainbow","floor":16},{"not_picked":["Leap","Scrape"],"picked":"Redo","floor":18}],"player_experience":1813478,"relics_obtained":[{"floor":6,"key":"War Paint"},{"floor":8,"key":"Odd Mushroom"},{"floor":9,"key":"Pen Nib"},{"floor":11,"key":"Omamori"}],"event_choices":[{"damage_healed":0,"gold_gain":75,"player_choice":"Gather Gold","damage_taken":11,"max_hp_gain":0,"max_hp_loss":0,"event_name":"World of Goop","floor":3,"gold_loss":0},{"damage_healed":0,"gold_gain":0,"cards_transformed":["Strike_B"],"player_choice":"Change","damage_taken":0,"max_hp_gain":0,"max_hp_loss":0,"event_name":"Living Wall","floor":4,"gold_loss":0,"cards_obtained":["Gash"]},{"damage_healed":0,"gold_gain":0,"player_choice":"Fought Mushrooms","damage_taken":0,"max_hp_gain":0,"max_hp_loss":0,"event_name":"Mushrooms","floor":8,"gold_loss":0},{"damage_healed":25,"gold_gain":0,"player_choice":"Banana","damage_taken":0,"max_hp_gain":0,"max_hp_loss":0,"event_name":"Big Fish","floor":12,"gold_loss":0},{"damage_healed":0,"gold_gain":175,"player_choice":"AGREE","damage_taken":0,"max_hp_gain":0,"max_hp_loss":0,"event_name":"Liars Game","floor":13,"gold_loss":0,"cards_obtained":["Doubt"]},{"damage_healed":0,"gold_gain":0,"player_choice":"Fought Bandits","damage_taken":0,"max_hp_gain":0,"max_hp_loss":0,"event_name":"Masked Bandits","floor":19,"gold_loss":0}],"is_beta":false,"boss_relics":[{"not_picked":["Runic Pyramid","Ectoplasm"],"picked":"Astrolabe"}],"items_purged_floors":[],"is_endless":false,"potions_floor_spawned":[5,6,11,14,16],"killed_by":"Masked Bandits","ascension_level":12}