{"gold_per_floor":[115,130,142,67,67,95,95,120,120,155,155,172,172,182,182,279,279,296,4,4,20,39,39,39],"floor_reached":24,"playtime":1175,"items_purged":[],"score":313,"play_id":"bd452350-aa20-4ba2-bc3b-b6e4d447ce78","local_time":"20190126175237","is_ascension_mode":true,"campfire_choices":[{"floor":7,"key":"REST"},{"floor":13,"key":"REST"},{"floor":15,"key":"REST"},{"floor":23,"key":"REST"}],"neow_cost":"NONE","seed_source_timestamp":259204987546500,"circlet_count":0,"master_deck":["Defend_G","Defend_G","Defend_G","Defend_G","Defend_G","Strike_G","Strike_G","Survivor","Neutralize","Terror","Cloak And Dagger","Outmaneuver","Infinite Blades","Infinite Blades","Outmaneuver","Blade Dance","Blade Dance","Cloak And Dagger","A Thousand Cuts","Predator+1","Night Terror+1","Escape Plan+1","Quick Slash+1","Apotheosis","Terror","Quick Slash+1","Writhe","Accuracy"],"relics":["Ring of the Snake","Vajra","Mummified Hand","Dodecahedron","Question Card","Molten Egg 2","Astrolabe","The Courier"],"potions_floor_usage":[6,6,16,22,22,24],"damage_taken":[{"damage":0,"enemies":"Cultist","floor":1,"turns":4},{"damage":4,"enemies":"Jaw Worm","floor":2,"turns":4},{"damage":8,"enemies":"Small Slimes","floor":3,"turns":3},{"damage":7,"enemies":"3 Sentries","floor":6,"turns":5},{"damage":17,"enemies":"Lagavulin","floor":8,"turns":6},{"damage":26,"enemies":"Gremlin Nob","floor":10,"turns":4},{"damage":0,"enemies":"Looter","floor":12,"turns":4},{"damage":10,"enemies":"3 Louse","floor":14,"turns":6},{"damage":42,"enemies":"Hexaghost","floor":16,"turns":10},{"damage":7,"enemies":"3 Byrds","floor":18,"turns":5},{"damage":6,"enemies":"Chosen","floor":21,"turns":4},{"damage":2,"enemies":"Snecko","floor":22,"turns":4},{"damage":65,"enemies":"Gremlin Leader","floor":24,"turns":3}],"seed_played":"2957131219653113024","potions_obtained":[{"floor":1,"key":"EssenceOfSteel"},{"floor":2,"key":"PowerPotion"},{"floor":10,"key":"SneckoOil"},{"floor":12,"key":"Weak Potion"},{"floor":16,"key":"GamblersBrew"},{"floor":18,"key":"GamblersBrew"}],"is_trial":false,"path_per_floor":["M","M","M","$","?","E","R","E","T","E","?","M","R","M","R","B",null,"M","$","?","M","M","R","E"],"character_chosen":"THE_SILENT","items_purchased":["Infinite Blades","Apotheosis","Terror","Quick Slash+1"],"campfire_rested":4,"item_purchase_floors":[4,19,19,19],"current_hp_per_floor":[63,59,51,51,51,44,65,48,48,22,15,15,36,26,47,5,54,47,47,47,41,39,60,0],"gold":39,"neow_bonus":"RANDOM_COMMON_RELIC","is_prod":false,"is_daily":false,"chose_seed":false,"campfire_upgraded":0,"win_rate":0,"timestamp":1548521557,"path_taken":["M","M","?","$","?","E","R","E","T","E","?","M","R","M","R","BOSS","M","$","?","M","M","R","E"],"build_version":"2019-01-23","purchased_purges":0,"victory":false,"max_hp_per_floor":[70,70,70,70,70,70,70,70,70,70,70,70,70,70,70,70,70,70,70,70,70,70,70,70],"card_choices":[{"not_picked":["Sucker Punch","Escape Plan"],"picked":"Terror","floor":1},{"not_picked":["Underhanded Strike","Catalyst"],"picked":"Cloak And Dagger","floor":2},{"not_picked":["Acrobatics","Slice"],"picked":"Outmaneuver","floor":3},{"not_picked":["Deflect","Dodge and Roll"],"picked":"Infinite Blades","floor":6},{"not_picked":["Setup","Dodge and Roll"],"picked":"Outmaneuver","floor":8},{"not_picked":["Escape Plan","Underhanded Strike","Well Laid Plans"],"picked":"Blade Dance","floor":10},{"not_picked":["Storm of Steel","Noxious Fumes","All Out Attack+1"],"picked":"Blade Dance","floor":12},{"not_picked":["Poisoned Stab+1","Eviscerate+1","Tactician"],"picked":"Cloak And Dagger","floor":14},{"not_picked":["Adrenaline","Envenom","Glass Knife+1"],"picked":"A Thousand Cuts","floor":16},{"not_picked":["Deadly Poison+1","PiercingWail","Flying Knee+1"],"picked":"Quick Slash+1","floor":18},{"not_picked":["Underhanded Strike+1","Finisher+1","Bane+1","Blur"],"picked":"SKIP","floor":21},{"not_picked":["Eviscerate+1","Leg Sweep","Bane+1"],"picked":"Accuracy","floor":22}],"player_experience":1312356,"relics_obtained":[{"floor":6,"key":"Mummified Hand"},{"floor":8,"key":"Dodecahedron"},{"floor":9,"key":"Question Card"},{"floor":10,"key":"Molten Egg 2"}],"event_choices":[{"damage_healed":0,"gold_gain":0,"player_choice":"Ignored","damage_taken":0,"max_hp_gain":0,"max_hp_loss":0,"event_name":"Shining Light","floor":5,"gold_loss":0},{"damage_healed":0,"gold_gain":0,"player_choice":"Fled","damage_taken":7,"max_hp_gain":0,"max_hp_loss":0,"event_name":"Scrap Ooze","floor":11,"gold_loss":0},{"damage_healed":0,"gold_gain":0,"player_choice":"Opened","damage_taken":0,"relics_obtained":["The Courier"],"max_hp_gain":0,"max_hp_loss":0,"event_name":"The Mausoleum","floor":20,"gold_loss":0,"cards_obtained":["Writhe"]}],"is_beta":false,"boss_relics":[{"not_picked":["Coffee Dripper","Runic Pyramid"],"picked":"Astrolabe"}],"items_purged_floors":[],"is_endless":false,"potions_floor_spawned":[1,2,10,12,16,18],"killed_by":"Gremlin Leader","ascension_level":9}