{"gold_per_floor":[111,136,136,147,322,353,353,386,439,473,485,485,133,144,144,239,239,250,250,250,99,99,125,25,25,49,49,67,67],"floor_reached":29,"playtime":1306,"items_purged":["Doubt","Defend_G"],"score":395,"play_id":"4f5a7383-2683-4a18-a175-a9f5d0e7a4ab","local_time":"20190121221425","is_ascension_mode":true,"campfire_choices":[{"data":"Caltrops","floor":7,"key":"SMITH"},{"floor":12,"key":"REST"},{"data":"Calculated Gamble","floor":15,"key":"SMITH"},{"floor":25,"key":"REST"}],"neow_cost":"NONE","seed_source_timestamp":1020271448698100,"circlet_count":0,"master_deck":["Defend_G","Defend_G","Defend_G","Defend_G","Strike_G","Strike_G","Strike_G","Survivor","Neutralize","Caltrops+1","All Out Attack","Backstab","Calculated Gamble+1","Terror","Mayhem","Bandage Up","Quick Slash","Venomology","Burst","RitualDagger","Setup"],"relics":["Ring of the Snake","NeowsBlessing","Bronze Scales","Meat on the Bone","Tough Bandages","Bag of Marbles","Pantograph","Busted Crown","Art of War","Dream Catcher","Bag of Preparation"],"potions_floor_usage":[10,23,23,29,29,29,29],"damage_taken":[{"damage":0,"enemies":"Cultist","floor":1,"turns":1},{"damage":0,"enemies":"2 Louse","floor":4,"turns":1},{"damage":0,"enemies":"Lagavulin","floor":6,"turns":1},{"damage":16,"enemies":"3 Sentries","floor":8,"turns":8},{"damage":21,"enemies":"Lagavulin","floor":10,"turns":10},{"damage":0,"enemies":"Jaw Worm","floor":11,"turns":3},{"damage":1,"enemies":"Blue Slaver","floor":14,"turns":3},{"damage":33,"enemies":"Hexaghost","floor":16,"turns":8},{"damage":6,"enemies":"2 Thieves","floor":18,"turns":4},{"damage":26,"enemies":"Slavers","floor":23,"turns":4},{"damage":19,"enemies":"Colosseum Slavers","floor":27,"turns":4},{"damage":0,"enemies":"3 Byrds","floor":28,"turns":1},{"damage":52,"enemies":"Gremlin Leader","floor":29,"turns":5}],"seed_played":"-6506800660222864423","potions_obtained":[{"floor":4,"key":"Block Potion"},{"floor":10,"key":"Fire Potion"},{"floor":11,"key":"SpeedPotion"},{"floor":16,"key":"LiquidBronze"}],"is_trial":false,"path_per_floor":["M","T","?","M","?","E","R","E","T","E","M","R","$","M","R","B",null,"M","T","?","$","?","E","$","R","T","?","M","E"],"character_chosen":"THE_SILENT","items_purchased":["Mayhem","Bandage Up","Burst"],"campfire_rested":2,"item_purchase_floors":[13,13,21],"current_hp_per_floor":[63,63,63,63,63,63,63,47,47,38,38,59,59,62,62,41,63,61,61,61,61,55,37,37,58,58,43,43,0],"gold":67,"neow_bonus":"THREE_ENEMY_KILL","is_prod":false,"is_daily":false,"chose_seed":false,"campfire_upgraded":2,"win_rate":0,"timestamp":1548105265,"path_taken":["M","?","?","M","?","E","R","E","T","E","M","R","?","?","R","BOSS","M","?","?","$","?","E","?","R","T","?","?","E"],"build_version":"2019-01-17v2","purchased_purges":2,"victory":false,"max_hp_per_floor":[70,70,70,70,70,70,70,70,70,70,70,70,70,70,70,70,70,70,70,70,70,70,70,70,70,70,70,70,70],"card_choices":[{"not_picked":["Underhanded Strike","Acrobatics"],"picked":"Caltrops","floor":1},{"not_picked":["Backstab","Infinite Blades"],"picked":"All Out Attack","floor":4},{"not_picked":["Heel Hook","Grand Finale"],"picked":"Backstab","floor":6},{"not_picked":["Setup","Dodge and Roll"],"picked":"Calculated Gamble","floor":8},{"not_picked":["Leg Sweep","Sucker Punch"],"picked":"Terror","floor":10},{"not_picked":["Slice","Finisher","Prepared"],"picked":"SKIP","floor":11},{"not_picked":["Slice","Sucker Punch"],"picked":"Quick Slash","floor":14},{"not_picked":["Doppelganger","Die Die Die"],"picked":"Venomology","floor":16},{"not_picked":["Blade Dance"],"picked":"SKIP","floor":18},{"not_picked":["Bane+1"],"picked":"SKIP","floor":23},{"not_picked":[],"picked":"Setup","floor":25},{"not_picked":["Underhanded Strike"],"picked":"SKIP","floor":28}],"player_experience":1225212,"relics_obtained":[{"floor":2,"key":"Bronze Scales"},{"floor":6,"key":"Meat on the Bone"},{"floor":8,"key":"Tough Bandages"},{"floor":9,"key":"Bag of Marbles"},{"floor":10,"key":"Pantograph"},{"floor":19,"key":"Art of War"},{"floor":23,"key":"Dream Catcher"},{"floor":26,"key":"Bag of Preparation"}],"event_choices":[{"cards_removed":["Strike_G"],"damage_healed":0,"gold_gain":0,"player_choice":"Forget","damage_taken":0,"max_hp_gain":0,"max_hp_loss":0,"event_name":"Living Wall","floor":3,"gold_loss":0},{"damage_healed":0,"gold_gain":175,"player_choice":"AGREE","damage_taken":0,"max_hp_gain":0,"max_hp_loss":0,"event_name":"Liars Game","floor":5,"gold_loss":0,"cards_obtained":["Doubt"]},{"cards_removed":["Strike_G"],"damage_healed":0,"gold_gain":0,"player_choice":"Elegance","damage_taken":0,"max_hp_gain":0,"max_hp_loss":0,"event_name":"Back to Basics","floor":20,"gold_loss":0},{"damage_healed":0,"gold_gain":0,"player_choice":"Joined the Cult","damage_taken":6,"max_hp_gain":0,"max_hp_loss":0,"event_name":"Nest","floor":22,"gold_loss":0,"cards_obtained":["RitualDagger"]},{"damage_healed":0,"gold_gain":0,"player_choice":"Fight","damage_taken":0,"max_hp_gain":0,"max_hp_loss":0,"event_name":"Colosseum","floor":27,"gold_loss":0},{"damage_healed":0,"gold_gain":0,"player_choice":"Fled From Nobs","damage_taken":0,"max_hp_gain":0,"max_hp_loss":0,"event_name":"Colosseum","floor":27,"gold_loss":0}],"is_beta":false,"boss_relics":[{"not_picked":["Cursed Key","Eternal Feather"],"picked":"Busted Crown"}],"items_purged_floors":[13,24],"is_endless":false,"potions_floor_spawned":[4,10,11,16,18],"killed_by":"Gremlin Leader","ascension_level":8}