{"path_per_floor":["M","?","?","M","M","R","M","R","T","R","M","M","M","$","R","B",null,"M","M","?","?","$","R","?","R","T","E","?","M","R","?","R"],"character_chosen":"THE_SILENT","items_purchased":["Happy Flower","Footwork","Acrobatics","Backflip","Deflect"],"gold_per_floor":[114,114,289,309,322,322,338,338,361,361,376,399,424,100,100,230,230,215,230,155,155,48,48,48,48,72,105,105,129,129,44,44],"floor_reached":33,"campfire_rested":5,"playtime":1582,"current_hp_per_floor":[70,65,65,65,63,63,55,55,55,55,55,46,37,37,56,14,65,37,6,6,6,6,19,19,32,32,28,28,5,18,18,31],"items_purged":["Strike_G"],"gold":44,"score":307,"play_id":"9bc78a49-36a0-40c3-9764-bd1333098b0f","is_prod":false,"is_daily":false,"is_ascension_mode":true,"campfire_upgraded":3,"path_taken":["M","?","?","M","M","R","M","R","T","R","M","?","M","$","R","BOSS","M","M","?","?","$","R","?","R","T","E","?","M","R","?","R","BOSS"],"build_version":"2018-02-22-PROD2","purchased_purges":1,"victory":false,"master_deck":["Defend_G","Defend_G","Defend_G","Defend_G","Survivor","Neutralize+1","A Thousand Cuts+1","Predator+1","Doubt","Sucker Punch","PiercingWail","Slice","Quick Slash","Footwork","Skewer","Footwork","Acrobatics","Glass Knife","Dagger Spray+1","Expertise+1","Bite","Bite","Bite","Bite","Bite","Backflip","Deflect","Writhe","Deflect+1","Acrobatics"],"max_hp_per_floor":[70,65,65,65,65,65,65,65,65,65,65,65,65,65,65,65,65,65,65,65,45,45,45,45,45,45,45,45,45,45,45,45],"relics":["Ring of the Snake","Golden Idol","Art of War","Happy Flower","Lizard Tail","Omamori","Juzu Bracelet","Frozen Egg 2","Prayer Wheel"],"card_choices":[{"not_picked":["Heel Hook","Blade Dance"],"picked":"Predator"},{"not_picked":["Slice","Poisoned Stab"],"picked":"Sucker Punch"},{"not_picked":["Underhanded Strike","Cloak And Dagger"],"picked":"PiercingWail"},{"not_picked":["Sucker Punch","Storm of Steel"],"picked":"Slice"},{"not_picked":["Slice","Dodge and Roll"],"picked":"Quick Slash"},{"not_picked":["Well Laid Plans","Masterful Stab"],"picked":"Footwork"},{"not_picked":["Dagger Spray","Outmaneuver"],"picked":"Skewer"},{"not_picked":["Unload","After Image"],"picked":"Glass Knife"},{"not_picked":["Masterful Stab","Caltrops"],"picked":"Dagger Spray"},{"not_picked":["Leg Sweep","Deadly Poison"],"picked":"Expertise"},{"not_picked":["Expertise","Dagger Throw"],"picked":"Deflect"},{"not_picked":["Dagger Spray","Crippling Poison"],"picked":"Acrobatics"}],"player_experience":128655,"potions_floor_usage":[16,16,33,33],"damage_taken":[{"damage":0,"enemies":"Jaw Worm","floor":1,"turns":6},{"damage":0,"enemies":"2 Louse","floor":4,"turns":4},{"damage":2,"enemies":"Small Slimes","floor":5,"turns":6},{"damage":8,"enemies":"Looter","floor":7,"turns":4},{"damage":0,"enemies":"Exordium Wildlife","floor":11,"turns":3},{"damage":9,"enemies":"2 Fungi Beasts","floor":12,"turns":4},{"damage":9,"enemies":"Lots of Slimes","floor":13,"turns":6},{"damage":42,"enemies":"The Guardian","floor":16,"turns":13},{"damage":28,"enemies":"2 Thieves","floor":18,"turns":4},{"damage":31,"enemies":"Spheric Guardian","floor":19,"turns":5},{"damage":41,"enemies":"Gremlin Leader","floor":27,"turns":10},{"damage":37,"enemies":"Snecko","floor":29,"turns":7},{"damage":53,"enemies":"Collector","floor":33,"turns":8}],"event_choices":[{"event_name":"Golden Idol","player_choice":"Lose Max HP","floor":2,"damage_taken":0},{"event_name":"Liars Game","player_choice":"agreed","floor":3,"damage_taken":0},{"event_name":"Beggar","player_choice":"Gave Gold","floor":20,"damage_taken":0},{"event_name":"Vampires","player_choice":"Became a vampire","floor":21,"damage_taken":0},{"event_name":"The Mausoleum","player_choice":"Yes","floor":24,"damage_taken":0},{"event_name":"Bonfire Elementals","player_choice":"BASIC","floor":28,"damage_taken":0},{"event_name":"Addict","player_choice":"Obtained Relic","floor":31,"damage_taken":0}],"boss_relics":[{"not_picked":["Ectoplasm","The Specimen"],"picked":"Lizard Tail"}],"potions_floor_spawned":[1,4,7,29],"seed_played":"-3051903217800134478","killed_by":"Collector","ascension_level":2,"is_trial":false}