{"gold_per_floor":[111,126,126,136,136,162,176,176,176,190,170,187,203,217,217,322,322],"floor_reached":17,"playtime":759,"items_purged":[],"score":169,"play_id":"2e1a767c-571f-484d-976c-50938b237049","local_time":"20190514051914","is_ascension_mode":true,"campfire_choices":[{"floor":8,"key":"REST"},{"floor":15,"key":"RECALL"}],"neow_cost":"NONE","seed_source_timestamp":145157181507853,"circlet_count":0,"master_deck":["Strike_R","Strike_R","Strike_R+1","Strike_R","Strike_R","Defend_R+1","Defend_R","Defend_R+1","Defend_R","Bash+1","Shrug It Off","Twin Strike","Metallicize","Injury","Combust","Disarm","Ghostly Armor","Evolve","Havoc","Feel No Pain","Feed"],"relics":["Black Blood","Whetstone","Bronze Scales"],"potions_floor_usage":[6,16],"damage_taken":[{"damage":4,"enemies":"2 Louse","floor":1,"turns":4},{"damage":1,"enemies":"Jaw Worm","floor":2,"turns":5},{"damage":4,"enemies":"Cultist","floor":4,"turns":4},{"damage":38,"enemies":"3 Sentries","floor":6,"turns":13},{"damage":12,"enemies":"Large Slime","floor":7,"turns":9},{"damage":10,"enemies":"Red Slaver","floor":10,"turns":5},{"damage":8,"enemies":"Gremlin Gang","floor":12,"turns":3},{"damage":2,"enemies":"Exordium Wildlife","floor":13,"turns":6},{"damage":9,"enemies":"2 Fungi Beasts","floor":14,"turns":5},{"damage":58,"enemies":"Slime Boss","floor":16,"turns":12}],"seed_played":"9200869100191597834","potions_obtained":[{"floor":1,"key":"Weak Potion"},{"floor":2,"key":"PowerPotion"},{"floor":11,"key":"SmokeBomb"},{"floor":13,"key":"Regen Potion"},{"floor":16,"key":"Strength Potion"}],"is_trial":false,"path_per_floor":["M","M","?","M","?","E","M","R","T","M","?","M","M","M","R","B",null],"character_chosen":"IRONCLAD","items_purchased":[],"campfire_rested":1,"item_purchase_floors":[],"current_hp_per_floor":[88,88,70,72,72,40,34,60,60,56,56,54,58,55,55,15,88],"gold":322,"neow_bonus":"TEN_PERCENT_HP_BONUS","is_prod":false,"is_daily":false,"chose_seed":false,"campfire_upgraded":0,"win_rate":0,"timestamp":1557825554,"path_taken":["M","M","?","M","?","E","M","R","T","?","?","M","M","M","R","BOSS"],"build_version":"2019-01-23","purchased_purges":0,"victory":false,"max_hp_per_floor":[88,88,88,88,88,88,88,88,88,88,88,88,88,88,88,88,88],"card_choices":[{"not_picked":["Spot Weakness","Anger"],"picked":"Shrug It Off","floor":1},{"not_picked":["Iron Wave","Heavy Blade"],"picked":"Twin Strike","floor":2},{"not_picked":["Rampage","Iron Wave"],"picked":"Metallicize","floor":4},{"not_picked":["Limit Break","Twin Strike"],"picked":"Combust","floor":6},{"not_picked":["Wild Strike","Armaments"],"picked":"Disarm","floor":7},{"not_picked":["Warcry","Body Slam"],"picked":"Ghostly Armor","floor":10},{"not_picked":["Hemokinesis","Headbutt"],"picked":"Evolve","floor":12},{"not_picked":["Iron Wave","Hemokinesis"],"picked":"Havoc","floor":13},{"not_picked":["Perfected Strike","Iron Wave"],"picked":"Feel No Pain","floor":14},{"not_picked":["Dark Embrace","Reaper"],"picked":"Feed","floor":16}],"player_experience":73819,"relics_obtained":[{"floor":6,"key":"Whetstone"},{"floor":9,"key":"Bronze Scales"}],"event_choices":[{"damage_healed":0,"gold_gain":0,"player_choice":"Entered Light","damage_taken":18,"max_hp_gain":0,"max_hp_loss":0,"event_name":"Shining Light","floor":3,"gold_loss":0,"cards_upgraded":["Defend_R","Defend_R"]},{"damage_healed":0,"gold_gain":0,"player_choice":"1 cards matched","damage_taken":0,"max_hp_gain":0,"max_hp_loss":0,"event_name":"Match and Keep!","floor":5,"gold_loss":0,"cards_obtained":["Injury"]},{"damage_healed":0,"gold_gain":0,"player_choice":"Bought 1 Potion","damage_taken":0,"max_hp_gain":0,"max_hp_loss":0,"event_name":"The Woman in Blue","floor":11,"gold_loss":0}],"is_beta":false,"boss_relics":[{"not_picked":["Tiny House","Busted Crown"],"picked":"Black Blood"}],"items_purged_floors":[],"is_endless":false,"potions_floor_spawned":[1,2,13,14,16],"ascension_level":1}