{"gold_per_floor":[117,131,52,66,66,107,32,47,70,105,130,153,153,166,166,295,358,372,372,119,119,138,138,162,162,162,162,180,194,215,62,62,62],"floor_reached":33,"playtime":1759,"items_purged":["Injury"],"score":392,"play_id":"e1a8af2b-985f-4a5a-a137-0f289e9f967a","local_time":"20190403134324","is_ascension_mode":true,"campfire_choices":[{"floor":13,"key":"REST"},{"floor":15,"key":"REST"},{"floor":23,"key":"REST"},{"floor":25,"key":"REST"},{"floor":27,"key":"REST"},{"floor":32,"key":"REST"}],"neow_cost":"PERCENT_DAMAGE","seed_source_timestamp":665305676749900,"circlet_count":0,"master_deck":["AscendersBane","Defend_G","Defend_G","Defend_G","Defend_G","Defend_G","Strike_G","Strike_G","Strike_G","Strike_G","Survivor","Neutralize","Venomology+1","Dagger Spray","Backstab","Noxious Fumes","Dagger Spray","Catalyst","Dagger Spray","Dash","Terror","Corpse Explosion","Bouncing Flask","Dagger Throw+1","Deadly Poison+1","Footwork+1","Distraction+1","Bullet Time+1","Footwork"],"relics":["Ring of the Snake","Golden Idol","Pen Nib","Art of War","Boot","Tiny House","Toxic Egg 2","Lantern"],"potions_floor_usage":[1,4,6,6,6,6,8,10,10,11,12,16,16,18,18,21,22,28,28,29,29,30,30,33],"damage_taken":[{"damage":0,"enemies":"Cultist","floor":1,"turns":4},{"damage":0,"enemies":"Jaw Worm","floor":2,"turns":5},{"damage":1,"enemies":"Small Slimes","floor":4,"turns":5},{"damage":5,"enemies":"3 Sentries","floor":6,"turns":6},{"damage":0,"enemies":"3 Louse","floor":8,"turns":3},{"damage":21,"enemies":"Lagavulin","floor":10,"turns":7},{"damage":8,"enemies":"Blue Slaver","floor":11,"turns":3},{"damage":7,"enemies":"Looter","floor":12,"turns":3},{"damage":0,"enemies":"Lots of Slimes","floor":14,"turns":2},{"damage":32,"enemies":"The Guardian","floor":16,"turns":11},{"damage":13,"enemies":"Shell Parasite","floor":18,"turns":4},{"damage":28,"enemies":"Colosseum Slavers","floor":21,"turns":5},{"damage":7,"enemies":"Chosen","floor":22,"turns":4},{"damage":20,"enemies":"Snecko","floor":24,"turns":4},{"damage":26,"enemies":"Sentry and Sphere","floor":28,"turns":5},{"damage":5,"enemies":"3 Cultists","floor":29,"turns":4},{"damage":20,"enemies":"Snecko","floor":30,"turns":6},{"damage":63,"enemies":"Automaton","floor":33,"turns":8}],"seed_played":"-7627651784836273600","potions_obtained":[{"floor":1,"key":"GamblersBrew"},{"floor":2,"key":"GamblersBrew"},{"floor":8,"key":"LiquidBronze"},{"floor":12,"key":"Block Potion"},{"floor":16,"key":"FairyPotion"},{"floor":17,"key":"Swift Potion"},{"floor":18,"key":"Ancient Potion"},{"floor":24,"key":"Regen Potion"},{"floor":28,"key":"SteroidPotion"}],"is_trial":false,"path_per_floor":["M","M","$","M","?","E","$","M","T","E","M","M","R","M","R","B",null,"M","?","$","?","M","R","M","R","T","R","M","M","M","$","R","B"],"character_chosen":"THE_SILENT","items_purchased":["Noxious Fumes","Toxic Egg 2","Bullet Time+1","Footwork"],"campfire_rested":6,"item_purchase_floors":[3,20,31,31],"current_hp_per_floor":[45,45,45,44,44,39,39,39,39,18,10,3,24,24,45,13,61,48,48,48,20,13,35,15,37,37,59,45,40,20,20,42,0],"gold":62,"neow_bonus":"THREE_RARE_CARDS","is_prod":false,"is_daily":false,"chose_seed":false,"campfire_upgraded":0,"win_rate":0,"timestamp":1554291804,"path_taken":["M","?","?","M","?","E","$","M","T","E","M","M","R","M","R","BOSS","M","?","$","?","M","R","M","R","T","R","M","M","M","?","R","BOSS"],"build_version":"2019-01-23","purchased_purges":1,"victory":false,"max_hp_per_floor":[70,70,70,70,70,70,70,70,70,70,70,70,70,70,70,70,75,75,75,75,75,75,75,75,75,75,75,75,75,75,75,75,75],"card_choices":[{"not_picked":["Glass Knife","After Image"],"picked":"Venomology","floor":0},{"not_picked":["Slice","Backflip"],"picked":"Dagger Spray","floor":1},{"not_picked":["Blade Dance","Cloak And Dagger"],"picked":"Backstab","floor":2},{"not_picked":["Backflip","Sucker Punch"],"picked":"Dagger Spray","floor":4},{"not_picked":["Backflip","Backstab"],"picked":"Catalyst","floor":6},{"not_picked":["Prepared","Accuracy"],"picked":"Dagger Spray","floor":8},{"not_picked":["PiercingWail","Bane","Outmaneuver"],"picked":"SKIP","floor":10},{"not_picked":["Finisher","Predator","Reflex"],"picked":"SKIP","floor":11},{"not_picked":["Choke","Backflip"],"picked":"Dash","floor":12},{"not_picked":["Outmaneuver","Blade Dance"],"picked":"Terror","floor":14},{"not_picked":["Envenom","Tools of the Trade"],"picked":"Corpse Explosion","floor":16},{"not_picked":["Dodge and Roll","Sucker Punch"],"picked":"Bouncing Flask","floor":17},{"not_picked":["Cloak And Dagger","Blade Dance"],"picked":"Dagger Throw+1","floor":18},{"not_picked":["Outmaneuver+1","Terror+1"],"picked":"Deadly Poison+1","floor":22},{"not_picked":["Bane","Heel Hook","Underhanded Strike"],"picked":"SKIP","floor":24},{"not_picked":["Choke","Backflip+1","Bane"],"picked":"SKIP","floor":28},{"not_picked":["Dagger Throw+1","Sucker Punch"],"picked":"Footwork+1","floor":29},{"not_picked":["Dash+1","Dodge and Roll+1"],"picked":"Distraction+1","floor":30}],"player_experience":1593610,"relics_obtained":[{"floor":6,"key":"Pen Nib"},{"floor":9,"key":"Art of War"},{"floor":10,"key":"Boot"},{"floor":26,"key":"Lantern"}],"event_choices":[{"damage_healed":0,"gold_gain":0,"player_choice":"Take Wound","damage_taken":0,"relics_obtained":["Golden Idol"],"max_hp_gain":0,"max_hp_loss":0,"event_name":"Golden Idol","floor":5,"gold_loss":0,"cards_obtained":["Injury"]},{"cards_removed":["Strike_G"],"damage_healed":0,"gold_gain":0,"player_choice":"Elegance","damage_taken":0,"max_hp_gain":0,"max_hp_loss":0,"event_name":"Back to Basics","floor":19,"gold_loss":0},{"damage_healed":0,"gold_gain":0,"player_choice":"Fight","damage_taken":0,"max_hp_gain":0,"max_hp_loss":0,"event_name":"Colosseum","floor":21,"gold_loss":0},{"damage_healed":0,"gold_gain":0,"player_choice":"Fled From Nobs","damage_taken":0,"max_hp_gain":0,"max_hp_loss":0,"event_name":"Colosseum","floor":21,"gold_loss":0}],"is_beta":false,"boss_relics":[{"not_picked":["HoveringKite","Runic Pyramid"],"picked":"Tiny House"}],"items_purged_floors":[7],"is_endless":false,"potions_floor_spawned":[1,2,8,12,16,18,24,28],"killed_by":"Automaton","ascension_level":10}