{"gold_per_floor":[111,111,111,111,127,152,168,138,138,138,37,112,167,177,177,255,255,155,170,170,170,185,185,197,197,245,264,277,0,0,12,12,91,91,102,120,1119,304,304,304,6,19,19,33,33,33,49,7,7,7],"floor_reached":51,"playtime":7819,"items_purged":["Normality","Normality"],"score":1225,"play_id":"a44a0cd8-e1ae-4b31-b005-3ec153eb9590","local_time":"20190509101149","is_ascension_mode":true,"campfire_choices":[{"data":"Envenom","floor":10.0,"key":"SMITH"},{"floor":15.0,"key":"REST"},{"data":"Crippling Poison","floor":23,"key":"SMITH"},{"data":"Noxious Fumes","floor":25,"key":"SMITH"},{"floor":32,"key":"REST"},{"data":"A Thousand Cuts","floor":40,"key":"SMITH"},{"data":"Bouncing Flask","floor":49,"key":"SMITH"}],"neow_cost":"NONE","seed_source_timestamp":0,"circlet_count":0,"master_deck":["AscendersBane","Defend_G","Defend_G","Defend_G","Defend_G","Defend_G","Strike_G+1","Strike_G","Strike_G+1","Strike_G","Strike_G","Survivor","Neutralize","Backflip","Escape Plan","Envenom+1","Noxious Fumes+1","Crippling Poison+1","Caltrops","Backflip","Acrobatics","Burst","Well Laid Plans","Leg Sweep","Acrobatics+1","Catalyst","Sadistic Nature","Sadistic Nature","Crippling Poison+1","A Thousand Cuts+1","Bouncing Flask+1","Sadistic Nature","Leg Sweep","Injury","Backstab"],"special_seed":0,"relics":["Ring of the Snake","NeowsBlessing","Art of War","Singing Bowl","Thread and Needle","Whetstone","Regal Pillow","Cursed Key","Bag of Marbles","Strawberry","Eternal Feather","OrangePellets","Gambling Chip","Orichalcum","Spirit Poop","DollysMirror","Mummified Hand"],"potions_floor_usage":[24,31,50],"damage_taken":[{"damage":0.0,"enemies":"Small Slimes","floor":1.0,"turns":1.0},{"damage":0.0,"enemies":"2 Louse","floor":5.0,"turns":2.0},{"damage":0.0,"enemies":"3 Sentries","floor":6.0,"turns":2.0},{"damage":5.0,"enemies":"Jaw Worm","floor":7.0,"turns":11.0},{"damage":11.0,"enemies":"Exordium Thugs","floor":8.0,"turns":4.0},{"damage":3.0,"enemies":"3 Sentries","floor":13.0,"turns":6.0},{"damage":0.0,"enemies":"2 Fungi Beasts","floor":14.0,"turns":3.0},{"damage":49.0,"enemies":"Slime Boss","floor":16.0,"turns":13.0},{"damage":2.0,"enemies":"2 Thieves","floor":18.0,"turns":5.0},{"damage":3,"enemies":"3 Byrds","floor":19,"turns":3},{"damage":0,"enemies":"Snake Plant","floor":22,"turns":6},{"damage":9,"enemies":"Snecko","floor":24,"turns":8},{"damage":13,"enemies":"3 Cultists","floor":27,"turns":5},{"damage":17,"enemies":"Snake Plant","floor":28,"turns":6},{"damage":0,"enemies":"Snecko","floor":31,"turns":6},{"damage":7,"enemies":"Collector","floor":33,"turns":7},{"damage":11,"enemies":"3 Shapes","floor":35,"turns":5},{"damage":15,"enemies":"Orb Walker","floor":36,"turns":4},{"damage":8,"enemies":"Transient","floor":42,"turns":6},{"damage":11,"enemies":"3 Darklings","floor":44,"turns":3},{"damage":0,"enemies":"Sphere and 2 Shapes","floor":47,"turns":2},{"damage":28,"enemies":"Donu and Deca","floor":50,"turns":6}],"seed_played":"8080524388935494743","potions_obtained":[{"floor":1.0,"key":"SkillPotion"},{"floor":6.0,"key":"Energy Potion"},{"floor":7.0,"key":"SteroidPotion"},{"floor":13.0,"key":"Explosive Potion"},{"floor":22,"key":"Swift Potion"},{"floor":24,"key":"GamblersBrew"},{"floor":33,"key":"SteroidPotion"},{"floor":35,"key":"LiquidBronze"}],"is_trial":false,"path_per_floor":["M","?","?","?","M","E","M","M","T","R","$","?","?","M","R","B",null,"M","M","?","?","M","R","M","R","T","M","M","$","?","M","R","B",null,"M","M","?","$","?","R","$","M","T","M","?","$","M","$","R","B",null],"character_chosen":"THE_SILENT","items_purchased":["Caltrops","Backflip","Sadistic Nature","OrangePellets","Gambling Chip","Orichalcum","DollysMirror","Leg Sweep","Backstab"],"campfire_rested":2,"item_purchase_floors":[11,11,29,38,38,38,41,41,48],"current_hp_per_floor":[59,59,52,47,47,47,42,31,31,31,31,20,19,19,54,5,52,50,47,47,47,47,47,40,40,47,34,19,19,19,19,57,50,72,61,48,48,48,48,66,66,60,60,51,51,51,53,53,74,46],"gold":7,"neow_bonus":"THREE_ENEMY_KILL","is_prod":false,"is_daily":false,"chose_seed":false,"campfire_upgraded":5,"win_rate":0,"timestamp":1557421909,"path_taken":["M","?","?","?","M","E","M","M","T","R","$","?","?","M","R","BOSS","M","M","?","?","M","R","M","R","T","M","M","$","?","M","R","BOSS","M","M","?","$","?","R","$","M","T","?","?","?","M","$","R","BOSS"],"build_version":"2019-01-23","purchased_purges":2,"victory":true,"max_hp_per_floor":[66,66,66,66,66,66,66,66,66,66,66,66,68,68,68,68,68,68,68,68,68,68,68,70,70,77,77,79,79,79,79,79,79,79,79,81,81,81,81,81,81,83,83,85,85,85,87,87,87,87],"card_choices":[{"not_picked":["Heel Hook","Catalyst"],"picked":"Backflip","floor":1.0},{"not_picked":["Deflect","All Out Attack"],"picked":"Escape Plan","floor":5.0},{"not_picked":["Prepared","Dodge and Roll"],"picked":"Envenom","floor":6.0},{"not_picked":["Catalyst","Deflect"],"picked":"Noxious Fumes","floor":7.0},{"not_picked":["Eviscerate","Cloak And Dagger"],"picked":"Crippling Poison","floor":8.0},{"not_picked":["Dagger Spray","Backflip","Dodge and Roll"],"picked":"Singing Bowl","floor":13.0},{"not_picked":["Dagger Spray","Heel Hook"],"picked":"Acrobatics","floor":14.0},{"not_picked":["Envenom","Doppelganger"],"picked":"Burst","floor":16.0},{"not_picked":["Outmaneuver","Quick Slash"],"picked":"Well Laid Plans","floor":18.0},{"not_picked":["Infinite Blades","Crippling Poison"],"picked":"Leg Sweep","floor":19},{"not_picked":["Dodge and Roll","Flying Knee"],"picked":"Acrobatics+1","floor":22},{"not_picked":["Deadly Poison","Dash","Escape Plan"],"picked":"Singing Bowl","floor":24},{"not_picked":["Cloak And Dagger","Acrobatics"],"picked":"Catalyst","floor":27},{"not_picked":["Acrobatics+1","Blur","Endless Agony+1"],"picked":"Singing Bowl","floor":28},{"not_picked":["Outmaneuver","Concentrate"],"picked":"Crippling Poison+1","floor":31},{"not_picked":["Glass Knife","Tools of the Trade"],"picked":"A Thousand Cuts","floor":33},{"not_picked":["Deflect","Infinite Blades"],"picked":"Bouncing Flask","floor":35},{"not_picked":["Setup","Underhanded Strike+1","Dagger Throw"],"picked":"Singing Bowl","floor":36},{"not_picked":["Accuracy","Prepared","Acrobatics+1"],"picked":"Singing Bowl","floor":42},{"not_picked":["Backflip","All Out Attack+1","Reflex"],"picked":"Singing Bowl","floor":44},{"not_picked":["Blade Dance","Endless Agony","Outmaneuver"],"picked":"Singing Bowl","floor":47}],"player_experience":1664386,"relics_obtained":[{"floor":6.0,"key":"Thread and Needle"},{"floor":9.0,"key":"Whetstone"},{"floor":13.0,"key":"Regal Pillow"},{"floor":26,"key":"Strawberry"},{"floor":43,"key":"Mummified Hand"}],"event_choices":[{"damage_healed":0.0,"max_hp_gain":0.0,"max_hp_loss":0.0,"gold_gain":0.0,"event_name":"Big Fish","player_choice":"Box","floor":2.0,"gold_loss":0.0,"damage_taken":0.0,"relics_obtained":["Art of War"],"cards_obtained":["Regret"]},{"cards_removed":["Regret"],"damage_healed":0.0,"max_hp_gain":0.0,"max_hp_loss":0.0,"gold_gain":0.0,"event_name":"Golden Wing","player_choice":"Card Removal","floor":3.0,"gold_loss":0.0,"damage_taken":7.0},{"damage_healed":0.0,"max_hp_gain":0.0,"max_hp_loss":0.0,"gold_gain":0.0,"event_name":"Scrap Ooze","player_choice":"Success","floor":4.0,"gold_loss":0.0,"damage_taken":5.0,"relics_obtained":["Singing Bowl"]},{"damage_healed":0.0,"max_hp_gain":0.0,"max_hp_loss":0.0,"gold_gain":75.0,"event_name":"World of Goop","player_choice":"Gather Gold","floor":12.0,"gold_loss":0.0,"damage_taken":11.0},{"damage_healed":0.0,"max_hp_gain":0.0,"max_hp_loss":0.0,"gold_gain":0.0,"event_name":"Dead Adventurer","player_choice":"Searched \u00271\u0027 times","floor":13.0,"gold_loss":0.0,"damage_taken":0.0},{"damage_healed":0,"gold_gain":0,"player_choice":"Opened","damage_taken":0,"relics_obtained":["Bag of Marbles"],"max_hp_gain":0,"max_hp_loss":0,"event_name":"The Mausoleum","floor":20,"gold_loss":0,"cards_obtained":["Writhe"]},{"cards_removed":["Writhe"],"damage_healed":0,"gold_gain":0,"player_choice":"Elegance","damage_taken":0,"max_hp_gain":0,"max_hp_loss":0,"event_name":"Back to Basics","floor":21,"gold_loss":0},{"damage_healed":0,"gold_gain":0,"player_choice":"Copied","damage_taken":0,"max_hp_gain":0,"max_hp_loss":0,"event_name":"Duplicator","floor":30,"gold_loss":0,"cards_obtained":["Sadistic Nature"]},{"damage_healed":0,"gold_gain":999,"player_choice":"Gold","damage_taken":0,"max_hp_gain":0,"max_hp_loss":0,"event_name":"MindBloom","floor":37,"gold_loss":0,"cards_obtained":["Normality","Normality"]},{"cards_removed":["Normality"],"damage_healed":0,"gold_gain":0,"player_choice":"Offered Curse","damage_taken":0,"relics_obtained":["Spirit Poop"],"max_hp_gain":0,"max_hp_loss":0,"event_name":"Bonfire Elementals","floor":39,"gold_loss":0},{"damage_healed":0,"gold_gain":0,"player_choice":"Ignored","damage_taken":0,"max_hp_gain":0,"max_hp_loss":0,"event_name":"SecretPortal","floor":45,"gold_loss":0}],"is_beta":false,"boss_relics":[{"not_picked":["Fusion Hammer","Calling Bell"],"picked":"Cursed Key"},{"not_picked":["Empty Cage","White Beast Statue"],"picked":"Eternal Feather"}],"items_purged_floors":[29,38],"is_endless":false,"potions_floor_spawned":[1,6,7,13,22,24,33,35,47],"ascension_level":17}