{"gold_per_floor":[113,113,113,288,306,306,346,346,346,325,325],"floor_reached":11,"playtime":210,"items_purged":[],"score":97,"play_id":"15da0c1f-4bce-4ef4-b70b-2e1b5a0ca80a","local_time":"20190122221521","is_ascension_mode":true,"campfire_choices":[{"floor":6,"key":"REST"},{"floor":8,"key":"REST"}],"neow_cost":"PERCENT_DAMAGE","seed_source_timestamp":1107824970369100,"circlet_count":0,"master_deck":["Strike_B","Strike_B","Defend_B","Defend_B","Defend_B","Zap","Dualcast","Tempest","Injury","Doubt","Double Energy","Redo"],"relics":["Cracked Core","Golden Idol","Thread and Needle","Pen Nib"],"potions_floor_usage":[11],"damage_taken":[{"damage":6,"enemies":"2 Louse","floor":1,"turns":2},{"damage":12,"enemies":"Small Slimes","floor":5,"turns":3},{"damage":37,"enemies":"Lagavulin","floor":7,"turns":6},{"damage":37,"enemies":"3 Sentries","floor":11,"turns":4}],"seed_played":"4397273516859424573","potions_obtained":[{"floor":1,"key":"FocusPotion"}],"is_trial":false,"path_per_floor":["M","?","?","?","M","R","E","R","T","?","E"],"character_chosen":"DEFECT","items_purchased":[],"campfire_rested":2,"item_purchase_floors":[],"current_hp_per_floor":[44,37,37,37,25,47,10,32,32,32,0],"gold":325,"neow_bonus":"REMOVE_TWO","is_prod":false,"is_daily":false,"chose_seed":false,"campfire_upgraded":0,"win_rate":0,"timestamp":1548191721,"path_taken":["M","?","?","?","?","R","E","R","T","?","E"],"build_version":"2019-01-17v2","purchased_purges":0,"victory":false,"max_hp_per_floor":[75,75,75,75,75,75,75,75,75,75,75],"card_choices":[{"not_picked":["Storm","Hologram"],"picked":"Tempest","floor":1},{"not_picked":["Force Field","Coolheaded"],"picked":"Double Energy","floor":5},{"not_picked":["Steam","Lockon"],"picked":"Redo","floor":7}],"player_experience":1277563,"relics_obtained":[{"floor":7,"key":"Thread and Needle"},{"floor":9,"key":"Pen Nib"}],"event_choices":[{"cards_removed":["Defend_B"],"damage_healed":0,"gold_gain":0,"player_choice":"Card Removal","damage_taken":7,"max_hp_gain":0,"max_hp_loss":0,"event_name":"Golden Wing","floor":2,"gold_loss":0},{"damage_healed":0,"gold_gain":0,"player_choice":"Take Wound","damage_taken":0,"relics_obtained":["Golden Idol"],"max_hp_gain":0,"max_hp_loss":0,"event_name":"Golden Idol","floor":3,"gold_loss":0,"cards_obtained":["Injury"]},{"damage_healed":0,"gold_gain":175,"player_choice":"AGREE","damage_taken":0,"max_hp_gain":0,"max_hp_loss":0,"event_name":"Liars Game","floor":4,"gold_loss":0,"cards_obtained":["Doubt"]},{"damage_healed":0,"gold_gain":0,"player_choice":"Left Gold","damage_taken":0,"max_hp_gain":0,"max_hp_loss":0,"event_name":"World of Goop","floor":10,"gold_loss":21}],"is_beta":false,"boss_relics":[],"items_purged_floors":[],"is_endless":false,"potions_floor_spawned":[1],"killed_by":"3 Sentries","ascension_level":8}