{"gold_per_floor":[112,86,86,102,159,159,177,190,190,264,284,302,334,350,350,453,503,520,520,535,535,555,555,555,555],"floor_reached":25,"playtime":2231,"items_purged":[],"score":236,"play_id":"07b1a48d-7a12-444b-a9e4-612237c4ecbc","local_time":"20181124140126","is_ascension_mode":true,"campfire_choices":[{"floor":6.0,"key":"REST"},{"floor":15.0,"key":"REST"},{"floor":23.0,"key":"REST"}],"neow_cost":"NONE","seed_source_timestamp":132947378241441,"circlet_count":0,"master_deck":["Strike_R","Strike_R+1","Strike_R","Strike_R","Strike_R+1","Defend_R","Defend_R","Defend_R","Defend_R","Bash","Iron Wave","Cleave+1","Armaments","Heavy Blade","Rage","Spot Weakness","Seeing Red","Exhume","Armaments","Anger+1","Armaments","Spot Weakness","Dual Wield"],"special_seed":0,"relics":["Runic Pyramid","Regal Pillow","Self Forming Clay","Gremlin Horn","Tiny House"],"potions_floor_usage":[25],"damage_taken":[{"damage":8.0,"enemies":"Small Slimes","floor":1.0,"turns":5.0},{"damage":2.0,"enemies":"2 Louse","floor":4.0,"turns":2.0},{"damage":7.0,"enemies":"Jaw Worm","floor":7.0,"turns":2.0},{"damage":3.0,"enemies":"Blue Slaver","floor":8.0,"turns":5.0},{"damage":20.0,"enemies":"Exordium Thugs","floor":11.0,"turns":6.0},{"damage":0.0,"enemies":"Gremlin Gang","floor":12.0,"turns":2.0},{"damage":23.0,"enemies":"Lagavulin","floor":13.0,"turns":6.0},{"damage":2.0,"enemies":"Looter","floor":14.0,"turns":3.0},{"damage":41.0,"enemies":"Hexaghost","floor":16.0,"turns":11.0},{"damage":15.0,"enemies":"Chosen","floor":18.0,"turns":6.0},{"damage":15.0,"enemies":"Spheric Guardian","floor":20.0,"turns":6.0},{"damage":37.0,"enemies":"Snake Plant","floor":22.0,"turns":5.0},{"damage":36,"enemies":"Colosseum Slavers","floor":24,"turns":4},{"damage":38,"enemies":"Book of Stabbing","floor":25,"turns":3}],"seed_played":"-2634664670757553834","potions_obtained":[{"floor":4.0,"key":"Swift Potion"},{"floor":8.0,"key":"Block Potion"},{"floor":11.0,"key":"Explosive Potion"},{"floor":13.0,"key":"Regen Potion"},{"floor":17.0,"key":"Strength Potion"},{"floor":18.0,"key":"LiquidBronze"}],"is_trial":false,"path_per_floor":["M","$","?","M","?","R","M","M","T","T","M","M","E","M","R","B",null,"M","?","M","?","M","R","?","E"],"character_chosen":"IRONCLAD","items_purchased":["Cleave"],"campfire_rested":3,"item_purchase_floors":[2],"current_hp_per_floor":[72,72,56,54,54,78,71,68,68,68,48,48,25,23,62,36,85,70,70,55,55,18,58,22,0],"gold":555,"neow_bonus":"BOSS_RELIC","is_prod":false,"is_daily":false,"chose_seed":false,"campfire_upgraded":0,"win_rate":0,"timestamp":1543035686,"path_taken":["M","$","?","M","?","R","M","M","T","?","M","M","E","?","R","BOSS","M","?","?","?","M","R","?","E"],"build_version":"2018-11-15","purchased_purges":0,"victory":false,"max_hp_per_floor":[80,80,80,80,80,80,80,80,80,80,80,80,80,80,80,80,85,85,85,85,85,85,85,85,85],"card_choices":[{"not_picked":["Evolve","Second Wind"],"picked":"Iron Wave","floor":1.0},{"not_picked":["Shrug It Off","Headbutt"],"picked":"Armaments","floor":4.0},{"not_picked":["Pommel Strike","Clothesline"],"picked":"Heavy Blade","floor":7.0},{"not_picked":["Iron Wave","Wild Strike"],"picked":"Rage","floor":8.0},{"not_picked":["Thunderclap","Burning Pact"],"picked":"Spot Weakness","floor":11.0},{"not_picked":["Sever Soul","Perfected Strike","Clash"],"picked":"SKIP","floor":12.0},{"not_picked":["Burning Pact","Wild Strike","Iron Wave"],"picked":"SKIP","floor":13.0},{"not_picked":["Sword Boomerang","Cleave"],"picked":"Seeing Red","floor":14.0},{"not_picked":["Brutality","Barricade"],"picked":"Exhume","floor":16.0},{"not_picked":["Thunderclap","Corruption"],"picked":"Armaments","floor":17.0},{"not_picked":["Body Slam","Clash"],"picked":"Anger+1","floor":18.0},{"not_picked":["Combust+1","Clothesline"],"picked":"Spot Weakness","floor":20.0},{"not_picked":["Pommel Strike+1","Impervious"],"picked":"Dual Wield","floor":22.0}],"player_experience":52717,"relics_obtained":[{"floor":9.0,"key":"Regal Pillow"},{"floor":10.0,"key":"Self Forming Clay"},{"floor":13.0,"key":"Gremlin Horn"}],"event_choices":[{"damage_healed":0.0,"max_hp_gain":0.0,"max_hp_loss":0.0,"gold_gain":0.0,"event_name":"Shining Light","player_choice":"Entered Light","floor":3.0,"gold_loss":0.0,"damage_taken":16.0,"cards_upgraded":["Strike_R","Cleave"]},{"damage_healed":0.0,"max_hp_gain":0.0,"max_hp_loss":0.0,"gold_gain":57.0,"event_name":"Golden Wing","player_choice":"Gained Gold","floor":5.0,"gold_loss":0.0,"damage_taken":0.0},{"damage_healed":0.0,"max_hp_gain":0.0,"max_hp_loss":0.0,"gold_gain":0.0,"event_name":"Match and Keep!","player_choice":"1 cards matched","floor":19.0,"gold_loss":0.0,"damage_taken":0.0,"cards_obtained":["Armaments"]},{"damage_healed":0.0,"max_hp_gain":0.0,"max_hp_loss":0.0,"gold_gain":0.0,"event_name":"Cursed Tome","player_choice":"Ignored","floor":21.0,"gold_loss":0.0,"damage_taken":0.0},{"damage_healed":0,"gold_gain":0,"player_choice":"Fight","damage_taken":0,"max_hp_gain":0,"max_hp_loss":0,"event_name":"Colosseum","floor":24,"gold_loss":0},{"damage_healed":0,"gold_gain":0,"player_choice":"Fled From Nobs","damage_taken":0,"max_hp_gain":0,"max_hp_loss":0,"event_name":"Colosseum","floor":24,"gold_loss":0}],"is_beta":false,"boss_relics":[{"not_picked":["White Beast Statue","Mark of Pain"],"picked":"Tiny House"}],"items_purged_floors":[],"is_endless":false,"potions_floor_spawned":[4,8,11,13,18,24],"killed_by":"Book of Stabbing","ascension_level":3}