{"gold_per_floor":[211,161,161,175,194,194,227,227,252,252,272,286,297,297,297,375,375,395,470,481,15,32,32,65,65,119,119,119,138,138,156,156,230,230,244,244,259,272,286,286,299,333,333,352,352,397,397,251,251,251],"floor_reached":51,"playtime":3073,"items_purged":["Strike_B"],"score":1171,"play_id":"fbe79726-52d0-4ded-97bc-03c9cb33d810","local_time":"20190514225057","is_ascension_mode":true,"campfire_choices":[{"data":"Genetic Algorithm","floor":6,"key":"SMITH"},{"floor":8,"key":"REST"},{"data":"Defragment","floor":10,"key":"SMITH"},{"floor":15,"key":"REST"},{"data":"Defragment","floor":23,"key":"SMITH"},{"data":"Dualcast","floor":25,"key":"SMITH"},{"data":"Self Repair","floor":28,"key":"SMITH"},{"data":"Creative AI","floor":30,"key":"SMITH"},{"floor":32,"key":"REST"},{"data":"Loop","floor":40,"key":"SMITH"},{"data":"Capacitor","floor":45,"key":"SMITH"},{"data":"Defragment","floor":49,"key":"SMITH"}],"neow_cost":"NONE","seed_source_timestamp":1533005316132458,"circlet_count":0,"master_deck":["AscendersBane","Strike_B","Strike_B","Defend_B+1","Defend_B","Defend_B+1","Zap+1","Dualcast+1","Genetic Algorithm+1","Defragment+1","Glacier","Defragment+1","Glacier","Capacitor+1","Creative AI+1","Ball Lightning","Self Repair+1","Ball Lightning","Loop+1","Core Surge","Sunder+1","Glacier","Ball Lightning+1","Conserve Battery+1","Electrodynamics","Self Repair+1","Barrage+1","Recycle+1","Defragment+1"],"special_seed":0,"relics":["Cracked Core","Regal Pillow","Bag of Preparation","Velvet Choker","Gremlin Horn","Medical Kit","Strawberry","Dream Catcher","Runic Pyramid","Letter Opener","Art of War","Bird Faced Urn"],"potions_floor_usage":[24,24],"damage_taken":[{"damage":2.0,"enemies":"Jaw Worm","floor":1.0,"turns":4.0},{"damage":5,"enemies":"2 Louse","floor":4,"turns":2},{"damage":0,"enemies":"Cultist","floor":5,"turns":3},{"damage":45,"enemies":"3 Sentries","floor":7,"turns":7},{"damage":9,"enemies":"Looter","floor":11,"turns":3},{"damage":0,"enemies":"Large Slime","floor":12,"turns":7},{"damage":5,"enemies":"Gremlin Gang","floor":13,"turns":7},{"damage":23,"enemies":"Slime Boss","floor":16,"turns":16},{"damage":0,"enemies":"Spheric Guardian","floor":18,"turns":8},{"damage":6,"enemies":"Chosen","floor":20,"turns":6},{"damage":0,"enemies":"Centurion and Healer","floor":22,"turns":13},{"damage":0,"enemies":"Slavers","floor":24,"turns":8},{"damage":8,"enemies":"Snake Plant","floor":29,"turns":4},{"damage":36,"enemies":"3 Cultists","floor":31,"turns":6},{"damage":8,"enemies":"Champ","floor":33,"turns":10},{"damage":6,"enemies":"3 Shapes","floor":35,"turns":4},{"damage":0,"enemies":"3 Darklings","floor":37,"turns":7},{"damage":6,"enemies":"Writhing Mass","floor":38,"turns":7},{"damage":0,"enemies":"4 Shapes","floor":39,"turns":7},{"damage":19,"enemies":"3 Darklings","floor":41,"turns":7},{"damage":26,"enemies":"Reptomancer","floor":42,"turns":7},{"damage":4,"enemies":"Jaw Worm Horde","floor":44,"turns":6},{"damage":12,"enemies":"2 Orb Walkers","floor":46,"turns":7},{"damage":54,"enemies":"Time Eater","floor":50,"turns":10}],"seed_played":"5663114797568611429","potions_obtained":[{"floor":7,"key":"SpeedPotion"},{"floor":11,"key":"SpeedPotion"},{"floor":16,"key":"Poison Potion"},{"floor":20,"key":"EssenceOfSteel"},{"floor":29,"key":"SpeedPotion"},{"floor":33,"key":"Fire Potion"},{"floor":35,"key":"FocusPotion"},{"floor":44,"key":"PowerPotion"}],"is_trial":false,"path_per_floor":["M","?","?","M","M","R","E","R","T","R","M","M","M","?","R","B",null,"M","?","M","$","M","R","E","R","T","?","R","M","R","M","R","B",null,"M","$","M","M","M","R","M","E","T","M","R","?","?","$","R","B",null],"character_chosen":"DEFECT","items_purchased":["Gremlin Horn","Medical Kit","Defragment"],"campfire_rested":3,"item_purchase_floors":[21,21,48],"current_hp_per_floor":[62,62,62,57,57,57,12,48,48,48,39,39,34,20,56,33,62,62,55,49,49,49,49,63,63,63,63,63,55,55,29,67,69,76,78,78,78,78,78,78,69,53,53,69,69,77,77,77,77,72],"gold":251,"neow_bonus":"HUNDRED_GOLD","is_prod":false,"is_daily":false,"chose_seed":false,"campfire_upgraded":9,"win_rate":0,"timestamp":1557845457,"path_taken":["M","?","?","M","M","R","E","R","T","R","M","?","M","?","R","BOSS","M","?","?","$","M","R","E","R","T","?","R","M","R","M","R","BOSS","M","$","M","?","M","R","M","E","T","M","R","?","?","$","R","BOSS"],"build_version":"2019-01-23","purchased_purges":1,"victory":true,"max_hp_per_floor":[71,71,71,71,71,71,71,71,71,71,71,71,71,71,71,71,71,71,71,71,71,71,71,78,78,78,78,78,78,78,78,78,78,78,78,78,78,78,78,78,78,78,78,78,78,78,78,78,78,78],"card_choices":[{"not_picked":["Stack","Redo"],"picked":"Genetic Algorithm","floor":1.0},{"not_picked":["Streamline","Redo"],"picked":"Defragment","floor":4},{"not_picked":["Redo","Ball Lightning"],"picked":"Glacier","floor":5},{"not_picked":["Streamline","Recycle"],"picked":"Cold Snap","floor":7},{"not_picked":["Fusion","Doom and Gloom"],"picked":"Defragment","floor":11},{"not_picked":["Conserve Battery","Go for the Eyes"],"picked":"Glacier","floor":12},{"not_picked":["Hologram","Conserve Battery"],"picked":"Capacitor","floor":13},{"not_picked":["Machine Learning","Hyperbeam"],"picked":"Creative AI","floor":16},{"not_picked":["Conserve Battery+1","Gash"],"picked":"Ball Lightning","floor":18},{"not_picked":["Turbo","Hologram","Streamline"],"picked":"SKIP","floor":20},{"not_picked":["Go for the Eyes","Static Discharge"],"picked":"Self Repair","floor":22},{"not_picked":["Turbo","Force Field"],"picked":"Ball Lightning","floor":24},{"not_picked":["Storm","Doom and Gloom"],"picked":"Loop","floor":29},{"not_picked":["Machine Learning","Go for the Eyes","Rebound"],"picked":"SKIP","floor":31},{"not_picked":["Creative AI","Rainbow"],"picked":"Core Surge","floor":33},{"not_picked":["Stack","Leap+1"],"picked":"Sunder+1","floor":35},{"not_picked":["Hologram","Cold Snap"],"picked":"Glacier","floor":37},{"not_picked":["Rebound+1","Force Field"],"picked":"Ball Lightning+1","floor":38},{"not_picked":["Capacitor","Hologram"],"picked":"Conserve Battery+1","floor":39},{"not_picked":["Streamline","Doom and Gloom"],"picked":"Electrodynamics","floor":41},{"not_picked":["Genetic Algorithm","Sunder"],"picked":"Self Repair+1","floor":42},{"not_picked":["Turbo","Steam"],"picked":"Barrage+1","floor":44},{"not_picked":["Leap","Undo"],"picked":"Recycle+1","floor":46}],"player_experience":533736,"relics_obtained":[{"floor":7,"key":"Regal Pillow"},{"floor":9,"key":"Bag of Preparation"},{"floor":24,"key":"Strawberry"},{"floor":26,"key":"Dream Catcher"},{"floor":42,"key":"Letter Opener"},{"floor":43,"key":"Art of War"},{"floor":46,"key":"Bird Faced Urn"}],"event_choices":[{"cards_removed":["Strike_B"],"damage_healed":0.0,"max_hp_gain":0.0,"max_hp_loss":0.0,"gold_gain":0.0,"event_name":"The Cleric","player_choice":"Card Removal","floor":2.0,"gold_loss":50.0,"damage_taken":0.0},{"cards_removed":["Defend_B"],"damage_healed":0.0,"max_hp_gain":0.0,"max_hp_loss":0.0,"gold_gain":0.0,"event_name":"Purifier","player_choice":"Purged","floor":3.0,"gold_loss":0.0,"damage_taken":0.0},{"damage_healed":0,"gold_gain":0,"player_choice":"Entered Light","damage_taken":14,"max_hp_gain":0,"max_hp_loss":0,"event_name":"Shining Light","floor":14,"gold_loss":0,"cards_upgraded":["Defend_B","Defend_B"]},{"damage_healed":0,"gold_gain":75,"player_choice":"Touch","damage_taken":7,"max_hp_gain":0,"max_hp_loss":0,"event_name":"FaceTrader","floor":19,"gold_loss":0},{"damage_healed":0,"gold_gain":0,"player_choice":"Upgraded","damage_taken":0,"max_hp_gain":0,"max_hp_loss":0,"event_name":"Upgrade Shrine","floor":27,"gold_loss":0,"cards_upgraded":["Zap"]},{"damage_healed":0,"gold_gain":0,"player_choice":"Fight","damage_taken":0,"max_hp_gain":0,"max_hp_loss":0,"event_name":"Mysterious Sphere","floor":46,"gold_loss":0},{"cards_removed":["Cold Snap"],"damage_healed":0,"gold_gain":0,"player_choice":"Removed Attack","damage_taken":0,"max_hp_gain":0,"max_hp_loss":0,"event_name":"Falling","floor":47,"gold_loss":0}],"is_beta":false,"boss_relics":[{"not_picked":["FrozenCore","Eternal Feather"],"picked":"Velvet Choker"},{"not_picked":["Inserter","Empty Cage"],"picked":"Runic Pyramid"}],"items_purged_floors":[48],"is_endless":false,"potions_floor_spawned":[7,11,13,16,20,29,33,35,41,44,46],"ascension_level":14}