{"gold_per_floor":[11,11,11,29,48,91,91,122,122,200,219,219],"floor_reached":12,"playtime":487,"items_purged":[],"score":101,"play_id":"fd9d40ec-7db7-4c74-b819-4f8ea1436cb8","local_time":"20181006225953","is_ascension_mode":true,"campfire_choices":[{"floor":7,"key":"REST"}],"neow_cost":"NO_GOLD","seed_source_timestamp":33761438290899,"circlet_count":0,"master_deck":["Strike_B","Strike_B","Strike_B","Strike_B","Defend_B","Defend_B","Defend_B","Defend_B","Zap","Dualcast","All For One","Beam Cell","Injury","Streamline","Ball Lightning","Double Energy","Self Repair"],"relics":["Cracked Core","Golden Idol","WingedGreaves","Mummified Hand","Bottled Lightning","Tiny Chest"],"potions_floor_usage":[6,12],"damage_taken":[{"damage":0,"enemies":"Cultist","floor":1,"turns":4},{"damage":0,"enemies":"Small Slimes","floor":4,"turns":3},{"damage":12,"enemies":"Jaw Worm","floor":5,"turns":2},{"damage":20,"enemies":"Gremlin Nob","floor":6,"turns":3},{"damage":35,"enemies":"Lagavulin","floor":8,"turns":4},{"damage":7,"enemies":"Exordium Wildlife","floor":11,"turns":3},{"damage":23,"enemies":"3 Louse","floor":12,"turns":1}],"seed_played":"6828342255556553735","potions_obtained":[{"floor":5,"key":"Fire Potion"},{"floor":11,"key":"SkillPotion"}],"is_trial":false,"path_per_floor":["M","?","$","M","M","E","R","E","T","T","M"],"character_chosen":"DEFECT","items_purchased":[],"campfire_rested":1,"item_purchase_floors":[],"current_hp_per_floor":[75,75,75,75,63,43,65,30,30,30,23,0],"gold":219,"neow_bonus":"THREE_RARE_CARDS","is_prod":false,"is_daily":false,"chose_seed":false,"campfire_upgraded":0,"win_rate":0,"timestamp":1538859593,"path_taken":["M","?","?","M","?","E","R","E","T","?","?","M"],"build_version":"2018-10-04v2","purchased_purges":0,"victory":false,"max_hp_per_floor":[75,75,75,75,75,75,75,75,75,75,75,75],"card_choices":[{"not_picked":["Core Surge","Buffer"],"picked":"All For One","floor":0},{"not_picked":["Barrage","Redo"],"picked":"Beam Cell","floor":1},{"not_picked":["Steam","Stack"],"picked":"Streamline","floor":4},{"not_picked":["Rebound","Steam"],"picked":"Ball Lightning","floor":5},{"not_picked":["Leap","Sweeping Beam"],"picked":"Double Energy","floor":6},{"not_picked":["Barrage","Darkness","Rebound"],"picked":"SKIP","floor":8},{"not_picked":["Thunder Strike","Go for the Eyes"],"picked":"Self Repair","floor":11}],"player_experience":569690,"relics_obtained":[{"floor":6,"key":"WingedGreaves"},{"floor":8,"key":"Mummified Hand"},{"floor":9,"key":"Bottled Lightning"},{"floor":10,"key":"Tiny Chest"}],"event_choices":[{"event_name":"Golden Idol","player_choice":"Take Wound","floor":2,"damage_taken":0}],"is_beta":false,"boss_relics":[],"items_purged_floors":[],"is_endless":false,"potions_floor_spawned":[5,11],"killed_by":"3 Louse","ascension_level":3}