{"gold_per_floor":[118,132,144,144,162,162,194,194,194,0,19,19,94,107,107,205,205,216,216,25,41,61,61,78,90,142,11,26,57,57],"floor_reached":30,"playtime":2327,"items_purged":[],"score":446,"play_id":"02a5663f-44c3-4aa1-bdc5-d289f0b74367","local_time":"20190428135824","is_ascension_mode":true,"campfire_choices":[{"floor":6,"key":"REST"},{"floor":8,"key":"REST"},{"floor":12,"key":"REST"},{"floor":15,"key":"REST"},{"floor":23,"key":"REST"}],"neow_cost":"NONE","seed_source_timestamp":15477855053653,"circlet_count":0,"master_deck":["AscendersBane","Defend_G","Defend_G","Defend_G","Defend_G","Defend_G","Strike_G","Strike_G","Strike_G","Strike_G","Survivor","Neutralize","Expertise","Noxious Fumes","Catalyst","Bane","Footwork","Terror","PiercingWail","Envenom","Backflip","Footwork","Deflect","Cloak And Dagger","Sucker Punch","Bouncing Flask","Footwork","Escape Plan","Backflip","Bane","Distraction","PiercingWail"],"relics":["Fusion Hammer","Nunchaku","Bottled Lightning","Membership Card","Runic Pyramid","Incense Burner","Dream Catcher","Molten Egg 2"],"potions_floor_usage":[16,16,18,22,24,25,29,30],"damage_taken":[{"damage":0,"enemies":"2 Louse","floor":1,"turns":3},{"damage":0,"enemies":"Small Slimes","floor":2,"turns":4},{"damage":6,"enemies":"Cultist","floor":3,"turns":4},{"damage":9,"enemies":"2 Fungi Beasts","floor":5,"turns":5},{"damage":39,"enemies":"Gremlin Nob","floor":7,"turns":6},{"damage":17,"enemies":"Lots of Slimes","floor":11,"turns":5},{"damage":4,"enemies":"Exordium Wildlife","floor":14,"turns":4},{"damage":52,"enemies":"Slime Boss","floor":16,"turns":11},{"damage":26,"enemies":"3 Byrds","floor":18,"turns":6},{"damage":14,"enemies":"Spheric Guardian","floor":21,"turns":8},{"damage":0,"enemies":"Snecko","floor":22,"turns":6},{"damage":15,"enemies":"Chosen and Byrds","floor":24,"turns":8},{"damage":11,"enemies":"Snake Plant","floor":25,"turns":6},{"damage":9,"enemies":"Centurion and Healer","floor":28,"turns":8},{"damage":0,"enemies":"Book of Stabbing","floor":29,"turns":8},{"damage":16,"enemies":"3 Cultists","floor":30,"turns":5}],"seed_played":"8923133051814776310","potions_obtained":[{"floor":1,"key":"Poison Potion"},{"floor":11,"key":"Block Potion"},{"floor":16,"key":"Regen Potion"},{"floor":18,"key":"GhostInAJar"},{"floor":21,"key":"Poison Potion"},{"floor":22,"key":"GamblersBrew"},{"floor":28,"key":"EssenceOfSteel"}],"is_trial":false,"path_per_floor":["M","M","M","?","M","R","E","R","T","$","M","R","?","M","R","B",null,"M","?","$","M","M","R","M","M","T","$","M","E","M"],"character_chosen":"THE_SILENT","items_purchased":["Membership Card","Footwork","Incense Burner","Footwork","Escape Plan","Backflip","Bane","Block Potion"],"campfire_rested":5,"item_purchase_floors":[10,20,20,27,27,27,27,27],"current_hp_per_floor":[63,63,57,50,41,62,23,44,44,44,27,48,41,37,58,6,54,43,43,43,29,29,50,35,24,24,24,15,15,0],"gold":57,"neow_bonus":"BOSS_RELIC","is_prod":false,"is_daily":false,"chose_seed":false,"campfire_upgraded":0,"win_rate":0,"timestamp":1556485104,"path_taken":["M","M","M","?","M","R","E","R","T","$","M","R","?","?","R","BOSS","M","?","$","M","M","R","M","?","T","$","M","E","M"],"build_version":"2019-01-23","purchased_purges":0,"victory":false,"max_hp_per_floor":[70,70,70,70,70,70,70,70,70,70,70,70,70,70,70,70,70,70,70,70,70,70,70,70,70,70,70,70,70,70],"card_choices":[{"not_picked":["Distraction","Prepared"],"picked":"Expertise","floor":1},{"not_picked":["Deadly Poison","Deflect"],"picked":"Noxious Fumes","floor":2},{"not_picked":["Masterful Stab","Dagger Throw"],"picked":"Catalyst","floor":3},{"not_picked":["Endless Agony","Deflect"],"picked":"Bane","floor":5},{"not_picked":["Deflect","Deadly Poison"],"picked":"Footwork","floor":7},{"not_picked":["Dodge and Roll","Sucker Punch"],"picked":"Terror","floor":11},{"not_picked":["Distraction","Skewer"],"picked":"PiercingWail","floor":14},{"not_picked":["Wraith Form v2","Die Die Die"],"picked":"Envenom","floor":16},{"not_picked":["Dagger Spray+1","Concentrate"],"picked":"Backflip","floor":18},{"not_picked":["Quick Slash","Slice"],"picked":"Deflect","floor":21},{"not_picked":["Prepared+1","Quick Slash+1"],"picked":"Cloak And Dagger","floor":22},{"not_picked":["Quick Slash","Skewer"],"picked":"Sucker Punch","floor":24},{"not_picked":["Deflect","Dodge and Roll"],"picked":"Bouncing Flask","floor":25},{"not_picked":["All Out Attack","Quick Slash"],"picked":"Distraction","floor":28},{"not_picked":["Unload","Tactician"],"picked":"PiercingWail","floor":29}],"player_experience":1492439,"relics_obtained":[{"floor":7,"key":"Nunchaku"},{"floor":9,"key":"Bottled Lightning"},{"floor":26,"key":"Dream Catcher"},{"floor":29,"key":"Molten Egg 2"}],"event_choices":[{"cards_removed":["Strike_G"],"damage_healed":0,"gold_gain":0,"player_choice":"Card Removal","damage_taken":7,"max_hp_gain":0,"max_hp_loss":0,"event_name":"Golden Wing","floor":4,"gold_loss":0},{"damage_healed":0,"gold_gain":75,"player_choice":"Touch","damage_taken":7,"max_hp_gain":0,"max_hp_loss":0,"event_name":"FaceTrader","floor":13,"gold_loss":0},{"damage_healed":0,"gold_gain":0,"player_choice":"Ignored","damage_taken":0,"max_hp_gain":0,"max_hp_loss":0,"event_name":"N\u0027loth","floor":19,"gold_loss":0}],"is_beta":false,"boss_relics":[{"not_picked":["White Beast Statue","Runic Dome"],"picked":"Runic Pyramid"}],"items_purged_floors":[],"is_endless":false,"potions_floor_spawned":[1,11,14,16,18,21,22,28],"killed_by":"3 Cultists","ascension_level":12}