{"gold_per_floor":[110,128,22,22,42,42,376,376,376,402,402,51,51,51,51,130,130,145,145,420,41,61,87,87],"floor_reached":24,"playtime":939,"items_purged":["Strike_G"],"score":441,"play_id":"3bdb324b-69df-4037-9cd0-fb44420b1b0f","local_time":"20190506202234","is_ascension_mode":true,"campfire_choices":[{"data":"Infinite Blades","floor":6,"key":"SMITH"},{"floor":8,"key":"REST"},{"floor":11,"key":"REST"},{"data":"Sadistic Nature","floor":13,"key":"SMITH"},{"data":"Catalyst","floor":15,"key":"SMITH"}],"neow_cost":"NONE","seed_source_timestamp":50488664338773,"circlet_count":0,"master_deck":["AscendersBane","Defend_G","Defend_G","Defend_G","Defend_G","Defend_G","Strike_G","Strike_G","Strike_G","Survivor","Neutralize","Deadly Poison","Infinite Blades+1","Deadly Poison","Footwork","Expertise","Crippling Poison","Catalyst+1","Sadistic Nature+1","Well Laid Plans","Corpse Explosion","Acrobatics","Noxious Fumes","Dark Shackles","Backflip+1","Deadly Poison+1"],"relics":["Ring of the Snake","NeowsBlessing","Old Coin","Question Card","Vajra","Omamori","Black Star","Mummified Hand","Dream Catcher","Darkstone Periapt"],"potions_floor_usage":[23],"damage_taken":[{"damage":0,"enemies":"Cultist","floor":1,"turns":1},{"damage":0,"enemies":"Jaw Worm","floor":2,"turns":1},{"damage":0,"enemies":"2 Louse","floor":5,"turns":1},{"damage":48,"enemies":"Gremlin Nob","floor":7,"turns":5},{"damage":15,"enemies":"Lagavulin","floor":10,"turns":7},{"damage":9,"enemies":"Hexaghost","floor":16,"turns":9},{"damage":3,"enemies":"Spheric Guardian","floor":18,"turns":3},{"damage":0,"enemies":"3 Byrds","floor":22,"turns":2},{"damage":37,"enemies":"Gremlin Leader","floor":23,"turns":5},{"damage":17,"enemies":"Snake Plant","floor":24,"turns":2}],"seed_played":"-7237769665301956930","potions_obtained":[{"floor":5,"key":"Strength Potion"},{"floor":7,"key":"SteroidPotion"},{"floor":10,"key":"Energy Potion"}],"is_trial":false,"path_per_floor":["M","M","$","?","M","R","E","R","T","E","R","$","R","T","R","B",null,"M","?","?","$","M","E","M"],"character_chosen":"THE_SILENT","items_purchased":["Deadly Poison","Footwork","Sadistic Nature","Well Laid Plans","Mummified Hand","Dark Shackles"],"campfire_rested":2,"item_purchase_floors":[3,3,12,12,21,21],"current_hp_per_floor":[59,59,59,52,52,52,4,23,23,8,27,27,27,27,27,18,54,51,51,51,51,51,14,0],"gold":87,"neow_bonus":"THREE_ENEMY_KILL","is_prod":false,"is_daily":false,"chose_seed":false,"campfire_upgraded":3,"win_rate":0,"timestamp":1557199354,"path_taken":["M","M","$","?","M","R","E","R","T","E","R","$","R","?","R","BOSS","M","?","?","$","M","E","M"],"build_version":"2019-01-23","purchased_purges":1,"victory":false,"max_hp_per_floor":[66,66,66,66,66,66,66,66,66,66,66,66,66,66,66,66,66,66,66,66,66,66,66,66],"card_choices":[{"not_picked":["Outmaneuver","Dodge and Roll"],"picked":"Deadly Poison","floor":1},{"not_picked":["Blade Dance","Sucker Punch"],"picked":"Infinite Blades","floor":2},{"not_picked":["Blade Dance","Choke"],"picked":"Expertise","floor":5},{"not_picked":["Cloak And Dagger","Dodge and Roll"],"picked":"Crippling Poison","floor":7},{"not_picked":["Slice","Acrobatics","Doppelganger"],"picked":"Catalyst","floor":10},{"not_picked":["Glass Knife","Wraith Form v2","Unload"],"picked":"Corpse Explosion","floor":16},{"not_picked":["Poisoned Stab","Deflect","Cloak And Dagger"],"picked":"Acrobatics","floor":18},{"not_picked":["Dodge and Roll","Escape Plan","Cloak And Dagger"],"picked":"Backflip+1","floor":22},{"not_picked":["Well Laid Plans","Dash","Footwork"],"picked":"Deadly Poison+1","floor":23}],"player_experience":1622251,"relics_obtained":[{"floor":7,"key":"Old Coin"},{"floor":9,"key":"Question Card"},{"floor":10,"key":"Vajra"},{"floor":14,"key":"Omamori"},{"floor":23,"key":"Dream Catcher"},{"floor":23,"key":"Darkstone Periapt"}],"event_choices":[{"cards_removed":["Strike_G"],"damage_healed":0,"gold_gain":0,"player_choice":"Card Removal","damage_taken":7,"max_hp_gain":0,"max_hp_loss":0,"event_name":"Golden Wing","floor":4,"gold_loss":0},{"damage_healed":0,"gold_gain":0,"player_choice":"Read","damage_taken":0,"max_hp_gain":0,"max_hp_loss":0,"event_name":"The Library","floor":19,"gold_loss":0,"cards_obtained":["Noxious Fumes"]},{"damage_healed":0,"gold_gain":275,"player_choice":"Desecrate","damage_taken":0,"max_hp_gain":0,"max_hp_loss":0,"event_name":"Golden Shrine","floor":20,"gold_loss":0,"cards_obtained":["Regret"]}],"is_beta":false,"boss_relics":[{"not_picked":["Astrolabe","WristBlade"],"picked":"Black Star"}],"items_purged_floors":[12],"is_endless":false,"potions_floor_spawned":[5,7,10,22],"killed_by":"Snake Plant","ascension_level":16}