{"gold_per_floor":[362,379,32,50,50,82,82,112,159,177,106,106,140,151,151,250,250,222,222,48,60,60,60,93,93,93,121,36,36,36,56,56,56],"floor_reached":33,"playtime":1574,"items_purged":[],"score":492,"play_id":"d48ac72d-72af-4c23-b0e6-17ca1b2bc7bd","local_time":"20190512223005","is_ascension_mode":true,"campfire_choices":[{"floor":7,"key":"REST"},{"floor":15,"key":"REST"},{"floor":23,"key":"REST"},{"floor":25,"key":"REST"},{"floor":30,"key":"REST"},{"floor":32,"key":"REST"}],"neow_cost":"PERCENT_DAMAGE","seed_source_timestamp":39148279789100,"circlet_count":0,"master_deck":["AscendersBane","Defend_G","Defend_G","Defend_G","Defend_G","Defend_G","Strike_G","Strike_G","Strike_G","Strike_G","Survivor","Neutralize","Noxious Fumes","Bane","Poisoned Stab","Deadly Poison","Poisoned Stab","Noxious Fumes","Dagger Throw","Venomology","Writhe","Injury","Apotheosis","Deadly Poison+1","Decay","Footwork","Corpse Explosion+1","Dagger Throw+1"],"relics":["Ring of the Snake","MealTicket","Blood Vial","Pear","Bag of Marbles","Strawberry","Regal Pillow","Calling Bell","Juzu Bracelet","Meat on the Bone","FossilizedHelix","Vajra","Toxic Egg 2","Bronze Scales","Frozen Egg 2"],"potions_floor_usage":[6,6,14,21,21,24,24,27,31,33,33],"damage_taken":[{"damage":2,"enemies":"2 Louse","floor":1,"turns":4},{"damage":0,"enemies":"Cultist","floor":2,"turns":5},{"damage":6,"enemies":"Jaw Worm","floor":4,"turns":6},{"damage":17,"enemies":"Gremlin Nob","floor":6,"turns":4},{"damage":20,"enemies":"3 Sentries","floor":8,"turns":8},{"damage":2,"enemies":"3 Louse","floor":10,"turns":4},{"damage":25,"enemies":"Lagavulin","floor":13,"turns":5},{"damage":10,"enemies":"Gremlin Gang","floor":14,"turns":4},{"damage":41,"enemies":"The Guardian","floor":16,"turns":9},{"damage":46,"enemies":"2 Thieves","floor":18,"turns":5},{"damage":25,"enemies":"3 Byrds","floor":21,"turns":7},{"damage":76,"enemies":"Book of Stabbing","floor":24,"turns":6},{"damage":53,"enemies":"Slavers","floor":27,"turns":6},{"damage":11,"enemies":"Snecko","floor":31,"turns":5},{"damage":97,"enemies":"Champ","floor":33,"turns":12}],"seed_played":"5665742289219793305","potions_obtained":[{"floor":2,"key":"PowerPotion"},{"floor":4,"key":"PowerPotion"},{"floor":13,"key":"Poison Potion"},{"floor":14,"key":"SneckoOil"},{"floor":21,"key":"SkillPotion"},{"floor":31,"key":"SpeedPotion"}],"is_trial":false,"path_per_floor":["M","M","$","M","$","E","R","E","T","M","$","?","E","M","R","B",null,"M","?","$","M","?","R","E","R","T","E","?","?","R","M","R","B"],"character_chosen":"THE_SILENT","items_purchased":["MealTicket","Blood Vial","Noxious Fumes","Apotheosis"],"campfire_rested":6,"item_purchase_floors":[3,3,11,20],"current_hp_per_floor":[43,43,43,39,54,49,73,55,62,62,77,77,54,46,87,46,77,45,45,60,49,49,87,32,73,73,34,34,17,59,50,92,0],"gold":56,"neow_bonus":"TWO_FIFTY_GOLD","is_prod":false,"is_daily":false,"chose_seed":false,"campfire_upgraded":0,"win_rate":0,"timestamp":1557693005,"path_taken":["M","M","$","M","$","E","R","E","T","M","$","?","E","?","R","BOSS","M","?","$","M","?","R","E","R","T","E","?","?","R","M","R","BOSS"],"build_version":"2019-01-23","purchased_purges":0,"victory":false,"max_hp_per_floor":[70,70,70,70,70,80,80,80,87,87,87,87,87,87,87,87,87,87,87,87,87,87,87,87,87,87,87,87,92,92,92,92,92],"card_choices":[{"not_picked":["Blade Dance","Backflip"],"picked":"Noxious Fumes","floor":1},{"not_picked":["Backstab","Bouncing Flask"],"picked":"Bane","floor":2},{"not_picked":["Sucker Punch","Slice"],"picked":"Poisoned Stab","floor":4},{"not_picked":["Acrobatics","Slice","Deflect"],"picked":"SKIP","floor":6},{"not_picked":["PiercingWail","A Thousand Cuts"],"picked":"Deadly Poison","floor":8},{"not_picked":["Concentrate","Blur"],"picked":"Poisoned Stab","floor":10},{"not_picked":["Backflip","Escape Plan"],"picked":"Dagger Throw","floor":13},{"not_picked":["Leg Sweep","Riddle With Holes","Backstab"],"picked":"SKIP","floor":14},{"not_picked":["Glass Knife","Unload"],"picked":"Venomology","floor":16},{"not_picked":["Outmaneuver+1","Sucker Punch","Poisoned Stab"],"picked":"SKIP","floor":18},{"not_picked":["Riddle With Holes","Dodge and Roll"],"picked":"Deadly Poison+1","floor":21},{"not_picked":["Bouncing Flask","Deflect"],"picked":"Footwork","floor":24},{"not_picked":["Adrenaline+1","All Out Attack+1"],"picked":"Corpse Explosion+1","floor":27},{"not_picked":["Dodge and Roll+1","Choke"],"picked":"Dagger Throw+1","floor":31}],"player_experience":1845393,"relics_obtained":[{"floor":6,"key":"Pear"},{"floor":8,"key":"Bag of Marbles"},{"floor":9,"key":"Strawberry"},{"floor":13,"key":"Regal Pillow"},{"floor":17,"key":"Juzu Bracelet"},{"floor":17,"key":"Meat on the Bone"},{"floor":17,"key":"FossilizedHelix"},{"floor":24,"key":"Vajra"},{"floor":26,"key":"Toxic Egg 2"},{"floor":27,"key":"Bronze Scales"}],"event_choices":[{"cards_removed":["Strike_G"],"damage_healed":0,"gold_gain":0,"player_choice":"Offered Basic","damage_taken":0,"max_hp_gain":0,"max_hp_loss":0,"event_name":"Bonfire Elementals","floor":12,"gold_loss":0},{"cards_removed":["Doubt"],"damage_healed":0,"gold_gain":0,"player_choice":"Elegance","damage_taken":0,"max_hp_gain":0,"max_hp_loss":0,"event_name":"Back to Basics","floor":19,"gold_loss":0},{"damage_healed":0,"gold_gain":0,"player_choice":"Cursed","damage_taken":0,"max_hp_gain":0,"max_hp_loss":0,"event_name":"Wheel of Change","floor":22,"gold_loss":0,"cards_obtained":["Decay"]},{"damage_healed":0,"gold_gain":0,"player_choice":"Obtained Relic","damage_taken":0,"relics_obtained":["Frozen Egg 2"],"max_hp_gain":0,"max_hp_loss":0,"event_name":"Addict","floor":28,"gold_loss":85},{"damage_healed":0,"gold_gain":0,"player_choice":"Shed Blood","damage_taken":22,"max_hp_gain":5,"max_hp_loss":0,"event_name":"Forgotten Altar","floor":29,"gold_loss":0}],"is_beta":false,"boss_relics":[{"not_picked":["Eternal Feather","Velvet Choker"],"picked":"Calling Bell"}],"items_purged_floors":[],"is_endless":false,"potions_floor_spawned":[2,4,13,14,21,31],"killed_by":"Champ","ascension_level":11}