{"gold_per_floor":[116,127,52,52,63,63,94,94,173,193,209,109,128,145,145,246,246,246,119,119,119,119,119,119,119,119,119],"floor_reached":27,"playtime":1386,"items_purged":["Pain","Strike_G"],"score":320,"play_id":"eca09fc3-22f3-4ac8-a323-d880e668483e","local_time":"20190504233817","is_ascension_mode":true,"campfire_choices":[{"data":"Skewer","floor":6,"key":"SMITH"},{"data":"Leg Sweep","floor":8,"key":"SMITH"},{"floor":15,"key":"REST"},{"data":"Envenom","floor":24,"key":"SMITH"}],"neow_cost":"NONE","seed_source_timestamp":51851942566000,"circlet_count":0,"master_deck":["Defend_G","Defend_G","Defend_G","Defend_G","Defend_G","Strike_G","Strike_G","Strike_G","Strike_G","Survivor","Neutralize","Flying Knee","Blade Dance","Skewer+1","Leg Sweep+1","Dagger Spray","Deadly Poison","Deadly Poison","PiercingWail","Noxious Fumes","Envenom+1","Crippling Poison","Backflip","Poisoned Stab+1","Backstab","PiercingWail+1","Deflect+1","Escape Plan"],"relics":["Ring of the Snake","NeowsBlessing","WarpedTongs","Happy Flower","Mummified Hand","Ectoplasm","WingedGreaves","Meat on the Bone","Art of War"],"potions_floor_usage":[16,20,20],"damage_taken":[{"damage":0,"enemies":"Cultist","floor":1,"turns":1},{"damage":0,"enemies":"2 Louse","floor":2,"turns":1},{"damage":0,"enemies":"Jaw Worm","floor":5,"turns":1},{"damage":37,"enemies":"3 Sentries","floor":7,"turns":7},{"damage":11,"enemies":"Blue Slaver","floor":10,"turns":3},{"damage":2,"enemies":"2 Fungi Beasts","floor":11,"turns":3},{"damage":5,"enemies":"3 Louse","floor":13,"turns":4},{"damage":0,"enemies":"Lots of Slimes","floor":14,"turns":3},{"damage":12,"enemies":"Slime Boss","floor":16,"turns":8},{"damage":22,"enemies":"Spheric Guardian","floor":18,"turns":4},{"damage":8,"enemies":"Colosseum Slavers","floor":20,"turns":5},{"damage":4,"enemies":"Colosseum Nobs","floor":20,"turns":5},{"damage":0,"enemies":"3 Byrds","floor":21,"turns":3},{"damage":10,"enemies":"Snecko","floor":22,"turns":5},{"damage":15,"enemies":"Book of Stabbing","floor":23,"turns":6},{"damage":13,"enemies":"Centurion and Healer","floor":25,"turns":7},{"damage":41,"enemies":"3 Cultists","floor":27,"turns":5}],"seed_played":"2101920923194418709","potions_obtained":[{"floor":5,"key":"GhostInAJar"},{"floor":7,"key":"AttackPotion"},{"floor":13,"key":"Dexterity Potion"},{"floor":14,"key":"PowerPotion"},{"floor":18,"key":"Ancient Potion"},{"floor":23,"key":"Poison Potion"}],"is_trial":false,"path_per_floor":["M","M","$","?","M","R","E","R","T","M","M","$","M","M","R","B",null,"M","$","?","M","M","E","R","M","T","M"],"character_chosen":"THE_SILENT","items_purchased":["Skewer","Deadly Poison","Backflip"],"campfire_rested":1,"item_purchase_floors":[3,12,19],"current_hp_per_floor":[63,63,63,63,63,63,26,26,26,15,13,13,8,8,29,17,57,35,35,23,35,37,34,34,33,33,0],"gold":119,"neow_bonus":"THREE_ENEMY_KILL","is_prod":false,"is_daily":false,"chose_seed":false,"campfire_upgraded":3,"win_rate":0,"timestamp":1557038297,"path_taken":["M","?","$","?","?","R","E","R","T","M","M","$","M","M","R","BOSS","M","$","?","M","M","E","R","M","T","M"],"build_version":"2019-01-23","purchased_purges":2,"victory":false,"max_hp_per_floor":[70,70,70,70,70,70,70,70,70,70,70,70,70,70,70,70,70,70,70,70,70,70,70,70,70,70,70],"card_choices":[{"not_picked":["Backflip","Caltrops"],"picked":"Flying Knee","floor":1},{"not_picked":["Bane","Acrobatics"],"picked":"Blade Dance","floor":2},{"not_picked":["Bane","Choke","Masterful Stab"],"picked":"SKIP","floor":5},{"not_picked":["Flying Knee","Bouncing Flask"],"picked":"Leg Sweep","floor":7},{"not_picked":["Cloak And Dagger","Masterful Stab"],"picked":"Dagger Spray","floor":10},{"not_picked":["Dagger Throw","Storm of Steel"],"picked":"Deadly Poison","floor":11},{"not_picked":["Flechettes","Masterful Stab"],"picked":"PiercingWail","floor":13},{"not_picked":["Dagger Spray","Flying Knee"],"picked":"Noxious Fumes","floor":14},{"not_picked":["A Thousand Cuts","Night Terror"],"picked":"Envenom","floor":16},{"not_picked":["Flying Knee","Masterful Stab"],"picked":"Crippling Poison","floor":18},{"not_picked":["Calculated Gamble","Flying Knee"],"picked":"Poisoned Stab+1","floor":20},{"not_picked":["Acrobatics","Leg Sweep"],"picked":"Backstab","floor":21},{"not_picked":["Escape Plan","Eviscerate+1"],"picked":"PiercingWail+1","floor":22},{"not_picked":["Underhanded Strike+1","Quick Slash"],"picked":"Deflect+1","floor":23},{"not_picked":["Deflect","PiercingWail"],"picked":"Escape Plan","floor":25}],"player_experience":430324,"relics_obtained":[{"floor":7,"key":"Happy Flower"},{"floor":9,"key":"Mummified Hand"},{"floor":20,"key":"WingedGreaves"},{"floor":20,"key":"Meat on the Bone"},{"floor":23,"key":"Art of War"}],"event_choices":[{"damage_healed":0,"gold_gain":0,"player_choice":"Rummage","damage_taken":0,"relics_obtained":["WarpedTongs"],"max_hp_gain":0,"max_hp_loss":0,"event_name":"Accursed Blacksmith","floor":4,"gold_loss":0,"cards_obtained":["Pain"]},{"damage_healed":0,"gold_gain":0,"player_choice":"Fight","damage_taken":0,"max_hp_gain":0,"max_hp_loss":0,"event_name":"Colosseum","floor":20,"gold_loss":0},{"damage_healed":0,"gold_gain":0,"player_choice":"Fought Nobs","damage_taken":0,"max_hp_gain":0,"max_hp_loss":0,"event_name":"Colosseum","floor":20,"gold_loss":0}],"is_beta":false,"boss_relics":[{"not_picked":["Empty Cage","Philosopher\u0027s Stone"],"picked":"Ectoplasm"}],"items_purged_floors":[12,19],"is_endless":false,"potions_floor_spawned":[5,7,13,14,18,23],"killed_by":"3 Cultists","ascension_level":7}