{"gold_per_floor":[119,133,151,24,42,76,76,96,96,123,150,150,150,176,176,273,273,284,284,284,284,284,284,296,306,330,330,61,61,61,71,71,71],"floor_reached":33,"playtime":2659,"items_purged":["Strike_R"],"score":276,"play_id":"084bc610-0d42-412f-9728-7478fb03c838","local_time":"20190511125454","is_ascension_mode":true,"campfire_choices":[{"data":"True Grit","floor":7,"key":"SMITH"},{"floor":13,"key":"REST"},{"data":"Flame Barrier","floor":15,"key":"SMITH"},{"data":"Uppercut","floor":23,"key":"SMITH"},{"data":"Double Tap","floor":27,"key":"SMITH"},{"data":"Disarm","floor":29,"key":"SMITH"},{"data":"Armaments","floor":32,"key":"SMITH"}],"neow_cost":"NONE","seed_source_timestamp":817001162640000,"circlet_count":0,"master_deck":["Strike_R","Strike_R","Defend_R","Defend_R","Defend_R","Defend_R","Bash","Clothesline","Uppercut+1","Flame Barrier+1","Flex","True Grit+1","Headbutt","Wild Strike","Shockwave","Whirlwind","Double Tap+1","Sword Boomerang+1","Sword Boomerang","Offering","RitualDagger","Disarm+1","Armaments+1"],"relics":["Burning Blood","Blue Candle","Question Card","Odd Mushroom","Art of War","Self Forming Clay","Sozu","Red Skull","Medical Kit"],"potions_floor_usage":[6,6,11,16,33,33],"damage_taken":[{"damage":1,"enemies":"2 Louse","floor":1,"turns":3},{"damage":4,"enemies":"Small Slimes","floor":2,"turns":4},{"damage":6,"enemies":"Jaw Worm","floor":3,"turns":4},{"damage":6,"enemies":"Looter","floor":5,"turns":4},{"damage":9,"enemies":"Gremlin Nob","floor":6,"turns":3},{"damage":6,"enemies":"3 Louse","floor":8,"turns":4},{"damage":26,"enemies":"The Mushroom Lair","floor":10,"turns":5},{"damage":26,"enemies":"Lagavulin","floor":11,"turns":6},{"damage":9,"enemies":"Gremlin Nob","floor":14,"turns":4},{"damage":32,"enemies":"The Guardian","floor":16,"turns":12},{"damage":1,"enemies":"Chosen","floor":18,"turns":5},{"damage":10,"enemies":"Colosseum Slavers","floor":20,"turns":5},{"damage":11,"enemies":"Shell Parasite","floor":24,"turns":4},{"damage":9,"enemies":"Snake Plant","floor":25,"turns":4},{"damage":4,"enemies":"Chosen and Byrds","floor":31,"turns":6},{"damage":69,"enemies":"Automaton","floor":33,"turns":10}],"seed_played":"539946506221158758","potions_obtained":[{"floor":0,"key":"PowerPotion"},{"floor":0,"key":"Strength Potion"},{"floor":0,"key":"EssenceOfSteel"},{"floor":3,"key":"Strength Potion"},{"floor":5,"key":"FearPotion"},{"floor":6,"key":"EssenceOfSteel"},{"floor":8,"key":"Energy Potion"},{"floor":11,"key":"Swift Potion"},{"floor":14,"key":"LiquidBronze"}],"is_trial":false,"path_per_floor":["M","M","M","$","M","E","R","M","T","?","E","?","R","E","R","B",null,"M","?","?","?","?","R","M","M","T","R","$","R","?","M","R","B"],"character_chosen":"IRONCLAD","items_purchased":["Flame Barrier","Flex","Medical Kit"],"campfire_rested":1,"item_purchase_floors":[4,4,28],"current_hp_per_floor":[80,80,80,80,80,77,77,77,77,57,37,37,61,58,58,32,80,80,80,76,76,70,70,65,62,62,62,62,62,62,64,64,0],"gold":71,"neow_bonus":"THREE_SMALL_POTIONS","is_prod":false,"is_daily":false,"chose_seed":false,"campfire_upgraded":6,"win_rate":0,"timestamp":1557593694,"path_taken":["M","M","M","$","M","E","R","M","T","?","E","?","R","E","R","BOSS","M","?","?","?","?","R","M","M","T","R","$","R","?","?","R","BOSS"],"build_version":"2019-01-23","purchased_purges":1,"victory":false,"max_hp_per_floor":[80,80,80,80,80,80,80,80,80,80,80,80,80,80,80,80,80,80,80,80,80,80,80,80,80,80,80,80,80,80,80,80,80],"card_choices":[{"not_picked":["Thunderclap","Fire Breathing"],"picked":"Clothesline","floor":1},{"not_picked":["Flex","Clash","Rupture"],"picked":"SKIP","floor":2},{"not_picked":["Searing Blow","Twin Strike"],"picked":"Uppercut","floor":3},{"not_picked":["Carnage","Clothesline","Fire Breathing"],"picked":"SKIP","floor":5},{"not_picked":["Offering","Flex"],"picked":"True Grit","floor":6},{"not_picked":["Metallicize","True Grit"],"picked":"Headbutt","floor":8},{"not_picked":["Cleave","Perfected Strike","True Grit"],"picked":"Wild Strike","floor":10},{"not_picked":["Body Slam","Flame Barrier","Clash"],"picked":"Shockwave","floor":11},{"not_picked":["True Grit","Barricade","Anger"],"picked":"Whirlwind","floor":14},{"not_picked":["Berserk","Dark Embrace","Barricade"],"picked":"Double Tap","floor":16},{"not_picked":["Wild Strike","Cleave","Infernal Blade"],"picked":"Sword Boomerang+1","floor":18},{"not_picked":["Intimidate","Sword Boomerang","Thunderclap"],"picked":"Disarm","floor":24},{"not_picked":["Carnage","Infernal Blade","Burning Pact","Cleave"],"picked":"SKIP","floor":25},{"not_picked":["Anger","Infernal Blade+1","Hemokinesis"],"picked":"Armaments","floor":31}],"player_experience":194770,"relics_obtained":[{"floor":6,"key":"Blue Candle"},{"floor":9,"key":"Question Card"},{"floor":10,"key":"Odd Mushroom"},{"floor":11,"key":"Art of War"},{"floor":14,"key":"Self Forming Clay"},{"floor":26,"key":"Red Skull"}],"event_choices":[{"damage_healed":0,"gold_gain":0,"player_choice":"Fought Mushrooms","damage_taken":0,"max_hp_gain":0,"max_hp_loss":0,"event_name":"Mushrooms","floor":10,"gold_loss":0},{"damage_healed":0,"gold_gain":0,"player_choice":"Ignored","damage_taken":0,"max_hp_gain":0,"max_hp_loss":0,"event_name":"Golden Idol","floor":12,"gold_loss":0},{"damage_healed":0,"gold_gain":0,"cards_transformed":["Strike_R","Strike_R"],"player_choice":"Became Test Subject","damage_taken":0,"max_hp_gain":0,"max_hp_loss":0,"event_name":"Drug Dealer","floor":19,"gold_loss":0,"cards_obtained":["Sword Boomerang","Offering"]},{"damage_healed":0,"gold_gain":0,"player_choice":"Fight","damage_taken":0,"max_hp_gain":0,"max_hp_loss":0,"event_name":"Colosseum","floor":20,"gold_loss":0},{"damage_healed":0,"gold_gain":0,"player_choice":"Fled From Nobs","damage_taken":0,"max_hp_gain":0,"max_hp_loss":0,"event_name":"Colosseum","floor":20,"gold_loss":0},{"damage_healed":0,"gold_gain":0,"player_choice":"Ignored","damage_taken":0,"max_hp_gain":0,"max_hp_loss":0,"event_name":"Ghosts","floor":21,"gold_loss":0},{"damage_healed":0,"gold_gain":0,"player_choice":"Joined the Cult","damage_taken":6,"max_hp_gain":0,"max_hp_loss":0,"event_name":"Nest","floor":22,"gold_loss":0,"cards_obtained":["RitualDagger"]},{"damage_healed":0,"gold_gain":0,"player_choice":"0 cards matched","damage_taken":0,"max_hp_gain":0,"max_hp_loss":0,"event_name":"Match and Keep!","floor":30,"gold_loss":0,"cards_obtained":[]}],"is_beta":false,"boss_relics":[{"not_picked":["Fusion Hammer","Black Star"],"picked":"Sozu"}],"items_purged_floors":[28],"is_endless":false,"potions_floor_spawned":[3,5,6,8,11,14,18,24],"killed_by":"Automaton","ascension_level":1}