{"gold_per_floor":[99,99,99,99,99,99,99,99,99,99,99,99,99,99,99,99,99,54,54,54,54,54,54,54,54,54,54,54,54,54,2,2,2,2,2,2,2,2,0,0,0,0,0,0,0,0,0,0,0,0],"floor_reached":51,"playtime":3159,"items_purged":[],"score":898,"play_id":"1f429238-b4aa-4a2f-9ff9-8c8419408092","local_time":"20190417105902","is_ascension_mode":true,"campfire_choices":[{"data":"Go for the Eyes","floor":8,"key":"SMITH"},{"floor":13,"key":"REST"},{"data":"Conserve Battery","floor":15,"key":"SMITH"},{"data":"Buffer","floor":24,"key":"SMITH"},{"data":"Loop","floor":28,"key":"SMITH"},{"data":"Steam","floor":32,"key":"SMITH"},{"data":"Loop","floor":41,"key":"SMITH"},{"data":"Hologram","floor":44,"key":"SMITH"},{"data":"Echo Form","floor":46,"key":"SMITH"},{"data":"Buffer","floor":49,"key":"SMITH"}],"neow_cost":"NONE","seed_source_timestamp":524283532636000,"circlet_count":0,"master_deck":["Strike_B+1","Strike_B","Strike_B+1","Strike_B","Defend_B","Defend_B","Defend_B","Defend_B","Zap+1","Dualcast","Streamline","Doom and Gloom","Go for the Eyes+1","Ball Lightning","Cold Snap","Coolheaded","Loop+1","Genetic Algorithm","Conserve Battery+1","Buffer+1","FTL","Loop+1","Sunder","FTL","Leap+1","Coolheaded","RitualDagger","Steam+1","Echo Form+1","Glacier+1","Hologram+1","Stack","Buffer+1"],"relics":["Ectoplasm","Gremlin Horn","Dead Branch","Pocketwatch","Coffee Dripper","StoneCalendar","Meat on the Bone","Happy Flower","Eternal Feather","Red Mask","Omamori","Bottled Flame","Prayer Wheel"],"potions_floor_usage":[10,23,23,25,30,50,50,50],"damage_taken":[{"damage":4,"enemies":"Small Slimes","floor":1,"turns":4},{"damage":0,"enemies":"Cultist","floor":3,"turns":3},{"damage":0,"enemies":"2 Louse","floor":4,"turns":1},{"damage":1,"enemies":"2 Fungi Beasts","floor":5,"turns":2},{"damage":15,"enemies":"Lagavulin","floor":6,"turns":7},{"damage":0,"enemies":"Gremlin Gang","floor":7,"turns":2},{"damage":22,"enemies":"Gremlin Nob","floor":10,"turns":4},{"damage":0,"enemies":"Exordium Wildlife","floor":11,"turns":1},{"damage":11,"enemies":"Red Slaver","floor":14,"turns":4},{"damage":6,"enemies":"Hexaghost","floor":16,"turns":7},{"damage":10,"enemies":"2 Thieves","floor":18,"turns":3},{"damage":4,"enemies":"3 Byrds","floor":20,"turns":5},{"damage":0,"enemies":"3 Cultists","floor":21,"turns":4},{"damage":17,"enemies":"Snake Plant","floor":22,"turns":4},{"damage":31,"enemies":"Slavers","floor":23,"turns":6},{"damage":2,"enemies":"Centurion and Healer","floor":25,"turns":7},{"damage":0,"enemies":"Cultist and Chosen","floor":27,"turns":6},{"damage":6,"enemies":"Gremlin Leader","floor":30,"turns":5},{"damage":0,"enemies":"Automaton","floor":33,"turns":10},{"damage":9,"enemies":"3 Darklings","floor":35,"turns":6},{"damage":5,"enemies":"3 Shapes","floor":36,"turns":6},{"damage":24,"enemies":"Giant Head","floor":40,"turns":11},{"damage":13,"enemies":"3 Darklings","floor":42,"turns":5},{"damage":0,"enemies":"Transient","floor":45,"turns":5},{"damage":21,"enemies":"Nemesis","floor":47,"turns":7},{"damage":17,"enemies":"Donu and Deca","floor":50,"turns":14}],"seed_played":"-8024437717460414381","potions_obtained":[{"floor":3,"key":"Weak Potion"},{"floor":4,"key":"SkillPotion"},{"floor":6,"key":"SkillPotion"},{"floor":14,"key":"SkillPotion"},{"floor":23,"key":"Block Potion"},{"floor":25,"key":"FearPotion"},{"floor":30,"key":"Explosive Potion"},{"floor":33,"key":"Dexterity Potion"},{"floor":36,"key":"SpeedPotion"},{"floor":45,"key":"LiquidBronze"}],"is_trial":false,"path_per_floor":["M","?","M","M","M","E","M","R","T","E","M","?","R","M","R","B",null,"M","?","M","M","M","E","R","M","T","M","R","?","E","$","R","B",null,"M","M","$","?","?","E","R","M","T","R","M","R","E","?","R","B",null],"character_chosen":"DEFECT","items_purchased":["Steam"],"campfire_rested":1,"item_purchase_floors":[31],"current_hp_per_floor":[71,71,71,71,70,55,55,55,55,33,33,18,40,29,29,23,75,65,65,61,61,44,13,13,11,11,23,23,17,23,23,23,35,75,66,61,61,61,61,49,67,54,54,72,72,75,54,54,71,54],"gold":0,"neow_bonus":"BOSS_RELIC","is_prod":false,"is_daily":false,"chose_seed":false,"campfire_upgraded":9,"win_rate":0,"timestamp":1555523942,"path_taken":["M","?","M","M","M","E","?","R","T","E","M","?","R","M","R","BOSS","M","?","M","M","M","E","R","?","T","M","R","?","E","?","R","BOSS","M","M","$","?","?","E","R","?","T","R","M","R","E","?","R","BOSS"],"build_version":"2019-01-23","purchased_purges":0,"victory":true,"max_hp_per_floor":[75,75,75,75,75,75,75,75,75,75,75,75,75,75,75,75,75,75,75,75,75,75,75,75,75,75,75,75,75,75,75,75,75,75,75,75,75,75,75,75,75,75,75,75,75,75,75,71,71,71],"card_choices":[{"not_picked":["Coolheaded","Aggregate"],"picked":"Streamline","floor":1},{"not_picked":["Chaos","Turbo"],"picked":"Doom and Gloom","floor":3},{"not_picked":["Cold Snap","Tempest"],"picked":"Go for the Eyes","floor":4},{"not_picked":["Go for the Eyes","Cold Snap"],"picked":"Ball Lightning","floor":5},{"not_picked":["Doom and Gloom","Turbo"],"picked":"Cold Snap","floor":6},{"not_picked":["Machine Learning","Hologram"],"picked":"Coolheaded","floor":7},{"not_picked":["Chill","Steam"],"picked":"Loop","floor":10},{"not_picked":["Redo","Rebound"],"picked":"Genetic Algorithm","floor":11},{"not_picked":["Barrage","Chaos"],"picked":"Conserve Battery","floor":14},{"not_picked":["Rainbow","Machine Learning"],"picked":"Buffer","floor":16},{"not_picked":["Recycle+1","Capacitor"],"picked":"FTL","floor":18},{"not_picked":["Gash","Hologram"],"picked":"Sunder","floor":20},{"not_picked":["Skim","Capacitor"],"picked":"FTL","floor":21},{"not_picked":["Ball Lightning","Turbo+1","Compile Driver"],"picked":"SKIP","floor":22},{"not_picked":["Turbo","Loop"],"picked":"Leap+1","floor":23},{"not_picked":["Gash+1","Leap+1"],"picked":"Coolheaded","floor":25},{"not_picked":["Streamline+1","Storm"],"picked":"Static Discharge+1","floor":27},{"not_picked":["Ball Lightning","Compile Driver","Genetic Algorithm"],"picked":"SKIP","floor":30},{"not_picked":["Rainbow","Core Surge"],"picked":"Echo Form","floor":33},{"not_picked":["Coolheaded+1","Gash","Barrage+1"],"picked":"SKIP","floor":35},{"not_picked":["Gash+1","Barrage","Rebound+1"],"picked":"SKIP","floor":36},{"not_picked":["Double Energy","Seek"],"picked":"Glacier+1","floor":40},{"not_picked":["Sweeping Beam+1","Ball Lightning+1"],"picked":"Hologram","floor":42},{"not_picked":["Beam Cell","Cold Snap"],"picked":"Stack","floor":45},{"not_picked":["Double Energy+1","Beam Cell+1"],"picked":"Buffer","floor":47}],"player_experience":311044,"relics_obtained":[{"floor":6,"key":"Gremlin Horn"},{"floor":9,"key":"Dead Branch"},{"floor":10,"key":"Pocketwatch"},{"floor":23,"key":"StoneCalendar"},{"floor":26,"key":"Meat on the Bone"},{"floor":30,"key":"Happy Flower"},{"floor":40,"key":"Omamori"},{"floor":43,"key":"Bottled Flame"},{"floor":47,"key":"Prayer Wheel"}],"event_choices":[{"damage_healed":0,"gold_gain":0,"player_choice":"Upgraded","damage_taken":0,"max_hp_gain":0,"max_hp_loss":0,"event_name":"Upgrade Shrine","floor":2,"gold_loss":0,"cards_upgraded":["Zap"]},{"damage_healed":0,"gold_gain":0,"player_choice":"Entered Light","damage_taken":15,"max_hp_gain":0,"max_hp_loss":0,"event_name":"Shining Light","floor":12,"gold_loss":0,"cards_upgraded":["Strike_B","Strike_B"]},{"damage_healed":0,"gold_gain":0,"player_choice":"1 cards matched","damage_taken":0,"max_hp_gain":0,"max_hp_loss":0,"event_name":"Match and Keep!","floor":19,"gold_loss":0,"cards_obtained":["Loop"]},{"damage_healed":0,"gold_gain":0,"player_choice":"Joined the Cult","damage_taken":6,"max_hp_gain":0,"max_hp_loss":0,"event_name":"Nest","floor":29,"gold_loss":0,"cards_obtained":["RitualDagger"]},{"cards_removed":["Static Discharge"],"damage_healed":0,"gold_gain":0,"player_choice":"Removed Power","damage_taken":0,"max_hp_gain":0,"max_hp_loss":0,"event_name":"Falling","floor":38,"gold_loss":0},{"damage_healed":0,"gold_gain":0,"player_choice":"Paid","damage_taken":0,"relics_obtained":["Red Mask"],"max_hp_gain":0,"max_hp_loss":0,"event_name":"Tomb of Lord Red Mask","floor":39,"gold_loss":2},{"damage_healed":0,"gold_gain":0,"player_choice":"Max HP","damage_taken":0,"max_hp_gain":0,"max_hp_loss":4,"event_name":"Winding Halls","floor":48,"gold_loss":0}],"is_beta":false,"boss_relics":[{"not_picked":["Runic Dome","Busted Crown"],"picked":"Coffee Dripper"},{"not_picked":["Nuclear Battery","Empty Cage"],"picked":"Eternal Feather"}],"items_purged_floors":[],"is_endless":false,"potions_floor_spawned":[3,4,6,14,16,23,25,30,33,36,45,47],"ascension_level":3}