{"path_per_floor":["M","?","T","M","M","R","?","R","T","M","M","M","R","M","R","B",null,"M","$","?","?","M","R","M","M","T","R","?","?","R","?","R"],"character_chosen":"THE_SILENT","items_purchased":["Footwork"],"gold_per_floor":[114,114,164,179,194,194,208,208,258,273,288,303,303,318,318,418,418,433,287,287,212,227,227,242,257,282,282,282,282,282,205,205,205],"floor_reached":33,"campfire_rested":1,"playtime":1589,"current_hp_per_floor":[70,70,70,70,70,70,62,62,62,64,66,68,68,70,70,8,70,52,52,70,70,70,70,34,21,21,65,65,45,45,45,45,0],"items_purged":["Wraith Form v2"],"gold":205,"score":312,"play_id":"4e6f8e44-54b9-4628-b89d-fc906e284e74","local_time":"20180421190929","daily_mods":["Insanity","Binary","Night Terrors"],"is_prod":false,"is_daily":true,"chose_seed":false,"is_ascension_mode":false,"campfire_upgraded":7,"timestamp":1524362969,"path_taken":["M","?","?","?","M","R","?","R","T","M","M","?","R","M","R","BOSS","M","$","?","?","?","R","M","M","T","R","?","?","R","?","R","BOSS"],"build_version":"2018-04-19","seed_source_timestamp":0,"purchased_purges":1,"victory":false,"master_deck":["Flechettes","Tactician","Caltrops","Calculated Gamble","Envenom","Defend_G","Concentrate","Endless Agony","Venomology","Underhanded Strike","Prepared","Blade Dance","Unload","After Image","Skewer","Slice","Expertise","Catalyst","Prepared","Tools of the Trade","Caltrops","Flechettes","Leg Sweep","Backstab+1","Defend_G","Predator+1","Reflex","Dodge and Roll","Slice","Riddle With Holes+1","Backstab+1","Calculated Gamble","Unload","Riddle With Holes","Terror","Deflect","Riddle With Holes","Escape Plan","Corpse Explosion","Poisoned Stab","Expertise","Dagger Throw","Backflip+1","Dash+1","Deadly Poison","Adrenaline","Heel Hook","Choke","Cloak And Dagger","Well Laid Plans","Backstab+1","Sucker Punch+1","Footwork+1","PiercingWail+1","Writhe","Bite","Bite","Bite","Bite","Bite","J.A.X."],"max_hp_per_floor":[70,70,70,70,70,70,70,70,70,70,70,70,70,70,70,70,70,70,70,70,70,70,70,70,70,70,65,65,45,45,45,45,45],"relics":["Ring of the Snake","Blood Vial","Odd Mushroom","Ancient Tea Set","Velvet Choker","Vajra","Oddly Smooth Stone"],"card_choices":[{"not_picked":["Deadly Poison"],"picked":"Cloak And Dagger","floor":1},{"not_picked":["Dagger Throw"],"picked":"Well Laid Plans","floor":5},{"not_picked":["Phantasmal Killer"],"picked":"Backstab","floor":11},{"not_picked":["Reflex"],"picked":"Sucker Punch","floor":18},{"not_picked":["Prepared"],"picked":"PiercingWail","floor":25}],"player_experience":214093,"potions_floor_usage":[25,25,33,33],"damage_taken":[{"damage":0,"enemies":"Jaw Worm","floor":1,"turns":2},{"damage":0,"enemies":"Cultist","floor":4,"turns":2},{"damage":0,"enemies":"Small Slimes","floor":5,"turns":2},{"damage":8,"enemies":"The Mushroom Lair","floor":7,"turns":3},{"damage":0,"enemies":"Blue Slaver","floor":10,"turns":1},{"damage":0,"enemies":"Exordium Wildlife","floor":11,"turns":2},{"damage":0,"enemies":"3 Louse","floor":12,"turns":2},{"damage":0,"enemies":"Large Slime","floor":14,"turns":2},{"damage":62,"enemies":"Slime Boss","floor":16,"turns":10},{"damage":18,"enemies":"Shell Parasite","floor":18,"turns":3},{"damage":0,"enemies":"Chosen","floor":22,"turns":3},{"damage":36,"enemies":"Centurion and Healer","floor":24,"turns":5},{"damage":24,"enemies":"Slaver and Parasite","floor":25,"turns":6},{"damage":80,"enemies":"Automaton","floor":33,"turns":6}],"event_choices":[{"event_name":"Living Wall","player_choice":"Grow","floor":2,"damage_taken":0},{"event_name":"Mushrooms","player_choice":"Fought Mushrooms","floor":7,"damage_taken":0},{"event_name":"The Library","player_choice":"Heal","floor":20,"damage_taken":0},{"event_name":"Beggar","player_choice":"Gave Gold","floor":21,"damage_taken":0},{"event_name":"The Mausoleum","player_choice":"Yes","floor":28,"damage_taken":0},{"event_name":"Vampires","player_choice":"Became a vampire","floor":29,"damage_taken":0},{"event_name":"Drug Dealer","player_choice":"Got JAXXED","floor":31,"damage_taken":0}],"boss_relics":[{"not_picked":["Runic Dome","Astrolabe"],"picked":"Velvet Choker"}],"potions_floor_spawned":[4,5,11,16,24,25],"seed_played":"2287316117940418271","killed_by":"Automaton","ascension_level":0,"is_trial":false}