{"gold_per_floor":[10,29,48,48,61,61,89,104,104,138,138,0,0,13,13,87,87,100,112,86,0,0,0,0,17,17,50,50,66,66,86,86,163,163,183,183,103,103,117,117],"floor_reached":40,"playtime":1578,"items_purged":[],"score":707,"play_id":"b0f75ede-56f6-4468-8569-5b36f9c2e928","local_time":"20190503141753","is_ascension_mode":true,"campfire_choices":[{"data":"Headbutt","floor":6,"key":"SMITH"},{"floor":11,"key":"REST"},{"data":"Disarm","floor":15,"key":"SMITH"},{"data":"Rampage","floor":23,"key":"SMITH"},{"floor":30,"key":"REST"},{"data":"Double Tap","floor":32,"key":"SMITH"}],"neow_cost":"NO_GOLD","seed_source_timestamp":1357934245956400,"circlet_count":0,"master_deck":["AscendersBane","Bash","Headbutt+1","True Grit","Rampage+1","Disarm","Disarm+1","Double Tap+1","Shrug It Off","Double Tap","Seeing Red","Cleave","Uppercut","Limit Break","Rage","Corruption","Fire Breathing","Body Slam","Perfected Strike","Flame Barrier","Inflame","Anger","Panacea","Evolve"],"relics":["Burning Blood","Smiling Mask","Bird Faced Urn","Ornamental Fan","Mercury Hourglass","Busted Crown","Matryoshka","Incense Burner","Pandora\u0027s Box"],"potions_floor_usage":[7,10,16,16,19,33,40,40],"damage_taken":[{"damage":10,"enemies":"Cultist","floor":1,"turns":5},{"damage":6,"enemies":"Small Slimes","floor":2,"turns":6},{"damage":7,"enemies":"Jaw Worm","floor":3,"turns":3},{"damage":7,"enemies":"2 Fungi Beasts","floor":5,"turns":4},{"damage":8,"enemies":"Gremlin Nob","floor":7,"turns":3},{"damage":9,"enemies":"Large Slime","floor":8,"turns":8},{"damage":32,"enemies":"Lagavulin","floor":10,"turns":8},{"damage":20,"enemies":"Exordium Thugs","floor":14,"turns":6},{"damage":11,"enemies":"The Guardian","floor":16,"turns":9},{"damage":13,"enemies":"Spheric Guardian","floor":18,"turns":4},{"damage":10,"enemies":"Shell Parasite","floor":19,"turns":5},{"damage":3,"enemies":"Cultist and Chosen","floor":25,"turns":6},{"damage":47,"enemies":"Slavers","floor":27,"turns":7},{"damage":10,"enemies":"Snake Plant","floor":29,"turns":5},{"damage":16,"enemies":"3 Cultists","floor":31,"turns":5},{"damage":38,"enemies":"Champ","floor":33,"turns":10},{"damage":31,"enemies":"3 Shapes","floor":35,"turns":6},{"damage":18,"enemies":"Orb Walker","floor":39,"turns":3},{"damage":62,"enemies":"Reptomancer","floor":40,"turns":3}],"seed_played":"4210504684908944310","potions_obtained":[{"floor":2,"key":"PowerPotion"},{"floor":3,"key":"SpeedPotion"},{"floor":7,"key":"GamblersBrew"},{"floor":10,"key":"LiquidBronze"},{"floor":18,"key":"FearPotion"},{"floor":27,"key":"Fire Potion"},{"floor":33,"key":"Fire Potion"},{"floor":39,"key":"Explosive Potion"}],"is_trial":false,"path_per_floor":["M","M","M","?","M","R","E","M","T","E","R","$","T","M","R","B",null,"M","M","$","?","?","R","?","M","T","E","$","M","R","M","R","B",null,"M","?","$","?","M","E"],"character_chosen":"IRONCLAD","items_purchased":["Double Tap","Cleave","Evolve"],"campfire_rested":2,"item_purchase_floors":[12,20,37],"current_hp_per_floor":[78,78,77,77,76,76,74,71,71,45,71,71,71,57,57,52,80,73,69,69,69,52,52,94,94,94,53,53,49,77,67,67,35,79,60,60,60,60,52,0],"gold":117,"neow_bonus":"TWENTY_PERCENT_HP_BONUS","is_prod":false,"is_daily":false,"chose_seed":false,"campfire_upgraded":4,"win_rate":0,"timestamp":1556885873,"path_taken":["M","?","M","?","?","R","E","M","T","E","R","$","?","M","R","BOSS","M","?","$","?","?","R","?","?","T","E","$","M","R","M","R","BOSS","M","?","$","?","M","E"],"build_version":"2019-01-23","purchased_purges":0,"victory":false,"max_hp_per_floor":[89,89,89,89,89,89,89,89,89,89,89,89,89,89,89,89,89,89,89,89,89,94,94,94,94,94,94,94,94,94,94,94,94,94,94,94,94,94,94,94],"card_choices":[{"not_picked":["Clothesline","Body Slam"],"picked":"Intimidate","floor":1},{"not_picked":["Entrench","Second Wind"],"picked":"Headbutt","floor":2},{"not_picked":["Clash","Rupture"],"picked":"True Grit","floor":3},{"not_picked":["Dropkick","Anger"],"picked":"Rampage","floor":5},{"not_picked":["Clothesline","Ghostly Armor"],"picked":"Disarm","floor":7},{"not_picked":["Flex","Wild Strike","Heavy Blade"],"picked":"SKIP","floor":8},{"not_picked":["Intimidate","Clothesline"],"picked":"Disarm","floor":10},{"not_picked":["Clash","Carnage"],"picked":"Shrug It Off","floor":14},{"not_picked":["Feed","Dark Embrace"],"picked":"Double Tap","floor":16},{"not_picked":[],"picked":"Seeing Red","floor":18},{"not_picked":["Sword Boomerang"],"picked":"SKIP","floor":19},{"not_picked":["Rupture"],"picked":"SKIP","floor":25},{"not_picked":[],"picked":"Uppercut","floor":27},{"not_picked":["Pommel Strike"],"picked":"SKIP","floor":29},{"not_picked":["Iron Wave"],"picked":"SKIP","floor":31},{"not_picked":[],"picked":"Limit Break","floor":33},{"not_picked":["Clash"],"picked":"SKIP","floor":35},{"not_picked":[],"picked":"Panacea","floor":36},{"not_picked":["Entrench"],"picked":"SKIP","floor":39}],"player_experience":1795294,"relics_obtained":[{"floor":7,"key":"Smiling Mask"},{"floor":9,"key":"Bird Faced Urn"},{"floor":10,"key":"Ornamental Fan"},{"floor":13,"key":"Mercury Hourglass"},{"floor":26,"key":"Matryoshka"},{"floor":27,"key":"Incense Burner"}],"event_choices":[{"cards_removed":["Strike_R"],"damage_healed":0,"gold_gain":0,"player_choice":"Purged","damage_taken":0,"max_hp_gain":0,"max_hp_loss":0,"event_name":"Purifier","floor":4,"gold_loss":0},{"damage_healed":0,"gold_gain":0,"player_choice":"Paid Fearfully","damage_taken":0,"max_hp_gain":0,"max_hp_loss":0,"event_name":"Masked Bandits","floor":21,"gold_loss":86},{"damage_healed":0,"gold_gain":0,"player_choice":"Shed Blood","damage_taken":22,"max_hp_gain":5,"max_hp_loss":0,"event_name":"Forgotten Altar","floor":22,"gold_loss":0},{"cards_removed":["Intimidate"],"damage_healed":42,"gold_gain":0,"player_choice":"Offered Uncommon","damage_taken":0,"max_hp_gain":0,"max_hp_loss":0,"event_name":"Bonfire Elementals","floor":24,"gold_loss":0},{"damage_healed":0,"gold_gain":0,"player_choice":"Memory 1","damage_taken":0,"max_hp_gain":0,"max_hp_loss":0,"event_name":"SensoryStone","floor":36,"gold_loss":0},{"damage_healed":0,"gold_gain":0,"player_choice":"Ignored","damage_taken":0,"max_hp_gain":0,"max_hp_loss":0,"event_name":"Mysterious Sphere","floor":38,"gold_loss":0}],"is_beta":false,"boss_relics":[{"not_picked":["Velvet Choker","Philosopher\u0027s Stone"],"picked":"Busted Crown"},{"not_picked":["Mark of Pain","Cursed Key"],"picked":"Pandora\u0027s Box"}],"items_purged_floors":[],"is_endless":false,"potions_floor_spawned":[2,3,7,10,18,27,33,39],"killed_by":"Reptomancer","ascension_level":14}