{"gold_per_floor":[112,18,18,33,48,48,60,60,60,72,88,107,107,107,107,206,206,226,239,239],"floor_reached":20,"playtime":1764,"items_purged":[],"score":210,"play_id":"545f53ed-d6b9-42b3-9f5b-1314a52dda0f","local_time":"20190122085731","is_ascension_mode":true,"campfire_choices":[{"data":"Dramatic Entrance","floor":6,"key":"SMITH"},{"data":"Undo","floor":8,"key":"SMITH"},{"data":"Redo","floor":15,"key":"SMITH"}],"neow_cost":"NONE","seed_source_timestamp":1089536510486651,"circlet_count":0,"master_deck":["Strike_B","Strike_B","Strike_B","Strike_B","Defend_B","Defend_B","Defend_B","Defend_B","Zap","Dualcast","Undo+1","Dramatic Entrance+1","Ball Lightning","Blizzard","Cold Snap","Redo+1","Barrage","Sweeping Beam","Zap","Flash of Steel","Rainbow","Parasite","Parasite","Pain","Cold Snap","Ball Lightning"],"relics":["Inserter","Bag of Marbles","Gremlin Horn","Calling Bell","Lantern","Matryoshka","Ice Cream"],"potions_floor_usage":[12,19,19],"damage_taken":[{"damage":3,"enemies":"Jaw Worm","floor":1,"turns":4},{"damage":1,"enemies":"Cultist","floor":4,"turns":6},{"damage":0,"enemies":"Small Slimes","floor":5,"turns":2},{"damage":1,"enemies":"Red Slaver","floor":7,"turns":4},{"damage":0,"enemies":"3 Louse","floor":10,"turns":2},{"damage":0,"enemies":"2 Fungi Beasts","floor":11,"turns":2},{"damage":0,"enemies":"Blue Slaver","floor":12,"turns":4},{"damage":45,"enemies":"The Guardian","floor":16,"turns":11},{"damage":49,"enemies":"Shell Parasite","floor":18,"turns":6},{"damage":2,"enemies":"3 Byrds","floor":19,"turns":2},{"damage":19,"enemies":"Sentry and Sphere","floor":20,"turns":2}],"seed_played":"3244566548946945700","potions_obtained":[{"floor":4,"key":"GamblersBrew"},{"floor":10,"key":"Block Potion"},{"floor":12,"key":"Fire Potion"},{"floor":16,"key":"Explosive Potion"}],"is_trial":false,"path_per_floor":["M","$","?","M","M","R","M","R","T","M","M","M","?","?","R","B",null,"M","M","M"],"character_chosen":"DEFECT","items_purchased":["Dramatic Entrance"],"campfire_rested":0,"item_purchase_floors":[2],"current_hp_per_floor":[72,72,75,74,74,74,73,73,73,73,73,73,61,61,61,16,60,11,9,0],"gold":239,"neow_bonus":"BOSS_RELIC","is_prod":false,"is_daily":false,"chose_seed":false,"campfire_upgraded":3,"win_rate":0,"timestamp":1548176251,"path_taken":["M","$","?","M","M","R","M","R","T","M","M","?","?","?","R","BOSS","M","M","M"],"build_version":"2019-01-17v2","purchased_purges":0,"victory":false,"max_hp_per_floor":[75,75,75,75,75,75,75,75,75,75,75,75,75,75,75,75,75,75,75,75],"card_choices":[{"not_picked":["Sweeping Beam","Double Energy"],"picked":"Undo","floor":1},{"not_picked":["Heatsinks","Coolheaded"],"picked":"Ball Lightning","floor":4},{"not_picked":["Streamline","Auto Shields"],"picked":"Blizzard","floor":5},{"not_picked":["Streamline","Go for the Eyes"],"picked":"Cold Snap","floor":7},{"not_picked":["Rip and Tear","Go for the Eyes"],"picked":"Redo","floor":10},{"not_picked":["Creative AI","Fusion"],"picked":"Barrage","floor":11},{"not_picked":["Heatsinks","Scrape"],"picked":"Sweeping Beam","floor":12},{"not_picked":["Biased Cognition","Reboot"],"picked":"Rainbow","floor":16},{"not_picked":["Redo","Sweeping Beam"],"picked":"Cold Snap","floor":18},{"not_picked":["Static Discharge","Steam+1"],"picked":"Ball Lightning","floor":19}],"player_experience":594471,"relics_obtained":[{"floor":9,"key":"Bag of Marbles"},{"floor":17,"key":"Lantern"},{"floor":17,"key":"Matryoshka"},{"floor":17,"key":"Ice Cream"}],"event_choices":[{"damage_healed":3,"gold_gain":0,"player_choice":"Full Heal","damage_taken":0,"max_hp_gain":0,"max_hp_loss":0,"event_name":"Wheel of Change","floor":3,"gold_loss":0},{"damage_healed":0,"gold_gain":0,"player_choice":"Success","damage_taken":12,"relics_obtained":["Gremlin Horn"],"max_hp_gain":0,"max_hp_loss":0,"event_name":"Scrap Ooze","floor":13,"gold_loss":0},{"damage_healed":0,"gold_gain":0,"player_choice":"2 cards matched","damage_taken":0,"max_hp_gain":0,"max_hp_loss":0,"event_name":"Match and Keep!","floor":14,"gold_loss":0,"cards_obtained":["Zap","Flash of Steel"]}],"is_beta":false,"boss_relics":[{"not_picked":["Astrolabe","Coffee Dripper"],"picked":"Calling Bell"}],"items_purged_floors":[],"is_endless":false,"potions_floor_spawned":[4,10,12,16],"killed_by":"Sentry and Sphere","ascension_level":5}