{"gold_per_floor":[117,117,134,152,152,152,171,171,171,190,190,83,145,156,156,252,252,233,257,257,267,267,300,300,334,334,334,5,5,17],"floor_reached":30,"playtime":1498,"items_purged":[],"score":420,"play_id":"2f7d10ff-36ec-43a9-9982-c7b4d6fc7481","local_time":"20181013014410","is_ascension_mode":true,"campfire_choices":[{"data":"Feed","floor":6,"key":"SMITH"},{"data":"Limit Break","floor":8,"key":"SMITH"},{"data":"Flex","floor":11,"key":"SMITH"},{"floor":15,"key":"REST"},{"floor":24,"key":"REST"}],"neow_cost":"NONE","seed_source_timestamp":81612701712300,"circlet_count":0,"master_deck":["Defend_R","Defend_R","Defend_R","Defend_R","Bash","Feed+1","Body Slam+1","Dual Wield","Fire Breathing","Limit Break+1","Flex+1","Flex","Pommel Strike","Shrug It Off","Flex","Double Tap","Sever Soul","Bite","Bite","Bite+1","Bite","Bite","Barricade","Forethought+1"],"relics":["Burning Blood","Self Forming Clay","Pen Nib","Tiny Chest","Runic Pyramid","Omamori","Bronze Scales","Bottled Lightning","Potion Belt","Whetstone","Vajra","Toxic Egg 2","MawBank"],"potions_floor_usage":[13,14,16,18,25,25],"damage_taken":[{"damage":24,"enemies":"Jaw Worm","floor":1,"turns":7},{"damage":3,"enemies":"Small Slimes","floor":3,"turns":3},{"damage":0,"enemies":"Cultist","floor":4,"turns":2},{"damage":5,"enemies":"2 Fungi Beasts","floor":7,"turns":4},{"damage":8,"enemies":"Blue Slaver","floor":10,"turns":4},{"damage":17,"enemies":"3 Sentries","floor":13,"turns":7},{"damage":19,"enemies":"Lots of Slimes","floor":14,"turns":4},{"damage":0,"enemies":"Slime Boss","floor":16,"turns":7},{"damage":11,"enemies":"2 Thieves","floor":18,"turns":4},{"damage":14,"enemies":"Chosen","floor":21,"turns":4},{"damage":69,"enemies":"Gremlin Leader","floor":23,"turns":6},{"damage":51,"enemies":"Book of Stabbing","floor":25,"turns":5},{"damage":16,"enemies":"Snake Plant","floor":30,"turns":1}],"seed_played":"-8360603944526499964","potions_obtained":[{"floor":3,"key":"Energy Potion"},{"floor":4,"key":"Strength Potion"},{"floor":10,"key":"FearPotion"},{"floor":14,"key":"Block Potion"},{"floor":21,"key":"SpeedPotion"},{"floor":23,"key":"Explosive Potion"}],"is_trial":false,"path_per_floor":["M","?","M","M","?","R","M","R","T","M","R","$","E","M","R","B",null,"M","T","?","M","?","E","R","E","T","?","$","?"],"character_chosen":"IRONCLAD","items_purchased":["Flex","Pommel Strike","Toxic Egg 2","Forethought+1"],"campfire_rested":2,"item_purchase_floors":[12,12,28,28],"current_hp_per_floor":[62,62,68,77,70,70,75,75,75,77,77,77,70,61,91,101,105,104,104,77,77,77,20,44,11,11,11,11,11,0],"gold":17,"neow_bonus":"ONE_RANDOM_RARE_CARD","is_prod":false,"is_daily":false,"chose_seed":false,"campfire_upgraded":3,"win_rate":0,"timestamp":1539387850,"path_taken":["M","?","M","?","?","R","M","R","T","M","R","?","E","M","R","BOSS","M","?","?","M","?","E","R","E","T","?","$","?","M"],"build_version":"2018-10-11","purchased_purges":0,"victory":false,"max_hp_per_floor":[80,80,83,86,86,86,90,90,90,94,94,94,98,102,102,106,106,110,110,77,81,81,81,81,85,85,85,85,85,85],"card_choices":[{"not_picked":["Havoc","Iron Wave"],"picked":"Body Slam","floor":1},{"not_picked":["Shockwave","Sentinel"],"picked":"Dual Wield","floor":3},{"not_picked":["Havoc","Sever Soul"],"picked":"Fire Breathing","floor":4},{"not_picked":["Anger","Sever Soul"],"picked":"Limit Break","floor":7},{"not_picked":["Iron Wave","Heavy Blade"],"picked":"Flex","floor":10},{"not_picked":["Warcry","Disarm"],"picked":"Shrug It Off","floor":13},{"not_picked":["Heavy Blade","Armaments"],"picked":"Flex","floor":14},{"not_picked":["Dark Embrace","Impervious"],"picked":"Double Tap","floor":16},{"not_picked":["Rage","Carnage"],"picked":"Sever Soul","floor":18},{"not_picked":["Thunderclap","Corruption"],"picked":"Battle Trance+1","floor":21},{"not_picked":["Flex","Twin Strike+1"],"picked":"Barricade","floor":23},{"not_picked":["Iron Wave+1","Rupture","Ghostly Armor"],"picked":"SKIP","floor":25}],"player_experience":687934,"relics_obtained":[{"floor":9,"key":"Pen Nib"},{"floor":13,"key":"Tiny Chest"},{"floor":19,"key":"Omamori"},{"floor":23,"key":"Bottled Lightning"},{"floor":25,"key":"Potion Belt"},{"floor":26,"key":"Whetstone"}],"event_choices":[{"event_name":"Big Fish","player_choice":"Box","floor":2,"damage_taken":0},{"event_name":"Golden Wing","player_choice":"Card Removal","floor":5,"damage_taken":0},{"event_name":"Vampires","player_choice":"Became a vampire","floor":20,"damage_taken":0},{"event_name":"Addict","player_choice":"Stole Relic","floor":22,"damage_taken":0},{"event_name":"The Mausoleum","player_choice":"Yes","floor":27,"damage_taken":0},{"event_name":"WeMeetAgain","player_choice":"Card","floor":29,"damage_taken":0}],"is_beta":false,"boss_relics":[{"not_picked":["Ectoplasm","Coffee Dripper"],"picked":"Runic Pyramid"}],"items_purged_floors":[],"is_endless":false,"potions_floor_spawned":[3,4,10,14,21,23],"killed_by":"Snake Plant","ascension_level":5}