{"gold_per_floor":[114,64,64,14,29,29,44,59,59,74,89,89,104,119,119,119],"floor_reached":16,"playtime":769,"items_purged":[],"score":96,"play_id":"028a9d2b-5224-4229-8af2-80cee0b28074","local_time":"20190108225800","daily_mods":["Specialized","Red Cards","Lethality"],"is_ascension_mode":false,"campfire_choices":[{"data":"Dualcast","floor":6,"key":"SMITH"},{"data":"Zap","floor":12,"key":"SMITH"},{"data":"Hologram","floor":15,"key":"SMITH"}],"neow_cost":"","seed_source_timestamp":0,"circlet_count":0,"master_deck":["Strike_B","Strike_B","Strike_B","Strike_B","Defend_B","Defend_B","Defend_B","Defend_B","Zap+1","Dualcast+1","Creative AI","Creative AI","Creative AI","Hologram+1","Clash","Rebound","Pummel","Ball Lightning","Gash","Anger","Headbutt"],"special_seed":17905,"relics":["Cracked Core","Sundial"],"potions_floor_usage":[8,8,13],"damage_taken":[{"damage":8,"enemies":"2 Louse","floor":1,"turns":2},{"damage":4,"enemies":"Jaw Worm","floor":5,"turns":3},{"damage":0,"enemies":"Cultist","floor":7,"turns":3},{"damage":0,"enemies":"Exordium Wildlife","floor":8,"turns":1},{"damage":7,"enemies":"Blue Slaver","floor":10,"turns":2},{"damage":9,"enemies":"Large Slime","floor":11,"turns":3},{"damage":7,"enemies":"3 Louse","floor":13,"turns":2},{"damage":4,"enemies":"Exordium Wildlife","floor":14,"turns":2},{"damage":61,"enemies":"Hexaghost","floor":16,"turns":4}],"seed_played":"-4785815840367761886","potions_obtained":[{"floor":5,"key":"PowerPotion"},{"floor":11,"key":"Poison Potion"}],"is_trial":false,"path_per_floor":["M","?","?","$","M","R","M","M","T","M","M","R","M","M","R","B"],"character_chosen":"DEFECT","items_purchased":["AttackPotion"],"campfire_rested":0,"item_purchase_floors":[4],"current_hp_per_floor":[67,67,85,85,81,81,81,81,81,74,65,65,58,54,54,0],"gold":119,"neow_bonus":"","is_prod":false,"is_daily":true,"chose_seed":false,"campfire_upgraded":3,"win_rate":0,"timestamp":1547017080,"path_taken":["M","?","?","$","M","R","M","M","T","M","?","R","M","M","R","BOSS"],"build_version":"2019-01-03v4","purchased_purges":0,"victory":false,"max_hp_per_floor":[75,75,85,85,85,85,85,85,85,85,85,85,85,85,85,85],"card_choices":[{"not_picked":["Body Slam","Fire Breathing"],"picked":"Hologram","floor":1},{"not_picked":["Coolheaded","True Grit"],"picked":"Clash","floor":5},{"not_picked":["Havoc","Compile Driver"],"picked":"Rebound","floor":7},{"not_picked":["True Grit","Impervious"],"picked":"Pummel","floor":8},{"not_picked":["Skim","Wild Strike"],"picked":"Ball Lightning","floor":10},{"not_picked":["Auto Shields","Sweeping Beam"],"picked":"Gash","floor":11},{"not_picked":["Metallicize","Reckless Charge"],"picked":"Anger","floor":13},{"not_picked":["Havoc","Leap"],"picked":"Headbutt","floor":14}],"player_experience":499886,"relics_obtained":[{"floor":9,"key":"Sundial"}],"event_choices":[{"cards_removed":["Creative AI"],"damage_healed":0,"gold_gain":0,"player_choice":"Card Removal","damage_taken":0,"max_hp_gain":0,"max_hp_loss":0,"event_name":"The Cleric","floor":2,"gold_loss":50},{"cards_removed":["Creative AI"],"damage_healed":8,"gold_gain":0,"player_choice":"Offered Rare","damage_taken":0,"max_hp_gain":10,"max_hp_loss":0,"event_name":"Bonfire Elementals","floor":3,"gold_loss":0}],"is_beta":false,"boss_relics":[],"items_purged_floors":[],"is_endless":false,"potions_floor_spawned":[5,11],"killed_by":"Hexaghost","ascension_level":0}