{"gold_per_floor":[113,113,43,43,43,72,85,112,136,156,156,173,193,227,227,323,323,339,184,196,208,223,223,250,250,250,73,90,90,101,0,0,0],"floor_reached":33,"playtime":1696,"items_purged":["Strike_G","Strike_G"],"score":429,"play_id":"90f4160a-c5dc-437a-b463-e40959921781","local_time":"20190418194423","is_ascension_mode":true,"campfire_choices":[{"data":"Dash","floor":11.0,"key":"SMITH"},{"data":"Caltrops","floor":15.0,"key":"SMITH"},{"data":"Malaise","floor":23,"key":"SMITH"},{"floor":25,"key":"REST"},{"data":"Glass Knife","floor":29,"key":"SMITH"},{"floor":32,"key":"REST"}],"neow_cost":"NONE","seed_source_timestamp":0,"circlet_count":0,"master_deck":["Defend_G","Defend_G","Defend_G","Defend_G","Defend_G","Strike_G","Strike_G","Strike_G","Survivor","Neutralize","Dagger Spray+1","Dash+1","Quick Slash","Blade Dance","Dodge and Roll","Caltrops+1","Riddle With Holes","Dagger Throw","Malaise+1","Doppelganger","Blur+1","Endless Agony","Crippling Poison","Concentrate","Catalyst","Glass Knife+1","Footwork","Crippling Poison","Deflect"],"special_seed":0,"relics":["Ring of the Snake","NeowsBlessing","NlothsMask","PreservedInsect","Pen Nib","Bottled Tornado","Runic Pyramid","Blue Candle","Pear"],"potions_floor_usage":[33],"damage_taken":[{"damage":0.0,"enemies":"Cultist","floor":1.0,"turns":1.0},{"damage":0.0,"enemies":"3 Sentries","floor":6.0,"turns":1.0},{"damage":0.0,"enemies":"Small Slimes","floor":7.0,"turns":1.0},{"damage":25.0,"enemies":"Lagavulin","floor":8.0,"turns":5.0},{"damage":0.0,"enemies":"2 Louse","floor":10.0,"turns":3.0},{"damage":0.0,"enemies":"Lots of Slimes","floor":12.0,"turns":1.0},{"damage":18.0,"enemies":"Large Slime","floor":13.0,"turns":8.0},{"damage":0.0,"enemies":"3 Sentries","floor":14.0,"turns":3.0},{"damage":31.0,"enemies":"Slime Boss","floor":16.0,"turns":14.0},{"damage":11,"enemies":"Shell Parasite","floor":18,"turns":7},{"damage":0,"enemies":"3 Byrds","floor":20,"turns":2},{"damage":19,"enemies":"Snake Plant","floor":21,"turns":5},{"damage":6,"enemies":"Chosen and Byrds","floor":22,"turns":9},{"damage":26,"enemies":"Gremlin Leader","floor":24,"turns":9},{"damage":20,"enemies":"Shelled Parasite and Fungi","floor":28,"turns":5},{"damage":3,"enemies":"3 Cultists","floor":30,"turns":5},{"damage":53,"enemies":"Collector","floor":33,"turns":6}],"seed_played":"92543280124480687","potions_obtained":[{"floor":7.0,"key":"SteroidPotion"},{"floor":8.0,"key":"Dexterity Potion"},{"floor":12.0,"key":"Energy Potion"}],"is_trial":false,"path_per_floor":["M","?","$","?","?","E","M","E","T","M","R","M","M","E","R","B",null,"M","$","M","M","M","R","E","R","T","$","M","R","M","?","R","B"],"character_chosen":"THE_SILENT","items_purchased":["Dash","Endless Agony","Footwork"],"campfire_rested":2,"item_purchase_floors":[3,19,27],"current_hp_per_floor":[70,70,70,75,75,75,75,50,50,50,50,50,32,32,32,1,75,64,64,64,45,39,39,13,35,45,45,25,25,22,22,47,0],"gold":0,"neow_bonus":"THREE_ENEMY_KILL","is_prod":false,"is_daily":false,"chose_seed":false,"campfire_upgraded":4,"win_rate":0,"timestamp":1555641863,"path_taken":["M","?","$","?","?","E","M","E","T","M","R","M","M","E","R","BOSS","M","$","M","M","?","R","E","R","T","$","M","R","M","?","R","BOSS"],"build_version":"2019-01-23","purchased_purges":2,"victory":false,"max_hp_per_floor":[70,70,70,75,75,75,75,75,75,75,75,75,75,75,75,75,75,75,75,75,75,75,75,75,75,85,85,85,85,85,85,85,85],"card_choices":[{"not_picked":["PiercingWail","Quick Slash"],"picked":"Dagger Spray","floor":1.0},{"not_picked":["Reflex","Deadly Poison"],"picked":"Quick Slash","floor":6.0},{"not_picked":["Acrobatics","Infinite Blades"],"picked":"Blade Dance","floor":7.0},{"not_picked":["Deadly Poison","Infinite Blades"],"picked":"Dodge and Roll","floor":8.0},{"not_picked":["Backflip","Deadly Poison"],"picked":"Caltrops","floor":10.0},{"not_picked":["Calculated Gamble","Underhanded Strike"],"picked":"Riddle With Holes","floor":12.0},{"not_picked":["Masterful Stab","Heel Hook"],"picked":"Dagger Throw","floor":13.0},{"not_picked":["Quick Slash","Concentrate"],"picked":"Malaise","floor":14.0},{"not_picked":["Envenom","Night Terror"],"picked":"Doppelganger","floor":16.0},{"not_picked":["Flying Knee+1","Underhanded Strike+1"],"picked":"Blur+1","floor":18},{"not_picked":["Expertise","Sucker Punch"],"picked":"Crippling Poison","floor":20},{"not_picked":["Cloak And Dagger","Dagger Throw"],"picked":"Concentrate","floor":21},{"not_picked":["Quick Slash","Escape Plan"],"picked":"Catalyst","floor":22},{"not_picked":["Acrobatics","Malaise"],"picked":"Glass Knife","floor":24},{"not_picked":["All Out Attack","Accuracy+1"],"picked":"Crippling Poison","floor":28},{"not_picked":["Outmaneuver+1","Prepared"],"picked":"Deflect","floor":30}],"player_experience":324535,"relics_obtained":[{"floor":6.0,"key":"PreservedInsect"},{"floor":8.0,"key":"Pen Nib"},{"floor":14.0,"key":"Bottled Tornado"},{"floor":24,"key":"Blue Candle"},{"floor":26,"key":"Pear"}],"event_choices":[{"damage_healed":0.0,"max_hp_gain":0.0,"max_hp_loss":0.0,"gold_gain":0.0,"event_name":"Living Wall","player_choice":"Grow","floor":2.0,"gold_loss":0.0,"damage_taken":0.0,"cards_upgraded":["Dagger Spray"]},{"damage_healed":0.0,"max_hp_gain":5.0,"max_hp_loss":0.0,"gold_gain":0.0,"event_name":"Big Fish","player_choice":"Donut","floor":4.0,"gold_loss":0.0,"damage_taken":0.0},{"damage_healed":0.0,"max_hp_gain":0.0,"max_hp_loss":0.0,"gold_gain":0.0,"event_name":"FaceTrader","player_choice":"Trade","floor":5.0,"gold_loss":0.0,"damage_taken":0.0,"relics_obtained":["NlothsMask"]},{"damage_healed":0,"gold_gain":0,"player_choice":"Paid Fearfully","damage_taken":0,"max_hp_gain":0,"max_hp_loss":0,"event_name":"Masked Bandits","floor":31,"gold_loss":101}],"is_beta":false,"boss_relics":[{"not_picked":["Eternal Feather","Tiny House"],"picked":"Runic Pyramid"}],"items_purged_floors":[19,27],"is_endless":false,"potions_floor_spawned":[7,8,12,13,14,28,30],"killed_by":"Collector","ascension_level":4}