{"gold_per_floor":[115,40,59,69,69,103,118,118,173,348,348,365,384,417,417,514,514,526,526,551,551],"floor_reached":21,"playtime":808,"items_purged":[],"score":284,"play_id":"a6fb8f79-4b62-4b0f-9830-a919bbfc2fb4","local_time":"20190320185620","is_ascension_mode":true,"campfire_choices":[{"floor":8,"key":"REST"},{"floor":15,"key":"REST"}],"neow_cost":"CURSE","seed_source_timestamp":20861737978800,"circlet_count":0,"master_deck":["AscendersBane","Strike_B","Strike_B","Strike_B","Strike_B","Defend_B","Defend_B","Defend_B","Defend_B","Zap","Dualcast","Doubt","Coolheaded","Storm","Melter","BootSequence","Doom and Gloom","Aggregate","Doubt","White Noise","Capacitor","Thunder Strike","Redo","BootSequence+1"],"relics":["Cracked Core","Symbiotic Virus","Blood Vial","Orichalcum","DataDisk","Fusion Hammer","Nilry\u0027s Codex","Red Mask"],"potions_floor_usage":[6,14,14,20],"damage_taken":[{"damage":6,"enemies":"Cultist","floor":1,"turns":3},{"damage":4,"enemies":"2 Louse","floor":3,"turns":3},{"damage":0,"enemies":"Small Slimes","floor":4,"turns":2},{"damage":56,"enemies":"Lagavulin","floor":6,"turns":6},{"damage":8,"enemies":"2 Fungi Beasts","floor":7,"turns":4},{"damage":4,"enemies":"Looter","floor":12,"turns":4},{"damage":5,"enemies":"Blue Slaver","floor":13,"turns":4},{"damage":18,"enemies":"3 Sentries","floor":14,"turns":6},{"damage":31,"enemies":"Hexaghost","floor":16,"turns":9},{"damage":19,"enemies":"Shell Parasite","floor":18,"turns":5},{"damage":29,"enemies":"Masked Bandits","floor":20,"turns":4},{"damage":19,"enemies":"Chosen","floor":21,"turns":4}],"seed_played":"2162132908595906516","potions_obtained":[{"floor":3,"key":"Regen Potion"},{"floor":7,"key":"Regen Potion"},{"floor":13,"key":"PowerPotion"},{"floor":16,"key":"FocusPotion"},{"floor":18,"key":"Poison Potion"}],"is_trial":false,"path_per_floor":["M","$","M","M","?","E","M","R","T","?","?","M","M","E","R","B",null,"M","?","?","M"],"character_chosen":"DEFECT","items_purchased":["Storm"],"campfire_rested":2,"item_purchase_floors":[2],"current_hp_per_floor":[76,76,72,72,72,25,19,45,45,45,45,43,40,38,64,35,76,59,43,16,0],"gold":551,"neow_bonus":"TWENTY_PERCENT_HP_BONUS","is_prod":false,"is_daily":false,"chose_seed":false,"campfire_upgraded":0,"win_rate":0,"timestamp":1553104580,"path_taken":["M","?","?","M","?","E","M","R","T","?","?","?","M","E","R","BOSS","M","?","?","M"],"build_version":"2019-01-23","purchased_purges":0,"victory":false,"max_hp_per_floor":[89,89,89,89,89,89,89,89,89,89,89,89,89,89,89,89,89,89,89,89,89],"card_choices":[{"not_picked":["Recycle","Go for the Eyes"],"picked":"Coolheaded","floor":1},{"not_picked":["Chaos","Cold Snap"],"picked":"Melter","floor":3},{"not_picked":["Lockon","FTL"],"picked":"BootSequence","floor":4},{"not_picked":["Compile Driver","Static Discharge"],"picked":"Doom and Gloom","floor":6},{"not_picked":["Coolheaded","Steam"],"picked":"Aggregate","floor":7},{"not_picked":["Barrage","Stack","Fusion"],"picked":"SKIP","floor":12},{"not_picked":["Darkness","Hologram"],"picked":"White Noise","floor":13},{"not_picked":["Genetic Algorithm","Rainbow"],"picked":"Capacitor","floor":14},{"not_picked":["Machine Learning","Meteor Strike"],"picked":"Thunder Strike","floor":16},{"not_picked":["Consume","Stack"],"picked":"Redo","floor":18},{"not_picked":["Go for the Eyes+1","Glacier"],"picked":"BootSequence+1","floor":20}],"player_experience":1553058,"relics_obtained":[{"floor":6,"key":"Blood Vial"},{"floor":9,"key":"Orichalcum"},{"floor":14,"key":"DataDisk"},{"floor":19,"key":"Nilry\u0027s Codex"},{"floor":20,"key":"Red Mask"}],"event_choices":[{"damage_healed":0,"gold_gain":0,"player_choice":"Box","damage_taken":0,"relics_obtained":["Symbiotic Virus"],"max_hp_gain":0,"max_hp_loss":0,"event_name":"Big Fish","floor":5,"gold_loss":0,"cards_obtained":["Regret"]},{"damage_healed":0,"gold_gain":175,"player_choice":"AGREE","damage_taken":0,"max_hp_gain":0,"max_hp_loss":0,"event_name":"Liars Game","floor":10,"gold_loss":0,"cards_obtained":["Doubt"]},{"cards_removed":["Regret"],"damage_healed":0,"gold_gain":0,"player_choice":"Purged","damage_taken":0,"max_hp_gain":0,"max_hp_loss":0,"event_name":"Purifier","floor":11,"gold_loss":0},{"damage_healed":0,"gold_gain":0,"player_choice":"Obtained Book","damage_taken":16,"max_hp_gain":0,"max_hp_loss":0,"event_name":"Cursed Tome","floor":19,"gold_loss":0},{"damage_healed":0,"gold_gain":0,"player_choice":"Fought Bandits","damage_taken":0,"max_hp_gain":0,"max_hp_loss":0,"event_name":"Masked Bandits","floor":20,"gold_loss":0}],"is_beta":false,"boss_relics":[{"not_picked":["Runic Pyramid","Velvet Choker"],"picked":"Fusion Hammer"}],"items_purged_floors":[],"is_endless":false,"potions_floor_spawned":[3,7,13,16,18],"killed_by":"Chosen","ascension_level":10}