{"gold_per_floor":[114,114,114,21,0,32,32,50,74,74,74,104,115,143,143,244,244,262,212,59,76,90,90,90,90,90,90,102,102],"floor_reached":29,"playtime":1317,"items_purged":[],"score":419,"play_id":"061b488c-911f-41f0-8f6d-8a517f3207b5","local_time":"20190125224951","is_ascension_mode":true,"campfire_choices":[{"data":"Accuracy","floor":7,"key":"SMITH"},{"data":"Infinite Blades","floor":10,"key":"SMITH"},{"data":"Calculated Gamble","floor":15,"key":"SMITH"},{"floor":23,"key":"REST"},{"floor":25,"key":"REST"},{"floor":27,"key":"REST"}],"neow_cost":"NONE","seed_source_timestamp":190497048309300,"circlet_count":0,"master_deck":["Defend_G","Defend_G","Defend_G","Defend_G","Defend_G","Strike_G","Strike_G","Strike_G","Strike_G","Survivor","Neutralize","Infinite Blades","Infinite Blades+1","Dagger Spray","Accuracy+1","Outmaneuver","Calculated Gamble+1","Terror","Phantasmal Killer","Dash","Enlightenment","Well Laid Plans","A Thousand Cuts","Cloak And Dagger"],"relics":["Ring of the Snake","NeowsBlessing","Bag of Preparation","PreservedInsect","Darkstone Periapt","Omamori","White Beast Statue","Mango","Blood Vial"],"potions_floor_usage":[12,14,21,21,22,28,29],"damage_taken":[{"damage":0,"enemies":"Small Slimes","floor":1,"turns":1},{"damage":0,"enemies":"Gremlin Nob","floor":6,"turns":1},{"damage":0,"enemies":"Jaw Worm","floor":8,"turns":1},{"damage":12,"enemies":"3 Sentries","floor":12,"turns":7},{"damage":0,"enemies":"Cultist","floor":13,"turns":3},{"damage":0,"enemies":"Lagavulin","floor":14,"turns":4},{"damage":28,"enemies":"Slime Boss","floor":16,"turns":8},{"damage":47,"enemies":"2 Thieves","floor":18,"turns":5},{"damage":5,"enemies":"Spheric Guardian","floor":21,"turns":5},{"damage":0,"enemies":"Chosen and Byrds","floor":22,"turns":5},{"damage":58,"enemies":"Shelled Parasite and Fungi","floor":28,"turns":5},{"damage":46,"enemies":"Centurion and Healer","floor":29,"turns":6}],"seed_played":"861310957704413676","potions_obtained":[{"floor":1,"key":"PowerPotion"},{"floor":13,"key":"SkillPotion"},{"floor":18,"key":"AttackPotion"},{"floor":21,"key":"GamblersBrew"},{"floor":22,"key":"Fire Potion"},{"floor":28,"key":"Regen Potion"}],"is_trial":false,"path_per_floor":["M","?","?","$","?","E","R","M","T","R","?","E","M","E","R","B",null,"M","?","$","M","M","R","?","R","T","R","M","M"],"character_chosen":"THE_SILENT","items_purchased":["Infinite Blades","Dagger Spray","GhostInAJar","Enlightenment"],"campfire_rested":3,"item_purchase_floors":[4,4,20,20],"current_hp_per_floor":[63,63,63,63,63,63,63,63,63,63,63,51,51,51,51,23,58,11,11,11,6,6,27,41,66,66,84,26,0],"gold":102,"neow_bonus":"THREE_ENEMY_KILL","is_prod":false,"is_daily":false,"chose_seed":false,"campfire_upgraded":3,"win_rate":0,"timestamp":1548452991,"path_taken":["M","?","?","$","?","E","R","M","T","R","?","E","?","E","R","BOSS","M","?","$","?","M","R","?","R","T","R","M","M"],"build_version":"2019-01-23","purchased_purges":0,"victory":false,"max_hp_per_floor":[70,70,70,70,70,70,70,70,70,70,70,70,70,70,70,70,70,70,70,70,70,70,70,84,84,84,84,84,84],"card_choices":[{"not_picked":["PiercingWail","Dagger Throw"],"picked":"Noxious Fumes","floor":1},{"not_picked":["PiercingWail","Slice"],"picked":"Accuracy","floor":6},{"not_picked":["Backflip","Underhanded Strike"],"picked":"Outmaneuver","floor":8},{"not_picked":["Poisoned Stab","Heel Hook"],"picked":"Calculated Gamble","floor":12},{"not_picked":["All Out Attack","Leg Sweep","Dodge and Roll"],"picked":"SKIP","floor":13},{"not_picked":["Quick Slash","Dodge and Roll"],"picked":"Terror","floor":14},{"not_picked":["Adrenaline","Corpse Explosion"],"picked":"Phantasmal Killer","floor":16},{"not_picked":["Tactician","Bane"],"picked":"Dash","floor":18},{"not_picked":["Slice+1","Backflip+1"],"picked":"Well Laid Plans","floor":21},{"not_picked":["Backflip","Predator"],"picked":"A Thousand Cuts","floor":22},{"not_picked":["Caltrops+1","Expertise"],"picked":"Cloak And Dagger","floor":28}],"player_experience":1295023,"relics_obtained":[{"floor":6,"key":"Bag of Preparation"},{"floor":9,"key":"PreservedInsect"},{"floor":12,"key":"Darkstone Periapt"},{"floor":14,"key":"Omamori"},{"floor":26,"key":"Blood Vial"}],"event_choices":[{"damage_healed":0,"gold_gain":0,"cards_transformed":["Strike_G"],"player_choice":"Change","damage_taken":0,"max_hp_gain":0,"max_hp_loss":0,"event_name":"Living Wall","floor":2,"gold_loss":0,"cards_obtained":["Infinite Blades"]},{"damage_healed":0,"gold_gain":0,"player_choice":"Ignored","damage_taken":0,"max_hp_gain":0,"max_hp_loss":0,"event_name":"Shining Light","floor":3,"gold_loss":0},{"damage_healed":0,"gold_gain":0,"player_choice":"Left Gold","damage_taken":0,"max_hp_gain":0,"max_hp_loss":0,"event_name":"World of Goop","floor":5,"gold_loss":21},{"damage_healed":0,"gold_gain":0,"cards_transformed":["Noxious Fumes"],"player_choice":"Transformed","damage_taken":0,"max_hp_gain":0,"max_hp_loss":0,"event_name":"Transmorgrifier","floor":11,"gold_loss":0,"cards_obtained":["Grand Finale"]},{"damage_healed":0,"gold_gain":0,"player_choice":"Bet on Murderer","damage_taken":0,"max_hp_gain":0,"max_hp_loss":0,"event_name":"The Joust","floor":19,"gold_loss":50},{"cards_removed":["Grand Finale"],"damage_healed":0,"gold_gain":0,"player_choice":"Gave Card","damage_taken":0,"relics_obtained":["Mango"],"max_hp_gain":0,"max_hp_loss":0,"event_name":"WeMeetAgain","floor":24,"gold_loss":0}],"is_beta":false,"boss_relics":[{"not_picked":["Tiny House","Astrolabe"],"picked":"White Beast Statue"}],"items_purged_floors":[],"is_endless":false,"potions_floor_spawned":[1,13,18,21,22,28],"killed_by":"Centurion and Healer","ascension_level":9}