{"gold_per_floor":[12,287,306,317,267,301,301,312,312,329,382,408,365,18,18,113,113,123,43,62,62,62,62,81,81,104,117,117,1,1,15,15,119,119,136,150,150,170,182,182,217,234,234,234,248,248,17,17,17,17],"floor_reached":51,"playtime":4059,"items_purged":[],"score":1012,"play_id":"f6873f9f-05d9-40ec-927d-962b665fb3bb","local_time":"20190427162433","is_ascension_mode":true,"campfire_choices":[{"floor":7,"key":"REST"},{"floor":15,"key":"REST"},{"floor":23,"key":"REST"},{"floor":25,"key":"REST"},{"floor":30,"key":"REST"},{"data":"Malaise","floor":32,"key":"SMITH"},{"floor":40,"key":"REST"},{"floor":44,"key":"REST"},{"floor":46,"key":"REST"},{"floor":49,"key":"REST"}],"neow_cost":"NO_GOLD","seed_source_timestamp":113640395003740,"circlet_count":0,"master_deck":["AscendersBane","Defend_G","Defend_G","Defend_G","Defend_G","Defend_G","Strike_G","Strike_G","Strike_G","Strike_G","Strike_G","Survivor","Neutralize","Malaise+1","Infinite Blades","Sucker Punch","Backflip","After Image","Dodge and Roll","Die Die Die","Tools of the Trade+1","Infinite Blades+1","A Thousand Cuts+1","Sucker Punch","Die Die Die","Crippling Poison+1","Blur","Cloak And Dagger","Noxious Fumes+1","Leg Sweep+1","After Image+1","Deadly Poison+1","Bouncing Flask+1","Noxious Fumes+1","Crippling Poison+1","Prepared+1","Noxious Fumes+1","PiercingWail+1","Well Laid Plans+1","The Bomb","Transmutation","Swift Strike"],"relics":["Ring of the Snake","Bottled Lightning","Frozen Egg 2","Pantograph","ClockworkSouvenir","Philosopher\u0027s Stone","Anchor","Ornamental Fan","Runic Pyramid","Bag of Preparation","Mercury Hourglass"],"potions_floor_usage":[8,10,12,16,18,27,27,36,38,41,50],"damage_taken":[{"damage":4,"enemies":"Small Slimes","floor":1,"turns":6},{"damage":0,"enemies":"Cultist","floor":3,"turns":5},{"damage":3,"enemies":"Jaw Worm","floor":4,"turns":6},{"damage":45,"enemies":"Gremlin Nob","floor":6,"turns":6},{"damage":6,"enemies":"Looter","floor":8,"turns":5},{"damage":2,"enemies":"Large Slime","floor":10,"turns":8},{"damage":13,"enemies":"3 Sentries","floor":12,"turns":10},{"damage":31,"enemies":"Slime Boss","floor":16,"turns":14},{"damage":17,"enemies":"3 Byrds","floor":18,"turns":4},{"damage":12,"enemies":"Chosen","floor":20,"turns":6},{"damage":16,"enemies":"Colosseum Slavers","floor":22,"turns":4},{"damage":3,"enemies":"Snecko","floor":24,"turns":5},{"damage":8,"enemies":"Chosen and Byrds","floor":27,"turns":5},{"damage":0,"enemies":"Centurion and Healer","floor":31,"turns":6},{"damage":8,"enemies":"Champ","floor":33,"turns":15},{"damage":0,"enemies":"Orb Walker","floor":35,"turns":4},{"damage":0,"enemies":"3 Shapes","floor":36,"turns":3},{"damage":17,"enemies":"Transient","floor":38,"turns":5},{"damage":9,"enemies":"3 Darklings","floor":39,"turns":5},{"damage":25,"enemies":"Giant Head","floor":41,"turns":9},{"damage":0,"enemies":"4 Shapes","floor":42,"turns":4},{"damage":22,"enemies":"Transient","floor":45,"turns":5},{"damage":58,"enemies":"Donu and Deca","floor":50,"turns":9}],"seed_played":"4163614855698086933","potions_obtained":[{"floor":6,"key":"AttackPotion"},{"floor":8,"key":"EssenceOfSteel"},{"floor":10,"key":"GhostInAJar"},{"floor":12,"key":"Regen Potion"},{"floor":20,"key":"LiquidBronze"},{"floor":24,"key":"Poison Potion"},{"floor":31,"key":"SneckoOil"},{"floor":33,"key":"Block Potion"},{"floor":35,"key":"Energy Potion"},{"floor":39,"key":"PowerPotion"},{"floor":41,"key":"Swift Potion"}],"is_trial":false,"path_per_floor":["M","?","M","M","?","E","R","M","T","M","?","E","?","$","R","B",null,"M","$","M","?","?","R","M","R","T","M","T","$","R","M","R","B",null,"M","M","?","M","M","R","E","M","T","R","M","R","$","?","R","B",null],"character_chosen":"THE_SILENT","items_purchased":["Infinite Blades+1","ClockworkSouvenir","GhostInAJar","Die Die Die","Noxious Fumes+1","SkillPotion","Well Laid Plans+1","The Bomb"],"campfire_rested":9,"item_purchase_floors":[14,14,14,19,29,29,47,47],"current_hp_per_floor":[59,59,59,56,56,11,32,26,26,24,24,11,11,11,32,41,63,46,46,34,34,18,39,36,57,57,49,49,49,70,70,70,62,68,68,68,61,44,35,56,31,31,31,52,30,51,51,46,67,12],"gold":17,"neow_bonus":"THREE_RARE_CARDS","is_prod":false,"is_daily":false,"chose_seed":false,"campfire_upgraded":1,"win_rate":0,"timestamp":1556407473,"path_taken":["M","?","?","M","?","E","R","M","T","M","?","E","?","?","R","BOSS","M","$","M","?","?","R","M","R","T","M","?","$","R","M","R","BOSS","M","M","?","M","?","R","E","M","T","R","M","R","$","?","R","BOSS"],"build_version":"2019-01-23","purchased_purges":0,"victory":true,"max_hp_per_floor":[70,70,70,70,70,70,70,70,70,70,70,70,70,70,70,70,70,70,70,70,70,70,70,70,70,70,70,70,70,70,70,70,70,70,70,70,70,70,70,70,70,70,70,70,70,70,70,70,70,70],"card_choices":[{"not_picked":["Phantasmal Killer","Envenom"],"picked":"Malaise","floor":0},{"not_picked":["Deadly Poison","Outmaneuver"],"picked":"Infinite Blades","floor":1},{"not_picked":["Riddle With Holes","Bane"],"picked":"Sucker Punch","floor":3},{"not_picked":["Dagger Throw","Riddle With Holes"],"picked":"Backflip","floor":4},{"not_picked":["Flying Knee","Poisoned Stab"],"picked":"After Image","floor":6},{"not_picked":["Blade Dance","Bane"],"picked":"Dodge and Roll","floor":8},{"not_picked":["Dagger Throw","Deadly Poison"],"picked":"Die Die Die","floor":10},{"not_picked":["Eviscerate","Finisher"],"picked":"Tools of the Trade+1","floor":12},{"not_picked":["Night Terror","After Image+1"],"picked":"A Thousand Cuts+1","floor":16},{"not_picked":["Outmaneuver","Deflect"],"picked":"Sucker Punch","floor":18},{"not_picked":["Quick Slash+1","Outmaneuver"],"picked":"Crippling Poison+1","floor":20},{"not_picked":["Bane","Dagger Throw"],"picked":"Blur","floor":24},{"not_picked":["Acrobatics","Accuracy+1"],"picked":"Cloak And Dagger","floor":27},{"not_picked":["Outmaneuver","Blade Dance+1"],"picked":"Leg Sweep+1","floor":31},{"not_picked":["Tools of the Trade+1","A Thousand Cuts+1"],"picked":"After Image+1","floor":33},{"not_picked":["Slice+1","Underhanded Strike+1"],"picked":"Deadly Poison+1","floor":35},{"not_picked":["Sucker Punch+1","Eviscerate"],"picked":"Bouncing Flask+1","floor":36},{"not_picked":["Expertise","Slice+1"],"picked":"Noxious Fumes+1","floor":38},{"not_picked":["Dagger Spray","Deflect+1"],"picked":"Crippling Poison+1","floor":39},{"not_picked":["Deadly Poison+1","Deflect+1"],"picked":"Prepared+1","floor":41},{"not_picked":["Prepared+1","Heel Hook+1"],"picked":"Noxious Fumes+1","floor":42},{"not_picked":["Acrobatics+1","Poisoned Stab+1"],"picked":"PiercingWail+1","floor":45},{"not_picked":["Thinking Ahead","Impatience"],"picked":"Transmutation","floor":48},{"not_picked":["PanicButton","Impatience"],"picked":"Swift Strike","floor":48}],"player_experience":1483875,"relics_obtained":[{"floor":6,"key":"Bottled Lightning"},{"floor":9,"key":"Frozen Egg 2"},{"floor":12,"key":"Pantograph"},{"floor":26,"key":"Anchor"},{"floor":28,"key":"Ornamental Fan"},{"floor":41,"key":"Bag of Preparation"},{"floor":43,"key":"Mercury Hourglass"}],"event_choices":[{"damage_healed":0,"gold_gain":275,"player_choice":"Desecrate","damage_taken":0,"max_hp_gain":0,"max_hp_loss":0,"event_name":"Golden Shrine","floor":2,"gold_loss":0,"cards_obtained":["Regret"]},{"cards_removed":["Regret"],"damage_healed":0,"gold_gain":0,"player_choice":"Card Removal","damage_taken":0,"max_hp_gain":0,"max_hp_loss":0,"event_name":"The Cleric","floor":5,"gold_loss":50},{"damage_healed":0,"gold_gain":53,"player_choice":"Gained Gold","damage_taken":0,"max_hp_gain":0,"max_hp_loss":0,"event_name":"Golden Wing","floor":11,"gold_loss":0},{"damage_healed":0,"gold_gain":0,"player_choice":"Left Gold","damage_taken":0,"max_hp_gain":0,"max_hp_loss":0,"event_name":"World of Goop","floor":13,"gold_loss":43},{"damage_healed":0,"gold_gain":0,"player_choice":"Ignored","damage_taken":0,"max_hp_gain":0,"max_hp_loss":0,"event_name":"Vampires","floor":21,"gold_loss":0},{"damage_healed":0,"gold_gain":0,"player_choice":"Fight","damage_taken":0,"max_hp_gain":0,"max_hp_loss":0,"event_name":"Colosseum","floor":22,"gold_loss":0},{"damage_healed":0,"gold_gain":0,"player_choice":"Fled From Nobs","damage_taken":0,"max_hp_gain":0,"max_hp_loss":0,"event_name":"Colosseum","floor":22,"gold_loss":0},{"damage_healed":0,"gold_gain":0,"player_choice":"Damaged","damage_taken":7,"max_hp_gain":0,"max_hp_loss":0,"event_name":"Wheel of Change","floor":37,"gold_loss":0},{"damage_healed":0,"gold_gain":0,"player_choice":"Memory 2","damage_taken":5,"max_hp_gain":0,"max_hp_loss":0,"event_name":"SensoryStone","floor":48,"gold_loss":0}],"is_beta":false,"boss_relics":[{"not_picked":["Orrery","Velvet Choker"],"picked":"Philosopher\u0027s Stone"},{"not_picked":["Eternal Feather","Lizard Tail"],"picked":"Runic Pyramid"}],"items_purged_floors":[],"is_endless":false,"potions_floor_spawned":[6,8,10,12,20,24,31,33,35,39,41],"ascension_level":11}