{"gold_per_floor":[117,292,292,292,292,292,324,324,324,324,338,364,68,87,87,192,192,209,209,13,31,50,50,70,88,88,38,38,66,66,66,66,66],"floor_reached":33,"playtime":1364,"items_purged":["Regret","Clumsy"],"score":443,"play_id":"a90b36aa-ae92-480c-8efe-af7c5c3481c5","local_time":"20190413111751","is_ascension_mode":true,"campfire_choices":[{"data":"Deadly Poison","floor":6,"key":"SMITH"},{"data":"Neutralize","floor":8,"key":"SMITH"},{"data":"Survivor","floor":10,"key":"SMITH"},{"data":"Bouncing Flask","floor":15,"key":"SMITH"},{"floor":23,"key":"REST"},{"floor":28,"key":"REST"},{"data":"Adrenaline","floor":32,"key":"SMITH"}],"neow_cost":"NONE","seed_source_timestamp":210547085157600,"circlet_count":0,"master_deck":["AscendersBane","Defend_G","Defend_G","Defend_G","Defend_G","Strike_G+1","Strike_G+1","Survivor+1","Neutralize+1","Deadly Poison+1","Poisoned Stab","Caltrops","Bouncing Flask+1","Backflip","Die Die Die+1","Parasite","Footwork","Discovery","Backstab","Bane+1","Bouncing Flask","A Thousand Cuts","Adrenaline+1","Concentrate"],"relics":["Ring of the Snake","NeowsBlessing","Whetstone","Bottled Lightning","Odd Mushroom","Meat on the Bone","Calling Bell","PreservedInsect","Ninja Scroll","Incense Burner","Smiling Mask","Gremlin Horn"],"potions_floor_usage":[12,16,16,22,33,33],"damage_taken":[{"damage":0,"enemies":"Small Slimes","floor":1,"turns":1},{"damage":0,"enemies":"Lagavulin","floor":7,"turns":1},{"damage":0,"enemies":"2 Louse","floor":11,"turns":1},{"damage":4,"enemies":"The Mushroom Lair","floor":12,"turns":4},{"damage":0,"enemies":"Cultist","floor":14,"turns":2},{"damage":18,"enemies":"Slime Boss","floor":16,"turns":11},{"damage":36,"enemies":"2 Thieves","floor":18,"turns":4},{"damage":0,"enemies":"3 Byrds","floor":21,"turns":5},{"damage":14,"enemies":"Snake Plant","floor":22,"turns":3},{"damage":26,"enemies":"3 Cultists","floor":24,"turns":5},{"damage":8,"enemies":"Centurion and Healer","floor":25,"turns":5},{"damage":14,"enemies":"Book of Stabbing","floor":29,"turns":4},{"damage":98,"enemies":"Collector","floor":33,"turns":8}],"seed_played":"-4694378250635991334","potions_obtained":[{"floor":7,"key":"LiquidBronze"},{"floor":12,"key":"Weak Potion"},{"floor":14,"key":"LiquidBronze"},{"floor":16,"key":"AttackPotion"},{"floor":22,"key":"Regen Potion"},{"floor":25,"key":"Dexterity Potion"}],"is_trial":false,"path_per_floor":["M","?","?","?","?","R","E","R","T","R","M","?","$","M","R","B",null,"M","?","$","M","M","R","M","M","T","$","R","E","?","?","R","B"],"character_chosen":"THE_SILENT","items_purchased":["Meat on the Bone","Bouncing Flask","Discovery","Backstab"],"campfire_rested":2,"item_purchase_floors":[13,13,20,20],"current_hp_per_floor":[63,63,56,56,56,56,56,56,56,56,56,52,52,52,52,46,64,40,40,40,40,38,59,45,37,37,37,58,44,67,67,67,0],"gold":66,"neow_bonus":"THREE_ENEMY_KILL","is_prod":false,"is_daily":false,"chose_seed":false,"campfire_upgraded":5,"win_rate":0,"timestamp":1555147071,"path_taken":["M","?","?","?","?","R","E","R","T","R","?","?","?","M","R","BOSS","M","?","$","M","?","R","M","M","T","$","R","E","?","?","R","BOSS"],"build_version":"2019-01-23","purchased_purges":2,"victory":false,"max_hp_per_floor":[70,70,70,70,70,70,70,70,70,70,70,70,70,70,70,70,70,70,70,70,70,70,70,70,70,70,70,70,70,70,70,70,70],"card_choices":[{"not_picked":["Bane","Endless Agony"],"picked":"Deadly Poison","floor":1},{"not_picked":["Sucker Punch","Reflex","Endless Agony"],"picked":"SKIP","floor":7},{"not_picked":["Concentrate","Cloak And Dagger"],"picked":"Poisoned Stab","floor":11},{"not_picked":["Skewer","Deadly Poison"],"picked":"Caltrops","floor":12},{"not_picked":["Dodge and Roll","Blade Dance"],"picked":"Backflip","floor":14},{"not_picked":["Phantasmal Killer","Storm of Steel"],"picked":"Die Die Die","floor":16},{"not_picked":["Dodge and Roll","Blade Dance"],"picked":"Footwork","floor":18},{"not_picked":["Flechettes","Poisoned Stab"],"picked":"Bane+1","floor":21},{"not_picked":["Dagger Spray","Bane","Cloak And Dagger"],"picked":"SKIP","floor":22},{"not_picked":["Quick Slash+1","Outmaneuver"],"picked":"Bouncing Flask","floor":24},{"not_picked":["Flechettes","Setup","Backflip"],"picked":"SKIP","floor":25},{"not_picked":["All Out Attack+1","Backflip+1"],"picked":"A Thousand Cuts","floor":29}],"player_experience":1683963,"relics_obtained":[{"floor":7,"key":"Whetstone"},{"floor":9,"key":"Bottled Lightning"},{"floor":12,"key":"Odd Mushroom"},{"floor":17,"key":"PreservedInsect"},{"floor":17,"key":"Ninja Scroll"},{"floor":17,"key":"Incense Burner"},{"floor":26,"key":"Smiling Mask"},{"floor":29,"key":"Gremlin Horn"}],"event_choices":[{"damage_healed":0,"gold_gain":175,"player_choice":"AGREE","damage_taken":0,"max_hp_gain":0,"max_hp_loss":0,"event_name":"Liars Game","floor":2,"gold_loss":0,"cards_obtained":["Doubt"]},{"cards_removed":["Doubt"],"damage_healed":0,"gold_gain":0,"player_choice":"Card Removal","damage_taken":7,"max_hp_gain":0,"max_hp_loss":0,"event_name":"Golden Wing","floor":3,"gold_loss":0},{"cards_removed":["Strike_G"],"damage_healed":0,"gold_gain":0,"player_choice":"Forget","damage_taken":0,"max_hp_gain":0,"max_hp_loss":0,"event_name":"Living Wall","floor":4,"gold_loss":0},{"cards_removed":["Strike_G"],"damage_healed":0,"gold_gain":0,"player_choice":"Purged","damage_taken":0,"max_hp_gain":0,"max_hp_loss":0,"event_name":"Purifier","floor":5,"gold_loss":0},{"damage_healed":0,"gold_gain":0,"player_choice":"Fought Mushrooms","damage_taken":0,"max_hp_gain":0,"max_hp_loss":0,"event_name":"Mushrooms","floor":12,"gold_loss":0},{"damage_healed":0,"gold_gain":0,"player_choice":"Upgraded","damage_taken":0,"max_hp_gain":0,"max_hp_loss":0,"event_name":"Upgrade Shrine","floor":19,"gold_loss":0,"cards_upgraded":["Die Die Die"]},{"damage_healed":23,"gold_gain":0,"player_choice":"Heal","damage_taken":0,"max_hp_gain":0,"max_hp_loss":0,"event_name":"The Library","floor":30,"gold_loss":0},{"damage_healed":0,"gold_gain":0,"cards_transformed":["Strike_G","Defend_G"],"player_choice":"Became Test Subject","damage_taken":0,"max_hp_gain":0,"max_hp_loss":0,"event_name":"Drug Dealer","floor":31,"gold_loss":0,"cards_obtained":["Adrenaline","Concentrate"]}],"is_beta":false,"boss_relics":[{"not_picked":["HoveringKite","Eternal Feather"],"picked":"Calling Bell"}],"items_purged_floors":[20,27],"is_endless":false,"potions_floor_spawned":[7,12,14,16,22,25],"killed_by":"Collector","ascension_level":11}