{"gold_per_floor":[110,110,110,136,156,196,196,231,231,274,274,314,334,334,334,423,423,416,416,436,17,17,17,17,17,17,17,32,44,57,57,57,134,134,147,147,147,37,37,37,64,64,88,17,35,52,71,106,106,106],"floor_reached":50,"playtime":11683,"items_purged":[],"score":931,"play_id":"74fc7367-0683-49e6-98fe-621b9333e241","local_time":"20190502104534","is_ascension_mode":true,"campfire_choices":[{"floor":7,"key":"REST"},{"floor":11,"key":"REST"},{"floor":15,"key":"REST"},{"data":"Apotheosis","floor":23,"key":"SMITH"},{"data":"After Image","floor":27,"key":"SMITH"},{"data":"Dark Shackles","floor":32,"key":"SMITH"},{"data":"Mind Blast","floor":40,"key":"SMITH"},{"data":"Mind Blast","floor":42,"key":"SMITH"},{"floor":49,"key":"REST"}],"neow_cost":"NONE","seed_source_timestamp":88026546811524,"circlet_count":0,"master_deck":["AscendersBane","Defend_G","Defend_G+1","Defend_G","Defend_G","Defend_G","Strike_G+1","Survivor","Neutralize","Sucker Punch","Deadly Poison","Escape Plan","After Image+1","Sucker Punch","Storm of Steel","Dagger Throw","After Image+1","Deadly Poison+1","Choke+1","Noxious Fumes+1","Endless Agony","Cloak And Dagger","Apotheosis+1","Dark Shackles+1","Writhe","Calculated Gamble","Corpse Explosion","Skewer","Corpse Explosion","Mind Blast+1","Mind Blast+1","Trip","Mind Blast","Cloak And Dagger","Prepared+1","Escape Plan","Skewer+1","Choke+1","Backstab","Endless Agony+1"],"relics":["Ring of the Snake","NeowsBlessing","Bloody Idol","Boot","StoneCalendar","Sundial","Meat on the Bone","Centennial Puzzle","Dead Branch","Astrolabe","Anchor","Mercury Hourglass","Dodecahedron","White Beast Statue","Bronze Scales","Oddly Smooth Stone","Singing Bowl"],"potions_floor_usage":[8,20,33,33,41,46,48,50,50],"damage_taken":[{"damage":0,"enemies":"Small Slimes","floor":1,"turns":1},{"damage":0,"enemies":"2 Louse","floor":5,"turns":1},{"damage":0,"enemies":"Lagavulin","floor":6,"turns":1},{"damage":17,"enemies":"Gremlin Nob","floor":8,"turns":4},{"damage":19,"enemies":"3 Sentries","floor":10,"turns":7},{"damage":21,"enemies":"Gremlin Nob","floor":12,"turns":5},{"damage":1,"enemies":"Jaw Worm","floor":13,"turns":2},{"damage":29,"enemies":"The Guardian","floor":16,"turns":10},{"damage":11,"enemies":"2 Thieves","floor":18,"turns":4},{"damage":1,"enemies":"Spheric Guardian","floor":20,"turns":4},{"damage":0,"enemies":"3 Cultists","floor":28,"turns":3},{"damage":0,"enemies":"Snake Plant","floor":29,"turns":4},{"damage":0,"enemies":"Cultist and Chosen","floor":30,"turns":6},{"damage":43,"enemies":"Automaton","floor":33,"turns":10},{"damage":0,"enemies":"3 Shapes","floor":35,"turns":3},{"damage":10,"enemies":"Nemesis","floor":41,"turns":7},{"damage":1,"enemies":"Orb Walker","floor":45,"turns":2},{"damage":2,"enemies":"4 Shapes","floor":46,"turns":3},{"damage":0,"enemies":"Sphere and 2 Shapes","floor":47,"turns":3},{"damage":34,"enemies":"Giant Head","floor":48,"turns":7},{"damage":67,"enemies":"Awakened One","floor":50,"turns":8}],"seed_played":"-1030052623171155340","potions_obtained":[{"floor":5,"key":"Poison Potion"},{"floor":10,"key":"AttackPotion"},{"floor":12,"key":"Block Potion"},{"floor":13,"key":"EssenceOfSteel"},{"floor":29,"key":"Dexterity Potion"},{"floor":35,"key":"Explosive Potion"},{"floor":39,"key":"FairyPotion"},{"floor":41,"key":"GhostInAJar"},{"floor":46,"key":"Fire Potion"},{"floor":47,"key":"Block Potion"},{"floor":48,"key":"SteroidPotion"}],"is_trial":false,"path_per_floor":["M","?","?","T","M","E","R","E","T","E","R","E","M","?","R","B",null,"M","?","M","$","?","R","?","?","T","R","M","M","M","?","R","B",null,"M","?","?","$","?","R","E","R","T","$","M","M","M","E","R","B"],"character_chosen":"THE_SILENT","items_purchased":["Apotheosis","Dark Shackles","Anchor","Mind Blast","Cloak And Dagger","Escape Plan"],"campfire_rested":4,"item_purchase_floors":[21,21,21,38,38,44],"current_hp_per_floor":[63,49,32,32,32,32,53,36,36,29,50,41,40,40,61,44,64,53,53,52,52,52,52,52,52,52,52,57,62,67,67,67,41,63,68,68,58,58,58,58,53,53,58,58,62,65,70,41,62,0],"gold":106,"neow_bonus":"THREE_ENEMY_KILL","is_prod":false,"is_daily":false,"chose_seed":false,"campfire_upgraded":5,"win_rate":0,"timestamp":1556819134,"path_taken":["M","?","?","?","M","E","R","E","T","E","R","E","M","?","R","BOSS","M","?","M","$","?","R","?","?","T","R","M","M","M","?","R","BOSS","M","?","?","?","?","R","E","R","T","$","?","M","M","E","R","BOSS"],"build_version":"2019-01-23","purchased_purges":0,"victory":false,"max_hp_per_floor":[70,70,70,70,70,70,70,70,70,70,70,70,70,70,70,70,70,70,70,70,70,70,70,70,70,70,70,70,70,70,70,70,70,70,70,70,70,70,70,70,70,70,70,70,70,70,70,70,70,70],"card_choices":[{"not_picked":["Poisoned Stab","Outmaneuver"],"picked":"Sucker Punch","floor":1},{"not_picked":["Bane","Prepared"],"picked":"Deadly Poison","floor":5},{"not_picked":["Tactician","Quick Slash"],"picked":"Escape Plan","floor":6},{"not_picked":["Quick Slash","Poisoned Stab"],"picked":"After Image","floor":8},{"not_picked":["Outmaneuver","Bane"],"picked":"Sucker Punch","floor":10},{"not_picked":["Backstab","Poisoned Stab"],"picked":"Storm of Steel","floor":12},{"not_picked":["Dodge and Roll","Slice"],"picked":"Dagger Throw","floor":13},{"not_picked":["Unload","Malaise"],"picked":"After Image","floor":16},{"not_picked":["Bane+1","Outmaneuver","Masterful Stab"],"picked":"SKIP","floor":18},{"not_picked":["Reflex","PiercingWail"],"picked":"Cloak And Dagger","floor":20},{"not_picked":["Quick Slash","Sucker Punch","Underhanded Strike"],"picked":"SKIP","floor":28},{"not_picked":["Outmaneuver","Choke"],"picked":"Calculated Gamble","floor":29},{"not_picked":["Footwork","Escape Plan"],"picked":"Corpse Explosion","floor":30},{"not_picked":["Wraith Form v2","Tools of the Trade"],"picked":"Corpse Explosion","floor":33},{"not_picked":["Poisoned Stab","Underhanded Strike"],"picked":"Sucker Punch+1","floor":35},{"not_picked":["Violence","Flash of Steel"],"picked":"Mind Blast","floor":37},{"not_picked":["Dark Shackles","PanicButton"],"picked":"Mind Blast","floor":37},{"not_picked":["Deep Breath","Discovery"],"picked":"Trip","floor":37},{"not_picked":["Dodge and Roll","Acrobatics"],"picked":"Prepared+1","floor":41},{"not_picked":["Setup","Quick Slash"],"picked":"Skewer+1","floor":45},{"not_picked":["Deadly Poison","Riddle With Holes+1"],"picked":"Choke+1","floor":46},{"not_picked":["Eviscerate","Catalyst+1"],"picked":"Backstab","floor":47},{"not_picked":["Sucker Punch+1","Underhanded Strike"],"picked":"Endless Agony+1","floor":48}],"player_experience":1536175,"relics_obtained":[{"floor":4,"key":"Boot"},{"floor":6,"key":"StoneCalendar"},{"floor":8,"key":"Sundial"},{"floor":9,"key":"Meat on the Bone"},{"floor":10,"key":"Centennial Puzzle"},{"floor":12,"key":"Dead Branch"},{"floor":26,"key":"Dodecahedron"},{"floor":41,"key":"Bronze Scales"},{"floor":43,"key":"Oddly Smooth Stone"},{"floor":48,"key":"Singing Bowl"}],"event_choices":[{"damage_healed":0,"gold_gain":0,"player_choice":"Entered Light","damage_taken":14,"max_hp_gain":0,"max_hp_loss":0,"event_name":"Shining Light","floor":2,"gold_loss":0,"cards_upgraded":["Defend_G","Strike_G"]},{"damage_healed":0,"gold_gain":0,"player_choice":"Take Damage","damage_taken":17,"relics_obtained":["Golden Idol"],"max_hp_gain":0,"max_hp_loss":0,"event_name":"Golden Idol","floor":3,"gold_loss":0},{"damage_healed":0,"gold_gain":0,"player_choice":"Grow","damage_taken":0,"max_hp_gain":0,"max_hp_loss":0,"event_name":"Living Wall","floor":14,"gold_loss":0,"cards_upgraded":["After Image"]},{"damage_healed":0,"gold_gain":0,"player_choice":"Read","damage_taken":0,"max_hp_gain":0,"max_hp_loss":0,"event_name":"The Library","floor":19,"gold_loss":0,"cards_obtained":["Endless Agony"]},{"damage_healed":0,"gold_gain":0,"player_choice":"Ignored","damage_taken":0,"max_hp_gain":0,"max_hp_loss":0,"event_name":"Vampires","floor":22,"gold_loss":0},{"damage_healed":0,"gold_gain":0,"player_choice":"Opened","damage_taken":0,"relics_obtained":["Mercury Hourglass"],"max_hp_gain":0,"max_hp_loss":0,"event_name":"The Mausoleum","floor":24,"gold_loss":0,"cards_obtained":["Writhe"]},{"damage_healed":0,"gold_gain":0,"player_choice":"Gave Idol","damage_taken":0,"relics_obtained":["Bloody Idol"],"max_hp_gain":0,"max_hp_loss":0,"event_name":"Forgotten Altar","floor":25,"relics_lost":["Golden Idol"],"gold_loss":0},{"damage_healed":0,"gold_gain":0,"cards_transformed":["Strike_G"],"player_choice":"Transformed","damage_taken":0,"max_hp_gain":0,"max_hp_loss":0,"event_name":"Transmorgrifier","floor":31,"gold_loss":0,"cards_obtained":["Skewer"]},{"cards_removed":["Sucker Punch"],"damage_healed":0,"gold_gain":0,"player_choice":"Removed Attack","damage_taken":0,"max_hp_gain":0,"max_hp_loss":0,"event_name":"Falling","floor":36,"gold_loss":0},{"damage_healed":0,"gold_gain":0,"player_choice":"Memory 3","damage_taken":10,"max_hp_gain":0,"max_hp_loss":0,"event_name":"SensoryStone","floor":37,"gold_loss":0},{"damage_healed":0,"gold_gain":0,"player_choice":"Got Potions","damage_taken":0,"max_hp_gain":0,"max_hp_loss":0,"event_name":"Lab","floor":39,"gold_loss":0}],"is_beta":false,"boss_relics":[{"not_picked":["Runic Dome","Philosopher\u0027s Stone"],"picked":"Astrolabe"},{"not_picked":["Velvet Choker","Black Star"],"picked":"White Beast Statue"}],"items_purged_floors":[],"is_endless":false,"potions_floor_spawned":[5,10,12,13,18,29,30,35,41,45,46,47,48],"killed_by":"Awakened One","ascension_level":13}