{"gold_per_floor":[119,131,131,131,47,81,99,142,142,163,22,38,38,56,56,56],"floor_reached":16,"playtime":1775,"items_purged":[],"score":199,"play_id":"3a292dcf-cc59-440c-a66a-111cf450d211","local_time":"20190421172804","is_ascension_mode":true,"campfire_choices":[{"floor":13,"key":"REST"},{"floor":15,"key":"REST"}],"neow_cost":"NONE","seed_source_timestamp":365975014115,"circlet_count":0,"master_deck":["Defend_G","Defend_G","Defend_G","Defend_G","Defend_G","Strike_G","Strike_G","Strike_G","Strike_G","Strike_G","Survivor","Neutralize","Prepared+1","Escape Plan","Escape Plan","Cloak And Dagger","Expertise","Escape Plan","Malaise","Backflip","Well Laid Plans","PiercingWail","Deflect","Flechettes"],"relics":["Ring of the Snake","NeowsBlessing","Golden Idol","Snake Skull","Singing Bowl","Blood Vial"],"potions_floor_usage":[10,12,12,16],"damage_taken":[{"damage":0,"enemies":"Cultist","floor":1,"turns":1},{"damage":0,"enemies":"2 Louse","floor":2,"turns":1},{"damage":0,"enemies":"Gremlin Nob","floor":6,"turns":1},{"damage":4,"enemies":"Small Slimes","floor":7,"turns":5},{"damage":30,"enemies":"3 Sentries","floor":8,"turns":16},{"damage":3,"enemies":"Blue Slaver","floor":10,"turns":6},{"damage":11,"enemies":"Exordium Wildlife","floor":12,"turns":10},{"damage":0,"enemies":"2 Fungi Beasts","floor":14,"turns":5},{"damage":72,"enemies":"Hexaghost","floor":16,"turns":22}],"seed_played":"3832941934664767840","potions_obtained":[{"floor":1,"key":"FearPotion"},{"floor":8,"key":"Regen Potion"},{"floor":10,"key":"Swift Potion"},{"floor":12,"key":"Block Potion"},{"floor":14,"key":"SmokeBomb"}],"is_trial":false,"path_per_floor":["M","M","?","?","$","E","M","E","T","M","$","M","R","M","R","B"],"character_chosen":"THE_SILENT","items_purchased":["Escape Plan","Cloak And Dagger","Well Laid Plans","PiercingWail","Deflect"],"campfire_rested":2,"item_purchase_floors":[5,5,11,11,11],"current_hp_per_floor":[63,63,46,46,46,46,42,12,12,26,26,17,38,42,63,0],"gold":56,"neow_bonus":"THREE_ENEMY_KILL","is_prod":false,"is_daily":false,"chose_seed":false,"campfire_upgraded":0,"win_rate":0,"timestamp":1555892884,"path_taken":["M","?","?","?","$","E","M","E","T","M","$","?","R","M","R","BOSS"],"build_version":"2019-01-23","purchased_purges":0,"victory":false,"max_hp_per_floor":[70,70,70,70,70,70,70,70,70,70,70,70,70,72,72,72],"card_choices":[{"not_picked":["Quick Slash","Masterful Stab"],"picked":"Prepared","floor":1},{"not_picked":["Quick Slash","Deadly Poison"],"picked":"Escape Plan","floor":2},{"not_picked":["Caltrops","Finisher"],"picked":"Expertise","floor":6},{"not_picked":["Dodge and Roll","Deadly Poison"],"picked":"Escape Plan","floor":7},{"not_picked":["Tools of the Trade","Flying Knee"],"picked":"Malaise","floor":8},{"not_picked":["Dodge and Roll","Underhanded Strike"],"picked":"Backflip","floor":10},{"not_picked":["Catalyst","Riddle With Holes"],"picked":"Flechettes","floor":12},{"not_picked":["PiercingWail","Bane","Dagger Spray"],"picked":"Singing Bowl","floor":14}],"player_experience":1414771,"relics_obtained":[{"floor":6,"key":"Snake Skull"},{"floor":8,"key":"Singing Bowl"},{"floor":9,"key":"Blood Vial"}],"event_choices":[{"damage_healed":0,"gold_gain":0,"player_choice":"Take Damage","damage_taken":17,"relics_obtained":["Golden Idol"],"max_hp_gain":0,"max_hp_loss":0,"event_name":"Golden Idol","floor":3,"gold_loss":0},{"damage_healed":0,"gold_gain":0,"player_choice":"Upgraded","damage_taken":0,"max_hp_gain":0,"max_hp_loss":0,"event_name":"Upgrade Shrine","floor":4,"gold_loss":0,"cards_upgraded":["Prepared"]}],"is_beta":false,"boss_relics":[],"items_purged_floors":[],"is_endless":false,"potions_floor_spawned":[1,8,10,12,14],"killed_by":"Hexaghost","ascension_level":9}