{"gold_per_floor":[361,361,436,436,456,456,456,456],"floor_reached":8,"playtime":235,"items_purged":[],"score":53,"play_id":"5517f372-ddd6-41b8-9221-d73cff7bb393","local_time":"20190418112628","is_ascension_mode":true,"campfire_choices":[{"data":"Riddle With Holes","floor":6,"key":"SMITH"}],"neow_cost":"TEN_PERCENT_HP_LOSS","seed_source_timestamp":615265246088200,"circlet_count":0,"master_deck":["Defend_G","Defend_G","Defend_G","Defend_G","Defend_G","Strike_G","Strike_G","Strike_G","Strike_G","Survivor","Neutralize","Riddle With Holes+1","Backflip"],"relics":["Ring of the Snake","Bag of Preparation"],"potions_floor_usage":[8,8],"damage_taken":[{"damage":3,"enemies":"Small Slimes","floor":1,"turns":6},{"damage":0,"enemies":"2 Louse","floor":5,"turns":2},{"damage":33,"enemies":"Lagavulin","floor":8,"turns":8}],"seed_played":"7195572246438072317","potions_obtained":[{"floor":1,"key":"AttackPotion"},{"floor":5,"key":"Poison Potion"}],"is_trial":false,"path_per_floor":["M","?","?","?","M","R","?","E"],"character_chosen":"THE_SILENT","items_purchased":[],"campfire_rested":0,"item_purchase_floors":[],"current_hp_per_floor":[60,60,49,42,42,42,30,0],"gold":456,"neow_bonus":"TWO_FIFTY_GOLD","is_prod":false,"is_daily":false,"chose_seed":false,"campfire_upgraded":1,"win_rate":0,"timestamp":1555611988,"path_taken":["M","?","?","?","M","R","?","E"],"build_version":"2019-01-23","purchased_purges":0,"victory":false,"max_hp_per_floor":[63,63,63,63,63,63,63,63],"card_choices":[{"not_picked":["PiercingWail","All Out Attack"],"picked":"Riddle With Holes","floor":1},{"not_picked":["Accuracy","Riddle With Holes"],"picked":"Backflip","floor":5}],"player_experience":324300,"relics_obtained":[],"event_choices":[{"damage_healed":0,"gold_gain":0,"player_choice":"Ignored","damage_taken":0,"max_hp_gain":0,"max_hp_loss":0,"event_name":"Liars Game","floor":2,"gold_loss":0},{"damage_healed":0,"gold_gain":75,"player_choice":"Gather Gold","damage_taken":11,"max_hp_gain":0,"max_hp_loss":0,"event_name":"World of Goop","floor":3,"gold_loss":0},{"cards_removed":["Strike_G"],"damage_healed":0,"gold_gain":0,"player_choice":"Card Removal","damage_taken":7,"max_hp_gain":0,"max_hp_loss":0,"event_name":"Golden Wing","floor":4,"gold_loss":0},{"damage_healed":0,"gold_gain":0,"player_choice":"Success","damage_taken":12,"relics_obtained":["Bag of Preparation"],"max_hp_gain":0,"max_hp_loss":0,"event_name":"Scrap Ooze","floor":7,"gold_loss":0}],"is_beta":false,"boss_relics":[],"items_purged_floors":[],"is_endless":false,"potions_floor_spawned":[1,5],"killed_by":"Lagavulin","ascension_level":4}