{"gold_per_floor":[16,191,191,91,91,91,119,119,119,119,119,158,158],"floor_reached":13,"playtime":329,"items_purged":["Regret"],"score":126,"play_id":"42a89667-d331-4f47-b97a-b7ccfebfb397","local_time":"20190112161617","is_ascension_mode":true,"campfire_choices":[{"data":"Feed","floor":6,"key":"SMITH"},{"data":"Bash","floor":8,"key":"SMITH"},{"floor":10,"key":"REST"}],"neow_cost":"NO_GOLD","seed_source_timestamp":222155811809900,"circlet_count":0,"master_deck":["Strike_R","Strike_R","Strike_R","Strike_R","Strike_R","Defend_R","Defend_R","Defend_R","Defend_R","Bash+1","Feed+1","Rage","Perfected Strike","Injury","Whirlwind"],"relics":["Burning Blood","Centennial Puzzle","Pen Nib","Oddly Smooth Stone","Golden Idol","Singing Bowl"],"potions_floor_usage":[7],"damage_taken":[{"damage":7,"enemies":"2 Louse","floor":1,"turns":3},{"damage":29,"enemies":"Lagavulin","floor":7,"turns":5},{"damage":70,"enemies":"Gremlin Nob","floor":12,"turns":6},{"damage":16,"enemies":"Jaw Worm","floor":13,"turns":3}],"seed_played":"1699061111990941532","potions_obtained":[{"floor":1,"key":"PowerPotion"}],"is_trial":false,"path_per_floor":["M","?","?","$","?","R","E","R","T","R","?","E","M"],"character_chosen":"IRONCLAD","items_purchased":["Perfected Strike"],"campfire_rested":1,"item_purchase_floors":[4],"current_hp_per_floor":[74,74,74,74,74,74,51,51,51,75,75,11,0],"gold":158,"neow_bonus":"THREE_RARE_CARDS","is_prod":false,"is_daily":false,"chose_seed":false,"campfire_upgraded":2,"win_rate":0,"timestamp":1547306177,"path_taken":["M","?","?","$","?","R","E","R","T","R","?","E","M"],"build_version":"2019-01-10","purchased_purges":1,"victory":false,"max_hp_per_floor":[83,83,83,83,83,83,83,83,83,83,83,83,83],"card_choices":[{"not_picked":["Demon Form","Barricade"],"picked":"Feed","floor":0},{"not_picked":["Feel No Pain","Power Through"],"picked":"Rage","floor":1},{"not_picked":["Shrug It Off","Uppercut","Warcry"],"picked":"SKIP","floor":7},{"not_picked":["Heavy Blade","Body Slam"],"picked":"Whirlwind","floor":12}],"player_experience":1101771,"relics_obtained":[{"floor":7,"key":"Pen Nib"},{"floor":9,"key":"Oddly Smooth Stone"},{"floor":12,"key":"Singing Bowl"}],"event_choices":[{"damage_healed":0,"gold_gain":175,"player_choice":"AGREE","damage_taken":0,"max_hp_gain":0,"max_hp_loss":0,"event_name":"Liars Game","floor":2,"gold_loss":0,"cards_obtained":["Doubt"]},{"damage_healed":0,"gold_gain":0,"player_choice":"Box","damage_taken":0,"relics_obtained":["Centennial Puzzle"],"max_hp_gain":0,"max_hp_loss":0,"event_name":"Big Fish","floor":3,"gold_loss":0,"cards_obtained":["Regret"]},{"cards_removed":["Doubt"],"damage_healed":0,"gold_gain":0,"player_choice":"Forget","damage_taken":0,"max_hp_gain":0,"max_hp_loss":0,"event_name":"Living Wall","floor":5,"gold_loss":0},{"damage_healed":0,"gold_gain":0,"player_choice":"Take Wound","damage_taken":0,"relics_obtained":["Golden Idol"],"max_hp_gain":0,"max_hp_loss":0,"event_name":"Golden Idol","floor":11,"gold_loss":0,"cards_obtained":["Injury"]}],"is_beta":false,"boss_relics":[],"items_purged_floors":[4],"is_endless":false,"potions_floor_spawned":[1],"killed_by":"Jaw Worm","ascension_level":9}