{"gold_per_floor":[112,112,112,125,23,23,40,40,40,55,83,133,162,224,236,248],"floor_reached":16,"playtime":433,"items_purged":[],"score":155,"play_id":"57a80a0b-3841-455f-ba82-52898fd5f1ec","local_time":"20190414120412","is_ascension_mode":true,"campfire_choices":[{"data":"Poisoned Stab","floor":6,"key":"SMITH"},{"data":"Skewer","floor":8,"key":"SMITH"},{"data":"Catalyst","floor":15,"key":"SMITH"}],"neow_cost":"NONE","seed_source_timestamp":300660659246700,"circlet_count":0,"master_deck":["AscendersBane","Defend_G","Defend_G","Defend_G","Defend_G","Defend_G","Strike_G","Strike_G","Strike_G","Strike_G","Strike_G","Survivor","Neutralize","Poisoned Stab+1","Deadly Poison","Skewer+1","Catalyst+1"],"relics":["Ring of the Snake","NeowsBlessing","SsserpentHead","Vajra","Omamori","Snake Skull","MawBank"],"potions_floor_usage":[10,16],"damage_taken":[{"damage":0,"enemies":"Cultist","floor":1,"turns":1},{"damage":0,"enemies":"Jaw Worm","floor":4,"turns":1},{"damage":0,"enemies":"2 Louse","floor":7,"turns":1},{"damage":5,"enemies":"Gremlin Gang","floor":10,"turns":4},{"damage":39,"enemies":"Gremlin Nob","floor":11,"turns":5},{"damage":1,"enemies":"2 Fungi Beasts","floor":13,"turns":2},{"damage":84,"enemies":"Slime Boss","floor":16,"turns":8}],"seed_played":"6404946209572547538","potions_obtained":[{"floor":4,"key":"EssenceOfSteel"},{"floor":7,"key":"AttackPotion"},{"floor":13,"key":"Ancient Potion"}],"is_trial":false,"path_per_floor":["M","?","$","M","$","R","M","R","T","M","E","T","M","?","R","B"],"character_chosen":"THE_SILENT","items_purchased":["Vajra"],"campfire_rested":0,"item_purchase_floors":[5],"current_hp_per_floor":[63,63,63,63,63,63,63,63,63,58,19,19,18,70,70,0],"gold":248,"neow_bonus":"THREE_ENEMY_KILL","is_prod":false,"is_daily":false,"chose_seed":false,"campfire_upgraded":3,"win_rate":0,"timestamp":1555236252,"path_taken":["M","?","$","M","?","R","M","R","T","M","E","?","M","?","R","BOSS"],"build_version":"2019-01-23","purchased_purges":0,"victory":false,"max_hp_per_floor":[70,70,70,70,70,70,70,70,70,70,70,70,70,70,70,70],"card_choices":[{"not_picked":["Outmaneuver","Distraction"],"picked":"Poisoned Stab","floor":1},{"not_picked":["Dagger Throw","Dagger Spray"],"picked":"Deadly Poison","floor":4},{"not_picked":["Underhanded Strike","Acrobatics"],"picked":"Skewer","floor":7},{"not_picked":["PiercingWail","Eviscerate","Footwork"],"picked":"SKIP","floor":10},{"not_picked":["Flying Knee","Leg Sweep"],"picked":"Catalyst","floor":11},{"not_picked":["PiercingWail","Tactician","After Image"],"picked":"SKIP","floor":13}],"player_experience":1697166,"relics_obtained":[{"floor":9,"key":"Omamori"},{"floor":11,"key":"Snake Skull"},{"floor":12,"key":"MawBank"}],"event_choices":[{"damage_healed":0,"gold_gain":0,"player_choice":"Trade","damage_taken":0,"relics_obtained":["SsserpentHead"],"max_hp_gain":0,"max_hp_loss":0,"event_name":"FaceTrader","floor":2,"gold_loss":0},{"damage_healed":52,"gold_gain":0,"player_choice":"Full Heal","damage_taken":0,"max_hp_gain":0,"max_hp_loss":0,"event_name":"Wheel of Change","floor":14,"gold_loss":0}],"is_beta":false,"boss_relics":[],"items_purged_floors":[],"is_endless":false,"potions_floor_spawned":[4,7,13],"killed_by":"Slime Boss","ascension_level":11}