{"gold_per_floor":[110,125,125,138,154,154,329,329,329,349,17,72,5,5,5,103,103,120,0,17,17,17,36,36,54,80,5,15,15,15,25,25,25],"floor_reached":33,"playtime":1729,"items_purged":["Shame"],"score":321,"play_id":"64b30b09-17a1-4c66-9f38-e60bdf39e2cb","local_time":"20190122092648","is_ascension_mode":true,"campfire_choices":[{"floor":6,"key":"REST"},{"floor":15,"key":"REST"},{"floor":24,"key":"REST"},{"floor":30,"key":"REST"},{"floor":32,"key":"REST"}],"neow_cost":"NONE","seed_source_timestamp":1091352364044964,"circlet_count":0,"master_deck":["Strike_B","Strike_B","Strike_B","Strike_B","Defend_B","Defend_B","Defend_B","Defend_B+1","Zap+1","Dualcast","Finesse","Ball Lightning","Barrage","Ball Lightning","Thunder Strike","Doubt","Ball Lightning","Capacitor","Tempest","Loop","Core Surge","Consume","Chill","Leap","Leap","Melter","Core Surge","Steam Power","Capacitor+1","Ball Lightning+1","Rebound+1","Leap"],"relics":["Cracked Core","Cables","Gremlin Horn","Mercury Hourglass","PreservedInsect","Orrery","Bag of Marbles","Bronze Scales"],"potions_floor_usage":[16,28,28,28,28,33,33,33],"damage_taken":[{"damage":0,"enemies":"Cultist","floor":1,"turns":4},{"damage":9,"enemies":"2 Louse","floor":2,"turns":2},{"damage":12,"enemies":"Jaw Worm","floor":4,"turns":2},{"damage":4,"enemies":"Blue Slaver","floor":5,"turns":3},{"damage":7,"enemies":"2 Fungi Beasts","floor":10,"turns":2},{"damage":10,"enemies":"3 Sentries","floor":12,"turns":2},{"damage":34,"enemies":"The Guardian","floor":16,"turns":7},{"damage":19,"enemies":"Shell Parasite","floor":18,"turns":4},{"damage":2,"enemies":"Spheric Guardian","floor":20,"turns":3},{"damage":22,"enemies":"Snecko","floor":23,"turns":4},{"damage":13,"enemies":"Cultist and Chosen","floor":25,"turns":4},{"damage":15,"enemies":"Shelled Parasite and Fungi","floor":28,"turns":3},{"damage":1,"enemies":"3 Cultists","floor":31,"turns":3},{"damage":72,"enemies":"Collector","floor":33,"turns":7}],"seed_played":"-604424719562615483","potions_obtained":[{"floor":3,"key":"FairyPotion"},{"floor":3,"key":"SteroidPotion"},{"floor":3,"key":"EntropicBrew"},{"floor":5,"key":"AttackPotion"},{"floor":10,"key":"Swift Potion"},{"floor":16,"key":"Swift Potion"},{"floor":20,"key":"Block Potion"},{"floor":28,"key":"Dexterity Potion"},{"floor":31,"key":"SpeedPotion"}],"is_trial":false,"path_per_floor":["M","M","?","M","M","R","?","?","T","M","$","?","$","?","R","B",null,"M","?","M","$","?","M","R","M","T","$","M","$","R","M","R","B"],"character_chosen":"DEFECT","items_purchased":["Mercury Hourglass","Capacitor","Loop"],"campfire_rested":5,"item_purchase_floors":[11,11,13],"current_hp_per_floor":[75,66,66,54,50,72,72,72,72,65,65,55,55,40,62,28,63,44,44,42,42,42,20,42,29,29,29,14,14,36,35,57,0],"gold":25,"neow_bonus":"RANDOM_COLORLESS","is_prod":false,"is_daily":false,"chose_seed":false,"campfire_upgraded":0,"win_rate":0,"timestamp":1548178008,"path_taken":["M","M","?","M","?","R","?","?","T","?","$","?","$","?","R","BOSS","M","?","M","$","?","M","R","M","T","$","M","$","R","M","R","BOSS"],"build_version":"2019-01-17v2","purchased_purges":1,"victory":false,"max_hp_per_floor":[75,75,75,75,75,75,75,75,75,75,75,75,75,75,75,75,75,75,75,75,75,75,75,75,75,75,75,75,75,75,75,75,75],"card_choices":[{"not_picked":["Coolheaded","Darkness"],"picked":"Ball Lightning","floor":1},{"not_picked":["Double Energy","Genetic Algorithm"],"picked":"Barrage","floor":2},{"not_picked":["Barrage","Stack"],"picked":"Ball Lightning","floor":4},{"not_picked":["Reprogram","Sweeping Beam"],"picked":"Thunder Strike","floor":5},{"not_picked":["Rip and Tear","Chaos"],"picked":"Ball Lightning","floor":10},{"not_picked":["Auto Shields","Barrage"],"picked":"Tempest","floor":12},{"not_picked":["All For One","Amplify"],"picked":"Core Surge","floor":16},{"not_picked":["Hologram","Genetic Algorithm"],"picked":"Consume","floor":17},{"not_picked":["Go for the Eyes","Coolheaded"],"picked":"Chill","floor":17},{"not_picked":["Stack","Streamline"],"picked":"Leap","floor":17},{"not_picked":["Glacier","Heatsinks"],"picked":"Leap","floor":17},{"not_picked":["Leap","Glacier"],"picked":"Melter","floor":17},{"not_picked":["Tempest","Scrape"],"picked":"Core Surge","floor":18},{"not_picked":["Compile Driver+1","Streamline"],"picked":"Steam Power","floor":20},{"not_picked":["Tempest","Stack"],"picked":"Capacitor+1","floor":23},{"not_picked":["Conserve Battery","Fusion"],"picked":"Ball Lightning+1","floor":25},{"not_picked":["Reprogram","Chaos"],"picked":"Rebound+1","floor":28},{"not_picked":["Steam","Blizzard"],"picked":"Leap","floor":31}],"player_experience":596235,"relics_obtained":[{"floor":9,"key":"Gremlin Horn"},{"floor":26,"key":"Bronze Scales"}],"event_choices":[{"damage_healed":0,"gold_gain":0,"player_choice":"Got Potions","damage_taken":0,"max_hp_gain":0,"max_hp_loss":0,"event_name":"Lab","floor":3,"gold_loss":0},{"damage_healed":0,"gold_gain":175,"player_choice":"AGREE","damage_taken":0,"max_hp_gain":0,"max_hp_loss":0,"event_name":"Liars Game","floor":7,"gold_loss":0,"cards_obtained":["Doubt"]},{"damage_healed":0,"gold_gain":0,"player_choice":"Gave Potion","damage_taken":0,"relics_obtained":["Cables"],"max_hp_gain":0,"max_hp_loss":0,"event_name":"WeMeetAgain","floor":8,"gold_loss":0},{"damage_healed":0,"gold_gain":30,"player_choice":"Searched \u00273\u0027 times","damage_taken":0,"relics_obtained":["PreservedInsect"],"max_hp_gain":0,"max_hp_loss":0,"event_name":"Dead Adventurer","floor":12,"gold_loss":0},{"damage_healed":0,"gold_gain":0,"player_choice":"Entered Light","damage_taken":15,"max_hp_gain":0,"max_hp_loss":0,"event_name":"Shining Light","floor":14,"gold_loss":0,"cards_upgraded":["Defend_B","Zap"]},{"damage_healed":0,"gold_gain":0,"player_choice":"Paid Fearfully","damage_taken":0,"max_hp_gain":0,"max_hp_loss":0,"event_name":"Masked Bandits","floor":19,"gold_loss":120},{"damage_healed":0,"gold_gain":0,"player_choice":"Stole Relic","damage_taken":0,"relics_obtained":["Bag of Marbles"],"max_hp_gain":0,"max_hp_loss":0,"event_name":"Addict","floor":22,"gold_loss":0,"cards_obtained":["Shame"]}],"is_beta":false,"boss_relics":[{"not_picked":["Inserter","Nuclear Battery"],"picked":"Orrery"}],"items_purged_floors":[27],"is_endless":false,"potions_floor_spawned":[4,5,10,16,20,28,31],"killed_by":"Collector","ascension_level":5}