{"gold_per_floor":[119,119,119,44,62,62,96,112,112,32,32,42,70,20,20,119,119,135,153,153,68,0,0,14,14,14,27,37,55,65,65,65,165,165,177,189,189,207,207,207,225,225,302,318,328,0,15,25,25,25],"floor_reached":50,"playtime":6979,"items_purged":["Regret"],"score":470,"play_id":"c9319637-f71b-4adc-8efd-e37162b7bcd4","local_time":"20181127182042","is_ascension_mode":true,"campfire_choices":[{"data":"Survivor","floor":6.0,"key":"SMITH"},{"floor":11.0,"key":"REST"},{"data":"Noxious Fumes","floor":15.0,"key":"SMITH"},{"data":"Bouncing Flask","floor":23.0,"key":"SMITH"},{"data":"Deadly Poison","floor":25.0,"key":"SMITH"},{"floor":32.0,"key":"REST"},{"floor":40.0,"key":"REST"},{"floor":42.0,"key":"REST"},{"floor":49,"key":"REST"}],"neow_cost":"NONE","seed_source_timestamp":0,"circlet_count":0,"master_deck":["Defend_G","Defend_G","Defend_G","Defend_G","Strike_G","Strike_G","Survivor+1","Neutralize","Well Laid Plans","Bouncing Flask+1","Deadly Poison+1","Noxious Fumes+1","Deadly Poison","Deadly Poison+1","Adrenaline","Dash+1","Noxious Fumes"],"special_seed":0,"relics":["Velvet Choker","Lantern","Darkstone Periapt","Bag of Preparation","Pear","Odd Mushroom","Empty Cage","Gambling Chip","Molten Egg 2","Fusion Hammer","Red Mask"],"potions_floor_usage":[48,50,50],"damage_taken":[{"damage":0.0,"enemies":"Small Slimes","floor":1.0,"turns":5.0},{"damage":0.0,"enemies":"Jaw Worm","floor":5.0,"turns":3.0},{"damage":47.0,"enemies":"Lagavulin","floor":7.0,"turns":13.0},{"damage":0.0,"enemies":"Cultist","floor":8.0,"turns":4.0},{"damage":0.0,"enemies":"2 Fungi Beasts","floor":12.0,"turns":3.0},{"damage":9.0,"enemies":"The Mushroom Lair","floor":13.0,"turns":3.0},{"damage":17.0,"enemies":"Hexaghost","floor":16.0,"turns":7.0},{"damage":0.0,"enemies":"3 Byrds","floor":18.0,"turns":4.0},{"damage":2.0,"enemies":"Shell Parasite","floor":19.0,"turns":4.0},{"damage":0.0,"enemies":"Centurion and Healer","floor":24.0,"turns":5.0},{"damage":11.0,"enemies":"Shelled Parasite and Fungi","floor":27.0,"turns":4.0},{"damage":21.0,"enemies":"Snake Plant","floor":28.0,"turns":3.0},{"damage":2.0,"enemies":"3 Cultists","floor":29.0,"turns":5.0},{"damage":0.0,"enemies":"Chosen and Byrds","floor":30.0,"turns":4.0},{"damage":41.0,"enemies":"Champ","floor":33.0,"turns":9.0},{"damage":4.0,"enemies":"Orb Walker","floor":35.0,"turns":3.0},{"damage":30.0,"enemies":"3 Darklings","floor":36.0,"turns":5.0},{"damage":27.0,"enemies":"Sphere and 2 Shapes","floor":38.0,"turns":5.0},{"damage":13.0,"enemies":"Writhing Mass","floor":41.0,"turns":5.0},{"damage":31.0,"enemies":"Spire Growth","floor":44.0,"turns":4.0},{"damage":17.0,"enemies":"Jaw Worm Horde","floor":45.0,"turns":4.0},{"damage":0.0,"enemies":"Transient","floor":47.0,"turns":5.0},{"damage":6,"enemies":"Spire Growth","floor":48,"turns":5},{"damage":35,"enemies":"Time Eater","floor":50,"turns":5}],"seed_played":"286993470951611217","potions_obtained":[{"floor":8.0,"key":"Block Potion"},{"floor":12.0,"key":"Explosive Potion"},{"floor":13.0,"key":"Swift Potion"},{"floor":16.0,"key":"Dexterity Potion"},{"floor":18.0,"key":"Weak Potion"},{"floor":27.0,"key":"Explosive Potion"},{"floor":29.0,"key":"Fire Potion"},{"floor":35.0,"key":"FearPotion"},{"floor":41.0,"key":"AttackPotion"},{"floor":44.0,"key":"EssenceOfSteel"},{"floor":48,"key":"AttackPotion"}],"is_trial":false,"path_per_floor":["M","?","T","$","M","R","E","M","T","$","R","M","?","?","R","B",null,"M","M","?","?","?","R","M","R","T","M","M","M","M","$","R","B",null,"M","M","?","M","?","R","M","R","T","M","M","M","?","M","M","R","B"],"character_chosen":"THE_SILENT","items_purchased":["Bouncing Flask","Deadly Poison"],"campfire_rested":5,"item_purchase_floors":[10,10],"current_hp_per_floor":[70,70,70,70,70,70,23,23,33,33,57,57,48,48,48,31,80,80,78,63,63,63,63,63,63,63,52,31,29,29,29,54,13,85,81,51,51,24,24,48,35,59,59,28,11,11,11,5,29,0],"gold":25,"neow_bonus":"BOSS_RELIC","is_prod":false,"is_daily":false,"chose_seed":false,"campfire_upgraded":4,"win_rate":0,"timestamp":1543310442,"path_taken":["M","?","?","$","?","R","E","M","T","$","R","M","?","?","R","BOSS","M","M","?","?","?","R","M","R","T","M","M","M","M","$","R","BOSS","M","M","?","M","?","R","M","R","T","M","M","?","M","M","R","BOSS"],"build_version":"2018-11-15","purchased_purges":1,"victory":false,"max_hp_per_floor":[70,70,70,70,70,70,70,70,80,80,80,80,80,80,80,80,80,80,80,85,85,85,85,85,85,85,85,85,85,85,85,85,85,85,85,85,81,81,81,81,81,81,81,81,81,81,81,81,81,81],"card_choices":[{"not_picked":["Deflect","Flying Knee","Underhanded Strike"],"picked":"SKIP","floor":1.0},{"not_picked":["Prepared","Sucker Punch","Skewer"],"picked":"SKIP","floor":5.0},{"not_picked":["Dagger Spray","PiercingWail"],"picked":"Well Laid Plans","floor":7.0},{"not_picked":["Flechettes","Bane","Sucker Punch"],"picked":"SKIP","floor":8.0},{"not_picked":["Finisher","Heel Hook"],"picked":"Noxious Fumes","floor":12.0},{"not_picked":["Sucker Punch+1","Caltrops"],"picked":"Deadly Poison","floor":18.0},{"not_picked":["Underhanded Strike","Dodge and Roll+1","Blade Dance"],"picked":"SKIP","floor":19.0},{"not_picked":["Bullet Time","Blur"],"picked":"Deadly Poison+1","floor":24.0},{"not_picked":["Flying Knee+1","Prepared","Blade Dance+1"],"picked":"SKIP","floor":27.0},{"not_picked":["Backflip","Underhanded Strike+1","PiercingWail"],"picked":"SKIP","floor":28.0},{"not_picked":["Skewer+1","Finisher+1","Blade Dance"],"picked":"SKIP","floor":29.0},{"not_picked":["Blade Dance","Flechettes+1","Quick Slash+1"],"picked":"SKIP","floor":30.0},{"not_picked":["Bullet Time","Phantasmal Killer"],"picked":"Adrenaline","floor":33.0},{"not_picked":["Sucker Punch+1","Dagger Throw+1","Dagger Spray+1"],"picked":"SKIP","floor":35.0},{"not_picked":["Backflip","Deflect","Sucker Punch+1"],"picked":"SKIP","floor":36.0},{"not_picked":["Slice+1","Quick Slash+1","Flying Knee+1"],"picked":"SKIP","floor":38.0},{"not_picked":["Finisher+1","Flechettes+1","Escape Plan+1"],"picked":"SKIP","floor":41.0},{"not_picked":["Blade Dance","All Out Attack+1"],"picked":"Dash+1","floor":44.0},{"not_picked":["Heel Hook+1","Quick Slash+1","Caltrops+1"],"picked":"SKIP","floor":45.0},{"not_picked":["PiercingWail+1","Expertise+1","Flying Knee+1"],"picked":"SKIP","floor":47.0},{"not_picked":["Eviscerate+1","Bane+1"],"picked":"Noxious Fumes","floor":48}],"player_experience":123166,"relics_obtained":[{"floor":3.0,"key":"Darkstone Periapt"},{"floor":7.0,"key":"Bag of Preparation"},{"floor":9.0,"key":"Pear"},{"floor":13.0,"key":"Odd Mushroom"},{"floor":26.0,"key":"Molten Egg 2"}],"event_choices":[{"damage_healed":0.0,"max_hp_gain":0.0,"max_hp_loss":0.0,"gold_gain":0.0,"event_name":"Big Fish","player_choice":"Box","floor":2.0,"gold_loss":0.0,"damage_taken":0.0,"relics_obtained":["Lantern"],"cards_obtained":["Regret"]},{"damage_healed":0.0,"max_hp_gain":0.0,"max_hp_loss":0.0,"gold_gain":0.0,"event_name":"Mushrooms","player_choice":"Fought Mushrooms","floor":13.0,"gold_loss":0.0,"damage_taken":0.0},{"cards_removed":["Defend_G"],"damage_healed":0.0,"max_hp_gain":0.0,"max_hp_loss":0.0,"gold_gain":0.0,"event_name":"The Cleric","player_choice":"Card Removal","floor":14.0,"gold_loss":50.0,"damage_taken":0.0},{"damage_healed":0.0,"max_hp_gain":5.0,"max_hp_loss":0.0,"gold_gain":0.0,"event_name":"Forgotten Altar","player_choice":"Shed Blood","floor":20.0,"gold_loss":0.0,"damage_taken":20.0},{"damage_healed":0.0,"max_hp_gain":0.0,"max_hp_loss":0.0,"gold_gain":0.0,"event_name":"Addict","player_choice":"Obtained Relic","floor":21.0,"gold_loss":85.0,"damage_taken":0.0,"relics_obtained":["Gambling Chip"]},{"damage_healed":0.0,"max_hp_gain":0.0,"max_hp_loss":0.0,"gold_gain":0.0,"event_name":"Masked Bandits","player_choice":"Paid Fearfully","floor":22.0,"gold_loss":68.0,"damage_taken":0.0},{"damage_healed":0.0,"max_hp_gain":0.0,"max_hp_loss":4.0,"gold_gain":0.0,"event_name":"Winding Halls","player_choice":"Max HP","floor":37.0,"gold_loss":0.0,"damage_taken":0.0},{"cards_removed":["Strike_G"],"damage_healed":0.0,"max_hp_gain":0.0,"max_hp_loss":0.0,"gold_gain":0.0,"event_name":"Falling","player_choice":"Removed Attack","floor":39.0,"gold_loss":0.0,"damage_taken":0.0},{"damage_healed":0.0,"max_hp_gain":0.0,"max_hp_loss":0.0,"gold_gain":0.0,"event_name":"Tomb of Lord Red Mask","player_choice":"Paid","floor":46.0,"gold_loss":328.0,"damage_taken":0.0,"relics_obtained":["Red Mask"]}],"is_beta":false,"boss_relics":[{"not_picked":["HoveringKite","Runic Dome"],"picked":"Empty Cage"},{"not_picked":["Snecko Eye","Black Star"],"picked":"Fusion Hammer"}],"items_purged_floors":[4],"is_endless":false,"potions_floor_spawned":[8,12,13,16,18,27,29,35,41,44,48],"killed_by":"Time Eater","ascension_level":1}