{"gold_per_floor":[113,113,38,56,73,73,106,129,141,103,148,160,172,194,206,315,327,355,18,18,35,49,49,68,68,68,83,83,94,111,36,36,36],"floor_reached":33,"playtime":1298,"items_purged":["Strike_R","Strike_R"],"score":389,"play_id":"20f51382-db0c-4d84-a108-07c2c3e043e8","local_time":"20190227000556","is_ascension_mode":true,"campfire_choices":[{"floor":6,"key":"REST"},{"floor":13,"key":"REST"},{"floor":15,"key":"REST"},{"floor":23,"key":"REST"},{"floor":32,"key":"REST"}],"neow_cost":"NONE","seed_source_timestamp":19455643192900,"circlet_count":0,"master_deck":["AscendersBane","Strike_R","Defend_R","Defend_R","Defend_R","Bash+1","Shrug It Off","Cleave","Cleave","Whirlwind","Dropkick","Carnage","True Grit","Immolate","Pommel Strike","Metamorphosis","Rage","Body Slam+1","Uppercut+1","Cleave+1"],"relics":["Burning Blood","MawBank","Pen Nib","Darkstone Periapt","Gambling Chip","Sozu","Nilry\u0027s Codex","Gremlin Horn"],"potions_floor_usage":[7,7,8],"damage_taken":[{"damage":13,"enemies":"Small Slimes","floor":1,"turns":5},{"damage":19,"enemies":"Cultist","floor":4,"turns":6},{"damage":3,"enemies":"Jaw Worm","floor":5,"turns":6},{"damage":30,"enemies":"Lagavulin","floor":7,"turns":6},{"damage":0,"enemies":"2 Fungi Beasts","floor":8,"turns":2},{"damage":42,"enemies":"3 Sentries","floor":11,"turns":6},{"damage":0,"enemies":"Lots of Slimes","floor":14,"turns":1},{"damage":59,"enemies":"Slime Boss","floor":16,"turns":9},{"damage":13,"enemies":"Shell Parasite","floor":18,"turns":3},{"damage":5,"enemies":"Chosen","floor":21,"turns":3},{"damage":22,"enemies":"Centurion and Healer","floor":22,"turns":5},{"damage":8,"enemies":"Cultist and Chosen","floor":24,"turns":3},{"damage":5,"enemies":"3 Cultists","floor":27,"turns":3},{"damage":15,"enemies":"Snake Plant","floor":29,"turns":3},{"damage":13,"enemies":"Snecko","floor":30,"turns":3},{"damage":62,"enemies":"Collector","floor":33,"turns":6}],"seed_played":"8877826865399481312","potions_obtained":[{"floor":4,"key":"Dexterity Potion"},{"floor":5,"key":"Energy Potion"},{"floor":7,"key":"Strength Potion"}],"is_trial":false,"path_per_floor":["M","?","$","M","M","R","E","M","T","?","E","T","R","M","R","B",null,"M","$","?","M","M","R","M","?","T","M","$","M","M","?","R","B"],"character_chosen":"IRONCLAD","items_purchased":["Metamorphosis","Rage"],"campfire_rested":5,"item_purchase_floors":[19,19],"current_hp_per_floor":[65,65,65,52,55,79,55,61,61,61,25,25,49,55,79,26,67,60,60,52,53,37,61,59,43,43,44,44,35,28,28,52,0],"gold":36,"neow_bonus":"REMOVE_CARD","is_prod":false,"is_daily":false,"chose_seed":false,"campfire_upgraded":0,"win_rate":0,"timestamp":1551222356,"path_taken":["M","?","$","M","?","R","E","M","T","?","E","?","R","M","R","BOSS","M","$","?","M","?","R","M","?","T","M","$","M","M","?","R","BOSS"],"build_version":"2019-01-23","purchased_purges":2,"victory":false,"max_hp_per_floor":[80,80,80,80,80,80,80,80,80,80,80,80,80,80,80,80,80,80,80,80,80,80,80,80,80,80,80,80,80,80,80,80,80],"card_choices":[{"not_picked":["Warcry","Clothesline"],"picked":"Shrug It Off","floor":1},{"not_picked":["Hemokinesis","Armaments"],"picked":"Cleave","floor":4},{"not_picked":["Flex","Twin Strike"],"picked":"Cleave","floor":5},{"not_picked":["Perfected Strike","Clothesline"],"picked":"Whirlwind","floor":7},{"not_picked":["Combust","Blood for Blood"],"picked":"Dropkick","floor":8},{"not_picked":["Armaments","Ghostly Armor"],"picked":"Carnage","floor":11},{"not_picked":["Combust","Carnage"],"picked":"True Grit","floor":14},{"not_picked":["Dark Embrace","Fiend Fire"],"picked":"Immolate","floor":16},{"not_picked":["Wild Strike+1","Pummel"],"picked":"Pommel Strike","floor":18},{"not_picked":["Clothesline","Sword Boomerang"],"picked":"Body Slam+1","floor":21},{"not_picked":["Intimidate","Havoc+1"],"picked":"Uppercut+1","floor":22},{"not_picked":["Flex","Combust"],"picked":"Cleave+1","floor":24},{"not_picked":["True Grit","Thunderclap","Clash+1"],"picked":"SKIP","floor":27},{"not_picked":["Cleave","Uppercut","Havoc+1"],"picked":"SKIP","floor":29},{"not_picked":["Bludgeon","Sentinel","Flex+1"],"picked":"SKIP","floor":30}],"player_experience":1443307,"relics_obtained":[{"floor":7,"key":"MawBank"},{"floor":9,"key":"Pen Nib"},{"floor":11,"key":"Darkstone Periapt"},{"floor":12,"key":"Gambling Chip"},{"floor":25,"key":"Nilry\u0027s Codex"},{"floor":26,"key":"Gremlin Horn"}],"event_choices":[{"damage_healed":0,"gold_gain":0,"player_choice":"Upgraded","damage_taken":0,"max_hp_gain":0,"max_hp_loss":0,"event_name":"Upgrade Shrine","floor":2,"gold_loss":0,"cards_upgraded":["Bash"]},{"cards_removed":["Defend_R"],"damage_healed":0,"gold_gain":0,"player_choice":"Card Removal","damage_taken":0,"max_hp_gain":0,"max_hp_loss":0,"event_name":"The Cleric","floor":10,"gold_loss":50},{"damage_healed":0,"gold_gain":0,"player_choice":"","damage_taken":8,"max_hp_gain":0,"max_hp_loss":0,"event_name":"Knowing Skull","floor":20,"potions_obtained":[],"gold_loss":0,"cards_obtained":[]},{"damage_healed":0,"gold_gain":0,"player_choice":"Obtained Book","damage_taken":16,"max_hp_gain":0,"max_hp_loss":0,"event_name":"Cursed Tome","floor":25,"gold_loss":0},{"cards_removed":["Strike_R"],"damage_healed":0,"gold_gain":0,"player_choice":"Gave Gold","damage_taken":0,"max_hp_gain":0,"max_hp_loss":0,"event_name":"Beggar","floor":31,"gold_loss":75}],"is_beta":false,"boss_relics":[{"not_picked":["Ectoplasm","Runic Dome"],"picked":"Sozu"}],"items_purged_floors":[3,19],"is_endless":false,"potions_floor_spawned":[4,5,7,21,22,29],"killed_by":"Collector","ascension_level":10}