{"gold_per_floor":[365,365,2,2,2,48,79,103,139,169,181],"floor_reached":11,"playtime":655,"items_purged":["Regret"],"score":106,"play_id":"23d848e3-f305-44f8-b1ec-4a2d5f36263c","local_time":"20190125221805","is_ascension_mode":true,"campfire_choices":[],"neow_cost":"CURSE","seed_source_timestamp":189254604746800,"circlet_count":0,"master_deck":["Defend_G","Defend_G","Defend_G","Defend_G+1","Defend_G","Strike_G","Strike_G+1","Strike_G","Strike_G","Strike_G","Survivor","Neutralize","Forethought","Regret","Accuracy","Flying Knee","Backflip","Blur"],"relics":["Ring of the Snake","ClockworkSouvenir","MawBank","Shuriken","Snake Skull"],"potions_floor_usage":[6,7,11],"damage_taken":[{"damage":4,"enemies":"Jaw Worm","floor":1,"turns":6},{"damage":44,"enemies":"3 Sentries","floor":6,"turns":16},{"damage":3,"enemies":"2 Louse","floor":7,"turns":4},{"damage":2,"enemies":"Cultist","floor":8,"turns":5},{"damage":5,"enemies":"Exordium Wildlife","floor":10,"turns":4},{"damage":12,"enemies":"Gremlin Nob","floor":11,"turns":3}],"seed_played":"-2857221259944613768","potions_obtained":[{"floor":1,"key":"Poison Potion"},{"floor":6,"key":"Regen Potion"},{"floor":10,"key":"Fruit Juice"}],"is_trial":false,"path_per_floor":["M","?","$","?","?","E","M","M","T","M","E"],"character_chosen":"THE_SILENT","items_purchased":["ClockworkSouvenir","Forethought"],"campfire_rested":0,"item_purchase_floors":[3,3],"current_hp_per_floor":[59,45,45,45,45,1,10,8,8,3,0],"gold":181,"neow_bonus":"TWO_FIFTY_GOLD","is_prod":false,"is_daily":false,"chose_seed":false,"campfire_upgraded":0,"win_rate":0,"timestamp":1548451085,"path_taken":["M","?","$","?","?","E","M","?","T","M","E"],"build_version":"2019-01-23","purchased_purges":1,"victory":false,"max_hp_per_floor":[70,70,70,70,70,70,70,70,70,70,75],"card_choices":[{"not_picked":["Underhanded Strike","Bane","Masterful Stab"],"picked":"SKIP","floor":1},{"not_picked":["Dodge and Roll","Deadly Poison"],"picked":"Accuracy","floor":6},{"not_picked":["Outmaneuver","Sucker Punch"],"picked":"Flying Knee","floor":7},{"not_picked":["Deadly Poison","Quick Slash"],"picked":"Backflip","floor":8},{"not_picked":["Underhanded Strike","Prepared"],"picked":"Blur","floor":10}],"player_experience":1293805,"relics_obtained":[{"floor":6,"key":"Shuriken"},{"floor":9,"key":"Snake Skull"}],"event_choices":[{"damage_healed":0,"gold_gain":0,"player_choice":"Entered Light","damage_taken":14,"max_hp_gain":0,"max_hp_loss":0,"event_name":"Shining Light","floor":2,"gold_loss":0,"cards_upgraded":["Defend_G","Strike_G"]},{"damage_healed":0,"gold_gain":0,"player_choice":"Leave","damage_taken":0,"max_hp_gain":0,"max_hp_loss":0,"event_name":"The Cleric","floor":4,"gold_loss":0},{"damage_healed":0,"gold_gain":0,"player_choice":"Box","damage_taken":0,"relics_obtained":["MawBank"],"max_hp_gain":0,"max_hp_loss":0,"event_name":"Big Fish","floor":5,"gold_loss":0,"cards_obtained":["Regret"]}],"is_beta":false,"boss_relics":[],"items_purged_floors":[3],"is_endless":false,"potions_floor_spawned":[1,6,10],"killed_by":"Gremlin Nob","ascension_level":9}