{"gold_per_floor":[119,134,88,263,263,263,292,567,639,639],"floor_reached":10,"playtime":193,"items_purged":[],"score":96,"play_id":"fac894f2-b046-41e6-8164-6a7c44417c10","local_time":"20190322105329","is_ascension_mode":true,"campfire_choices":[{"floor":6,"key":"REST"}],"neow_cost":"CURSE","seed_source_timestamp":165307266617800,"circlet_count":0,"master_deck":["AscendersBane","Strike_B","Strike_B","Strike_B","Strike_B","Defend_B","Defend_B","Defend_B","Defend_B","Zap","Dualcast+1","Writhe","Biased Cognition+1","Hologram","Genetic Algorithm","Hologram","Doubt","Static Discharge","Regret"],"relics":["Cracked Core","Pantograph","Frozen Egg 2"],"potions_floor_usage":[],"damage_taken":[{"damage":8,"enemies":"2 Louse","floor":1,"turns":2},{"damage":0,"enemies":"Cultist","floor":2,"turns":3},{"damage":40,"enemies":"Gremlin Nob","floor":7,"turns":4},{"damage":28,"enemies":"Lagavulin","floor":10,"turns":3}],"seed_played":"-425368742066893593","potions_obtained":[],"is_trial":false,"path_per_floor":["M","M","$","?","?","R","E","?","T","E"],"character_chosen":"DEFECT","items_purchased":["Hologram"],"campfire_rested":1,"item_purchase_floors":[3],"current_hp_per_floor":[60,60,60,60,45,67,27,27,27,0],"gold":639,"neow_bonus":"THREE_RARE_CARDS","is_prod":false,"is_daily":false,"chose_seed":false,"campfire_upgraded":0,"win_rate":0,"timestamp":1553248409,"path_taken":["M","M","$","?","?","R","E","?","T","E"],"build_version":"2019-01-23","purchased_purges":0,"victory":false,"max_hp_per_floor":[75,75,75,75,75,75,75,75,75,75],"card_choices":[{"not_picked":["Buffer","Seek"],"picked":"Biased Cognition","floor":0},{"not_picked":["Beam Cell","Sweeping Beam"],"picked":"Hologram","floor":1},{"not_picked":["Go for the Eyes","Fusion"],"picked":"Genetic Algorithm","floor":2},{"not_picked":["Coolheaded","Sunder"],"picked":"Static Discharge","floor":7}],"player_experience":1561767,"relics_obtained":[{"floor":7,"key":"Pantograph"},{"floor":9,"key":"Frozen Egg 2"}],"event_choices":[{"damage_healed":0,"gold_gain":175,"player_choice":"AGREE","damage_taken":0,"max_hp_gain":0,"max_hp_loss":0,"event_name":"Liars Game","floor":4,"gold_loss":0,"cards_obtained":["Doubt"]},{"damage_healed":0,"gold_gain":0,"player_choice":"Entered Light","damage_taken":15,"max_hp_gain":0,"max_hp_loss":0,"event_name":"Shining Light","floor":5,"gold_loss":0,"cards_upgraded":["Dualcast","Biased Cognition"]},{"damage_healed":0,"gold_gain":275,"player_choice":"Desecrate","damage_taken":0,"max_hp_gain":0,"max_hp_loss":0,"event_name":"Golden Shrine","floor":8,"gold_loss":0,"cards_obtained":["Regret"]}],"is_beta":false,"boss_relics":[],"items_purged_floors":[],"is_endless":false,"potions_floor_spawned":[],"killed_by":"Lagavulin","ascension_level":10}