{"gold_per_floor":[114,133,145,22,36,36,62,62,62,62,82,3,19,31,31,108,108,123,123,123,140,151,151,182,0,55,81,81,81,81,26,26,102,102,112,112,132,48,65,65,96,38,63,63,83,83,113,131,131,131],"floor_reached":50,"playtime":3683,"items_purged":[],"score":1087,"play_id":"a331594c-4725-4ca2-8a39-98b43243e055","local_time":"20190505142508","is_ascension_mode":true,"campfire_choices":[{"data":"Flechettes","floor":6,"key":"SMITH"},{"data":"Footwork","floor":8,"key":"SMITH"},{"floor":15,"key":"REST"},{"floor":23,"key":"REST"},{"floor":30,"key":"REST"},{"floor":32,"key":"REST"},{"data":"After Image","floor":40,"key":"SMITH"},{"data":"A Thousand Cuts","floor":44,"key":"SMITH"},{"floor":49,"key":"REST"}],"neow_cost":"PERCENT_DAMAGE","seed_source_timestamp":19937443070577,"circlet_count":0,"master_deck":["AscendersBane","Survivor","Neutralize","Die Die Die","Flechettes+1","Prepared","Acrobatics","Footwork+1","Terror","Deadly Poison","Adrenaline","Catalyst","Escape Plan","Backflip","Bane+1","Die Die Die+1","Adrenaline","Tactician","After Image+1","Outmaneuver","Bouncing Flask","Acrobatics","Backflip","Blade Dance","Expertise","All Out Attack+1","Bouncing Flask","Dagger Spray+1","Glass Knife+1","Good Instincts","Acrobatics","Writhe","Backflip","A Thousand Cuts+1","Well Laid Plans+1","Choke+1","Dash+1","Prepared","Endless Agony+1","Underhanded Strike+1","Underhanded Strike+1","Madness","Madness","PiercingWail","Flechettes+1"],"relics":["Ring of the Snake","Molten Egg 2","Ornamental Fan","Pandora\u0027s Box","Enchiridion","Juzu Bracelet","Happy Flower","Dodecahedron","Dead Branch","Letter Opener","Sozu","Pear","Bag of Preparation","Boot"],"potions_floor_usage":[11,16,21,22,27,33,47],"damage_taken":[{"damage":0,"enemies":"2 Louse","floor":1,"turns":3},{"damage":0,"enemies":"Cultist","floor":2,"turns":3},{"damage":0,"enemies":"Jaw Worm","floor":3,"turns":5},{"damage":0,"enemies":"3 Louse","floor":5,"turns":3},{"damage":8,"enemies":"Gremlin Nob","floor":7,"turns":4},{"damage":3,"enemies":"Blue Slaver","floor":11,"turns":3},{"damage":10,"enemies":"Exordium Wildlife","floor":13,"turns":3},{"damage":0,"enemies":"Large Slime","floor":14,"turns":3},{"damage":13,"enemies":"Hexaghost","floor":16,"turns":10},{"damage":4,"enemies":"Chosen","floor":18,"turns":3},{"damage":1,"enemies":"Spheric Guardian","floor":21,"turns":3},{"damage":6,"enemies":"Snake Plant","floor":22,"turns":3},{"damage":41,"enemies":"Slavers","floor":24,"turns":3},{"damage":11,"enemies":"Book of Stabbing","floor":27,"turns":4},{"damage":7,"enemies":"Collector","floor":33,"turns":8},{"damage":0,"enemies":"3 Darklings","floor":35,"turns":2},{"damage":0,"enemies":"Orb Walker","floor":37,"turns":2},{"damage":2,"enemies":"Spire Growth","floor":39,"turns":2},{"damage":0,"enemies":"Nemesis","floor":41,"turns":5},{"damage":0,"enemies":"Transient","floor":45,"turns":5},{"damage":0,"enemies":"Giant Head","floor":47,"turns":5},{"damage":19,"enemies":"Jaw Worm Horde","floor":48,"turns":2},{"damage":58,"enemies":"Time Eater","floor":50,"turns":8}],"seed_played":"5229897769751391750","potions_obtained":[{"floor":3,"key":"Explosive Potion"},{"floor":7,"key":"Poison Potion"},{"floor":16,"key":"Block Potion"},{"floor":18,"key":"Energy Potion"},{"floor":24,"key":"SpeedPotion"},{"floor":33,"key":"SteroidPotion"}],"is_trial":false,"path_per_floor":["M","M","M","$","M","R","E","R","T","?","M","$","M","M","R","B",null,"M","?","?","M","M","R","E","$","T","E","T","?","R","$","R","B",null,"M","?","M","$","M","R","E","$","T","R","M","?","E","M","R","B"],"character_chosen":"THE_SILENT","items_purchased":["Footwork","Terror","Escape Plan","Regen Potion","Good Instincts","Backflip","Dash+1","Underhanded Strike+1"],"campfire_rested":5,"item_purchase_floors":[4,4,12,25,25,31,38,42],"current_hp_per_floor":[44,44,44,44,44,44,36,36,36,36,33,33,23,23,42,29,57,53,32,32,31,25,44,3,3,3,6,6,6,25,25,44,37,59,59,59,59,59,57,57,67,67,67,67,67,53,53,34,56,0],"gold":131,"neow_bonus":"THREE_RARE_CARDS","is_prod":false,"is_daily":false,"chose_seed":false,"campfire_upgraded":4,"win_rate":0,"timestamp":1557091508,"path_taken":["M","M","M","$","M","R","E","R","T","?","M","$","?","M","R","BOSS","M","?","?","M","M","R","E","$","T","E","?","?","R","$","R","BOSS","M","?","M","$","M","R","E","?","T","R","M","?","E","M","R","BOSS"],"build_version":"2019-01-23","purchased_purges":0,"victory":false,"max_hp_per_floor":[66,66,66,66,66,66,66,66,66,66,66,66,66,66,66,66,66,66,66,66,66,66,66,66,66,66,66,66,66,66,66,66,66,66,66,66,66,66,66,66,76,76,76,76,76,76,76,76,76,76],"card_choices":[{"not_picked":["Wraith Form v2","Night Terror"],"picked":"Die Die Die","floor":0},{"not_picked":["Deflect","Blade Dance"],"picked":"Flechettes","floor":1},{"not_picked":["Dagger Throw","Choke"],"picked":"Prepared","floor":2},{"not_picked":["Flying Knee","Eviscerate"],"picked":"Acrobatics","floor":3},{"not_picked":["Finisher","Setup"],"picked":"Deadly Poison","floor":5},{"not_picked":["Unload","Skewer"],"picked":"Adrenaline","floor":7},{"not_picked":["Underhanded Strike+1","Cloak And Dagger"],"picked":"Catalyst","floor":11},{"not_picked":["Dagger Throw+1","Setup"],"picked":"Backflip","floor":13},{"not_picked":["Flying Knee+1","Sucker Punch+1"],"picked":"Bane+1","floor":14},{"not_picked":["Bullet Time","Glass Knife+1"],"picked":"Die Die Die+1","floor":16},{"not_picked":["Acrobatics","Sucker Punch+1"],"picked":"All Out Attack+1","floor":18},{"not_picked":["Outmaneuver","Blur+1"],"picked":"Bouncing Flask","floor":21},{"not_picked":["Dash+1","Poisoned Stab+1"],"picked":"Dagger Spray+1","floor":22},{"not_picked":["Poisoned Stab+1","Blade Dance"],"picked":"Glass Knife+1","floor":24},{"not_picked":["Poisoned Stab+1","Infinite Blades+1"],"picked":"Acrobatics","floor":27},{"not_picked":["Phantasmal Killer","Venomology"],"picked":"A Thousand Cuts","floor":33},{"not_picked":["Poisoned Stab+1","Quick Slash+1"],"picked":"Well Laid Plans+1","floor":35},{"not_picked":["Dagger Throw+1","Sucker Punch+1"],"picked":"Choke+1","floor":37},{"not_picked":["Expertise","Acrobatics"],"picked":"Prepared","floor":39},{"not_picked":["Choke+1","Venomology"],"picked":"Endless Agony+1","floor":41},{"not_picked":["Acrobatics","Dagger Throw+1"],"picked":"Underhanded Strike+1","floor":45},{"not_picked":["Outmaneuver","Deadly Poison"],"picked":"PiercingWail","floor":47},{"not_picked":["Outmaneuver","Prepared"],"picked":"Flechettes+1","floor":48}],"player_experience":1608481,"relics_obtained":[{"floor":7,"key":"Molten Egg 2"},{"floor":9,"key":"Ornamental Fan"},{"floor":19,"key":"Enchiridion"},{"floor":24,"key":"Juzu Bracelet"},{"floor":26,"key":"Happy Flower"},{"floor":27,"key":"Dodecahedron"},{"floor":28,"key":"Dead Branch"},{"floor":41,"key":"Pear"},{"floor":43,"key":"Bag of Preparation"},{"floor":47,"key":"Boot"}],"event_choices":[{"cards_removed":["Strike_G"],"damage_healed":0,"gold_gain":0,"player_choice":"Offered Basic","damage_taken":0,"max_hp_gain":0,"max_hp_loss":0,"event_name":"Bonfire Elementals","floor":10,"gold_loss":0},{"damage_healed":0,"gold_gain":0,"player_choice":"Obtained Book","damage_taken":21,"max_hp_gain":0,"max_hp_loss":0,"event_name":"Cursed Tome","floor":19,"gold_loss":0},{"damage_healed":0,"gold_gain":0,"player_choice":"Ignored","damage_taken":0,"max_hp_gain":0,"max_hp_loss":0,"event_name":"Vampires","floor":20,"gold_loss":0},{"damage_healed":0,"gold_gain":0,"player_choice":"Opened","damage_taken":0,"relics_obtained":["Letter Opener"],"max_hp_gain":0,"max_hp_loss":0,"event_name":"The Mausoleum","floor":29,"gold_loss":0,"cards_obtained":["Writhe"]},{"damage_healed":0,"gold_gain":0,"player_choice":"Got Potions","damage_taken":0,"max_hp_gain":0,"max_hp_loss":0,"event_name":"Lab","floor":36,"gold_loss":0},{"damage_healed":0,"gold_gain":0,"player_choice":"Embrace Madness","damage_taken":14,"max_hp_gain":0,"max_hp_loss":0,"event_name":"Winding Halls","floor":46,"gold_loss":0,"cards_obtained":["Madness","Madness"]}],"is_beta":false,"boss_relics":[{"not_picked":["Runic Dome","WristBlade"],"picked":"Pandora\u0027s Box"},{"not_picked":["Velvet Choker","Coffee Dripper"],"picked":"Sozu"}],"items_purged_floors":[],"is_endless":false,"potions_floor_spawned":[3,7,16,18,24,33,37,39,47],"killed_by":"Time Eater","ascension_level":16}