{"gold_per_floor":[10,20,40,58,78,78,111,121,121,133,145,177,189,236,248,260],"floor_reached":16,"playtime":486,"items_purged":[],"score":228,"play_id":"8c7aed66-0843-4822-a7c2-6db9db8e8caa","local_time":"20190514161348","is_ascension_mode":true,"campfire_choices":[{"data":"Noxious Fumes","floor":6.0,"key":"SMITH"},{"data":"Tactician","floor":10.0,"key":"SMITH"},{"data":"Neutralize","floor":13.0,"key":"SMITH"},{"data":"Acrobatics","floor":15.0,"key":"SMITH"}],"neow_cost":"NO_GOLD","seed_source_timestamp":349192071638881,"circlet_count":0,"master_deck":["AscendersBane","Defend_G","Defend_G","Defend_G","Defend_G","Defend_G","Strike_G","Strike_G","Strike_G","Survivor","Neutralize+1","Dash","Calculated Gamble+1","Noxious Fumes+1","Acrobatics+1","Tactician+1","PiercingWail+1"],"special_seed":0,"relics":["Ring of the Snake","Matryoshka","War Paint","MawBank","Lantern"],"potions_floor_usage":[],"damage_taken":[{"damage":0.0,"enemies":"Small Slimes","floor":1.0,"turns":4.0},{"damage":0.0,"enemies":"Cultist","floor":2.0,"turns":4.0},{"damage":0.0,"enemies":"2 Louse","floor":3.0,"turns":3.0},{"damage":2.0,"enemies":"Exordium Wildlife","floor":4.0,"turns":6.0},{"damage":0.0,"enemies":"2 Fungi Beasts","floor":5.0,"turns":4.0},{"damage":12.0,"enemies":"3 Sentries","floor":7.0,"turns":7.0},{"damage":0.0,"enemies":"Exordium Thugs","floor":8.0,"turns":5.0},{"damage":0.0,"enemies":"3 Louse","floor":12.0,"turns":3.0},{"damage":39.0,"enemies":"Gremlin Nob","floor":14.0,"turns":6.0},{"damage":0,"enemies":"The Guardian","floor":16,"turns":2}],"seed_played":"1723785413745753663","potions_obtained":[{"floor":1.0,"key":"Energy Potion"},{"floor":5.0,"key":"Dexterity Potion"},{"floor":11.0,"key":"Weak Potion"}],"is_trial":false,"path_per_floor":["M","M","M","M","M","R","E","M","T","R","?","M","R","E","R","B"],"character_chosen":"THE_SILENT","items_purchased":[],"campfire_rested":0,"item_purchase_floors":[],"current_hp_per_floor":[59,59,59,57,57,57,45,45,45,45,45,45,45,6,6,6],"gold":260,"neow_bonus":"REMOVE_TWO","is_prod":false,"is_daily":false,"chose_seed":false,"campfire_upgraded":4,"win_rate":0,"timestamp":1557821628,"path_taken":["M","M","M","M","M","R","E","M","T","R","?","?","R","E","R","BOSS"],"build_version":"2019-01-23","purchased_purges":0,"victory":false,"max_hp_per_floor":[66,66,66,66,66,66,66,66,66,66,66,66,66,66,66,66],"card_choices":[{"not_picked":["Distraction","Dagger Spray"],"picked":"Dash","floor":1.0},{"not_picked":["Cloak And Dagger","Deflect","Dodge and Roll"],"picked":"SKIP","floor":2.0},{"not_picked":["Deflect","Finisher"],"picked":"Calculated Gamble","floor":3.0},{"not_picked":["Riddle With Holes","Finisher"],"picked":"Noxious Fumes","floor":4.0},{"not_picked":["Skewer","Bane","Acrobatics"],"picked":"SKIP","floor":5.0},{"not_picked":["Skewer","Bane"],"picked":"Acrobatics","floor":5.0},{"not_picked":["Poisoned Stab","Quick Slash"],"picked":"Tactician","floor":7.0},{"not_picked":["Glass Knife","Blade Dance"],"picked":"PiercingWail","floor":8.0},{"not_picked":["Prepared","Leg Sweep","Sucker Punch"],"picked":"SKIP","floor":12.0},{"not_picked":["Endless Agony","Cloak And Dagger","Prepared"],"picked":"SKIP","floor":14.0}],"player_experience":1680090,"relics_obtained":[{"floor":7.0,"key":"Matryoshka"},{"floor":9.0,"key":"War Paint"},{"floor":9.0,"key":"MawBank"},{"floor":14.0,"key":"Lantern"}],"event_choices":[{"damage_healed":0.0,"max_hp_gain":0.0,"max_hp_loss":0.0,"gold_gain":0.0,"event_name":"Lab","player_choice":"Got Potions","floor":11.0,"gold_loss":0.0,"damage_taken":0.0}],"is_beta":false,"boss_relics":[],"items_purged_floors":[],"is_endless":false,"potions_floor_spawned":[1,5],"killed_by":"The Guardian","ascension_level":20}