{"gold_per_floor":[16,29,29,39,39,39,71,71,98,124,153,153,163,0,0,76,126,138,138,43,53,73,73,89,89],"floor_reached":25,"playtime":969,"items_purged":[],"score":359,"play_id":"ecaad56c-c805-4edd-af61-eb916d6b7cd1","local_time":"20190414004653","is_ascension_mode":true,"campfire_choices":[{"floor":6,"key":"REST"},{"floor":8,"key":"REST"},{"floor":12,"key":"REST"},{"data":"Flame Barrier","floor":15,"key":"SMITH"},{"floor":23,"key":"REST"}],"neow_cost":"NO_GOLD","seed_source_timestamp":259484919130300,"circlet_count":0,"master_deck":["AscendersBane","Strike_R","Strike_R","Strike_R","Strike_R","Strike_R","Defend_R","Defend_R","Defend_R","Defend_R","Bash","Intimidate","Cleave","Flame Barrier+1","Pommel Strike","Burning Pact","Inflame","Sadistic Nature+1","Limit Break","Flame Barrier","True Grit","Seeing Red"],"relics":["Burning Blood","Incense Burner","Red Skull","Smiling Mask","Dream Catcher","Strawberry","Lantern","Tiny House"],"potions_floor_usage":[7,7,16,18,21,22],"damage_taken":[{"damage":6,"enemies":"Cultist","floor":1,"turns":4},{"damage":7,"enemies":"Small Slimes","floor":2,"turns":4},{"damage":12,"enemies":"Jaw Worm","floor":4,"turns":2},{"damage":45,"enemies":"Lagavulin","floor":7,"turns":10},{"damage":29,"enemies":"Gremlin Nob","floor":11,"turns":5},{"damage":3,"enemies":"Looter","floor":13,"turns":3},{"damage":40,"enemies":"Hexaghost","floor":16,"turns":12},{"damage":25,"enemies":"Shell Parasite","floor":18,"turns":9},{"damage":0,"enemies":"3 Byrds","floor":21,"turns":1},{"damage":56,"enemies":"Centurion and Healer","floor":22,"turns":10},{"damage":25,"enemies":"Chosen and Byrds","floor":24,"turns":5},{"damage":19,"enemies":"Colosseum Slavers","floor":25,"turns":3}],"seed_played":"-1741041536954507235","potions_obtained":[{"floor":2,"key":"Block Potion"},{"floor":4,"key":"Weak Potion"},{"floor":13,"key":"Weak Potion"},{"floor":16,"key":"Block Potion"},{"floor":17,"key":"Weak Potion"},{"floor":18,"key":"SkillPotion"},{"floor":24,"key":"Explosive Potion"}],"is_trial":false,"path_per_floor":["M","M","$","M","?","R","E","R","T","T","E","R","M","$","R","B",null,"M","?","$","M","M","R","M","?"],"character_chosen":"IRONCLAD","items_purchased":["Sadistic Nature","Fruit Juice"],"campfire_rested":4,"item_purchase_floors":[14,20],"current_hp_per_floor":[68,67,67,61,49,71,32,54,54,61,38,62,65,65,65,31,74,55,47,47,58,8,35,16,0],"gold":89,"neow_bonus":"ONE_RARE_RELIC","is_prod":false,"is_daily":false,"chose_seed":false,"campfire_upgraded":1,"win_rate":0,"timestamp":1555195613,"path_taken":["M","M","?","M","?","R","E","R","T","?","E","R","M","$","R","BOSS","M","?","$","M","M","R","?","?"],"build_version":"2019-01-23","purchased_purges":0,"victory":false,"max_hp_per_floor":[75,75,75,75,75,75,75,75,75,82,82,82,82,82,82,82,87,87,87,87,92,92,92,92,92],"card_choices":[{"not_picked":["Iron Wave","Sword Boomerang"],"picked":"Intimidate","floor":1},{"not_picked":["Hemokinesis","Dropkick"],"picked":"Cleave","floor":2},{"not_picked":["Shockwave","Thunderclap"],"picked":"Flame Barrier","floor":4},{"not_picked":["Twin Strike","Clothesline","Thunderclap"],"picked":"SKIP","floor":7},{"not_picked":["Perfected Strike","Flex"],"picked":"Pommel Strike","floor":11},{"not_picked":["Feel No Pain","Corruption"],"picked":"Burning Pact","floor":12},{"not_picked":["Anger","Sword Boomerang"],"picked":"Inflame","floor":13},{"not_picked":["Feed","Berserk"],"picked":"Limit Break","floor":16},{"not_picked":["Seeing Red","Body Slam"],"picked":"Flame Barrier","floor":17},{"not_picked":["Metallicize","Headbutt"],"picked":"True Grit","floor":18},{"not_picked":["Dropkick","Heavy Blade"],"picked":"Seeing Red","floor":21},{"not_picked":["True Grit","Anger","Headbutt"],"picked":"SKIP","floor":22},{"not_picked":["True Grit","Wild Strike","Shrug It Off"],"picked":"SKIP","floor":24}],"player_experience":1693431,"relics_obtained":[{"floor":7,"key":"Smiling Mask"},{"floor":9,"key":"Dream Catcher"},{"floor":10,"key":"Strawberry"},{"floor":11,"key":"Lantern"}],"event_choices":[{"damage_healed":0,"gold_gain":0,"player_choice":"Success","damage_taken":12,"relics_obtained":["Red Skull"],"max_hp_gain":0,"max_hp_loss":0,"event_name":"Scrap Ooze","floor":5,"gold_loss":0},{"damage_healed":0,"gold_gain":0,"player_choice":"","damage_taken":8,"max_hp_gain":0,"max_hp_loss":0,"event_name":"Knowing Skull","floor":19,"potions_obtained":[],"gold_loss":0,"cards_obtained":[]},{"damage_healed":0,"gold_gain":0,"player_choice":"Fight","damage_taken":0,"max_hp_gain":0,"max_hp_loss":0,"event_name":"Colosseum","floor":25,"gold_loss":0}],"is_beta":false,"boss_relics":[{"not_picked":["Empty Cage","White Beast Statue"],"picked":"Tiny House"}],"items_purged_floors":[],"is_endless":false,"potions_floor_spawned":[2,4,13,16,18,24],"killed_by":"Colosseum Slavers","ascension_level":14}