{"gold_per_floor":[112,112,112,126,301,301,332,10,10,10,29,49,60,35,35,35],"floor_reached":16,"playtime":6662,"items_purged":["Regret"],"score":200,"play_id":"1a6dda13-588a-43d1-94f1-ec8d5ba4c745","local_time":"20190428155035","is_ascension_mode":true,"campfire_choices":[{"floor":6,"key":"REST"},{"data":"Doubt","floor":10,"key":"PURGE"},{"data":"Strike_G","floor":15,"key":"PURGE"}],"neow_cost":"NONE","seed_source_timestamp":17864124651235,"circlet_count":0,"master_deck":["AscendersBane","Defend_G","Defend_G","Defend_G","Defend_G","Defend_G","Strike_G","Strike_G","Strike_G","Strike_G","Survivor","Neutralize","Well Laid Plans","Outmaneuver","Escape Plan","Terror","Flechettes","Footwork","Leg Sweep","PiercingWail"],"relics":["Ring of the Snake","NeowsBlessing","Blood Vial","Orichalcum","Peace Pipe","Toy Ornithopter","Nunchaku"],"potions_floor_usage":[16,16],"damage_taken":[{"damage":0,"enemies":"Cultist","floor":1,"turns":1},{"damage":0,"enemies":"Small Slimes","floor":4,"turns":1},{"damage":0,"enemies":"Lagavulin","floor":7,"turns":3},{"damage":2,"enemies":"Jaw Worm","floor":11,"turns":4},{"damage":8,"enemies":"Blue Slaver","floor":12,"turns":4},{"damage":3,"enemies":"2 Fungi Beasts","floor":13,"turns":4},{"damage":65,"enemies":"Hexaghost","floor":16,"turns":21}],"seed_played":"-5574405094060937310","potions_obtained":[{"floor":1,"key":"Poison Potion"},{"floor":7,"key":"Dexterity Potion"}],"is_trial":false,"path_per_floor":["M","?","?","M","?","R","E","$","T","R","M","M","M","$","R","B"],"character_chosen":"THE_SILENT","items_purchased":["Toy Ornithopter","Terror","PiercingWail"],"campfire_rested":1,"item_purchase_floors":[8,8,14],"current_hp_per_floor":[63,30,30,32,32,53,55,55,55,55,55,49,48,48,48,0],"gold":35,"neow_bonus":"THREE_ENEMY_KILL","is_prod":false,"is_daily":false,"chose_seed":false,"campfire_upgraded":0,"win_rate":0,"timestamp":1556491835,"path_taken":["M","?","?","M","?","R","E","?","T","R","M","?","M","$","R","BOSS"],"build_version":"2019-01-23","purchased_purges":1,"victory":false,"max_hp_per_floor":[70,70,70,70,70,70,70,70,70,70,70,70,70,70,70,70],"card_choices":[{"not_picked":["Prepared","Dagger Spray"],"picked":"Well Laid Plans","floor":1},{"not_picked":["Blade Dance","Concentrate"],"picked":"Outmaneuver","floor":4},{"not_picked":["Dagger Throw","Quick Slash"],"picked":"Escape Plan","floor":7},{"not_picked":["Dash","Slice"],"picked":"Flechettes","floor":11},{"not_picked":["Reflex","Acrobatics"],"picked":"Footwork","floor":12},{"not_picked":["Dodge and Roll","Underhanded Strike"],"picked":"Leg Sweep","floor":13}],"player_experience":1494786,"relics_obtained":[{"floor":7,"key":"Peace Pipe"},{"floor":9,"key":"Nunchaku"}],"event_choices":[{"damage_healed":0,"gold_gain":0,"player_choice":"Success","damage_taken":33,"relics_obtained":["Blood Vial"],"max_hp_gain":0,"max_hp_loss":0,"event_name":"Scrap Ooze","floor":2,"gold_loss":0},{"damage_healed":0,"gold_gain":0,"player_choice":"Box","damage_taken":0,"relics_obtained":["Orichalcum"],"max_hp_gain":0,"max_hp_loss":0,"event_name":"Big Fish","floor":3,"gold_loss":0,"cards_obtained":["Regret"]},{"damage_healed":0,"gold_gain":175,"player_choice":"AGREE","damage_taken":0,"max_hp_gain":0,"max_hp_loss":0,"event_name":"Liars Game","floor":5,"gold_loss":0,"cards_obtained":["Doubt"]}],"is_beta":false,"boss_relics":[],"items_purged_floors":[8],"is_endless":false,"potions_floor_spawned":[1,7,12],"killed_by":"Hexaghost","ascension_level":12}