{"gold_per_floor":[111,36,48,48,60,60,60,76,103,103,3,3,34,52,52,157,157,169,12,29,29,128,128,128,144,193,193,118,118,8,23,23,23],"floor_reached":33,"playtime":1863,"items_purged":["Pain","Normality"],"score":365,"play_id":"898751f5-ea5c-40f8-b668-39386fc7fbd5","local_time":"20190424183854","is_ascension_mode":true,"campfire_choices":[{"data":"Blade Dance","floor":6,"key":"SMITH"},{"floor":10,"key":"REST"},{"data":"Cloak And Dagger","floor":12,"key":"SMITH"},{"floor":15,"key":"REST"},{"data":"Infinite Blades","floor":23,"key":"SMITH"},{"data":"Malaise","floor":29,"key":"SMITH"},{"floor":32,"key":"REST"}],"neow_cost":"NONE","seed_source_timestamp":23165474860223,"circlet_count":0,"master_deck":["AscendersBane","Defend_G+1","Defend_G+1","Defend_G+1","Defend_G+1","Defend_G+1","Strike_G+1","Strike_G+1","Strike_G+1","Strike_G+1","Survivor","Neutralize","Blade Dance+1","Blade Dance+1","Cloak And Dagger+1","Crippling Poison","Infinite Blades+1","Poisoned Stab","Malaise+1","Poisoned Stab+1","Backstab","Dark Shackles","Crippling Poison+1","Escape Plan","Finisher","Well Laid Plans","Predator"],"relics":["Calling Bell","Boot","Letter Opener","The Specimen","Bag of Marbles","Snake Skull","Bag of Preparation","Empty Cage","Question Card","Pen Nib"],"potions_floor_usage":[5,14,14,25,33],"damage_taken":[{"damage":24,"enemies":"Small Slimes","floor":1,"turns":5},{"damage":0,"enemies":"2 Louse","floor":3,"turns":3},{"damage":0,"enemies":"Cultist","floor":5,"turns":2},{"damage":8,"enemies":"Blue Slaver","floor":8,"turns":3},{"damage":14,"enemies":"3 Sentries","floor":13,"turns":7},{"damage":4,"enemies":"3 Louse","floor":14,"turns":2},{"damage":33,"enemies":"Hexaghost","floor":16,"turns":10},{"damage":0,"enemies":"3 Byrds","floor":18,"turns":5},{"damage":13,"enemies":"Spheric Guardian","floor":20,"turns":4},{"damage":0,"enemies":"Cultist and Chosen","floor":25,"turns":6},{"damage":9,"enemies":"Centurion and Healer","floor":31,"turns":7},{"damage":61,"enemies":"Champ","floor":33,"turns":13}],"seed_played":"-1491656090246604470","potions_obtained":[{"floor":3,"key":"Explosive Potion"},{"floor":8,"key":"SpeedPotion"},{"floor":13,"key":"EssenceOfSteel"},{"floor":20,"key":"AttackPotion"},{"floor":25,"key":"Dexterity Potion"}],"is_trial":false,"path_per_floor":["M","$","M","?","M","R","?","M","T","R","$","R","E","M","R","B",null,"M","$","M","T","?","R","?","M","T","?","?","R","$","M","R","B"],"character_chosen":"THE_SILENT","items_purchased":["Backstab","Dark Shackles","Finisher","Well Laid Plans"],"campfire_rested":3,"item_purchase_floors":[19,19,30,30],"current_hp_per_floor":[39,39,39,39,39,39,39,31,31,52,52,52,38,34,55,22,58,58,58,45,45,45,45,45,45,45,45,45,45,45,36,57,0],"gold":23,"neow_bonus":"BOSS_RELIC","is_prod":false,"is_daily":false,"chose_seed":false,"campfire_upgraded":4,"win_rate":0,"timestamp":1556156334,"path_taken":["M","$","M","?","M","R","?","M","T","R","$","R","E","M","R","BOSS","M","$","M","?","?","R","?","M","T","?","?","R","$","M","R","BOSS"],"build_version":"2019-01-23","purchased_purges":2,"victory":false,"max_hp_per_floor":[70,70,70,70,70,70,70,70,70,70,70,70,70,70,70,70,70,70,70,70,70,70,70,70,70,70,70,70,70,70,70,70,70],"card_choices":[{"not_picked":["Dash","Accuracy"],"picked":"Blade Dance","floor":1},{"not_picked":["Eviscerate","Quick Slash"],"picked":"Blade Dance","floor":3},{"not_picked":["Dagger Spray","Catalyst"],"picked":"Cloak And Dagger","floor":5},{"not_picked":["Leg Sweep","Sucker Punch"],"picked":"Crippling Poison","floor":8},{"not_picked":["Burst","Escape Plan"],"picked":"Infinite Blades","floor":13},{"not_picked":["Dagger Throw","Slice"],"picked":"Poisoned Stab","floor":14},{"not_picked":["Night Terror","Wraith Form v2"],"picked":"Malaise","floor":16},{"not_picked":["Riddle With Holes+1","Sucker Punch"],"picked":"Poisoned Stab+1","floor":18},{"not_picked":["Poisoned Stab+1","Choke"],"picked":"Crippling Poison+1","floor":20},{"not_picked":["Accuracy","Dagger Throw","Deadly Poison+1"],"picked":"Escape Plan","floor":25},{"not_picked":["Concentrate+1","Wraith Form v2","Dagger Spray+1"],"picked":"Predator","floor":31}],"player_experience":1468588,"relics_obtained":[{"floor":0,"key":"Boot"},{"floor":0,"key":"Letter Opener"},{"floor":0,"key":"The Specimen"},{"floor":9,"key":"Snake Skull"},{"floor":13,"key":"Bag of Preparation"},{"floor":21,"key":"Question Card"},{"floor":26,"key":"Pen Nib"}],"event_choices":[{"damage_healed":0,"gold_gain":0,"player_choice":"Box","damage_taken":0,"relics_obtained":["Bag of Marbles"],"max_hp_gain":0,"max_hp_loss":0,"event_name":"Big Fish","floor":4,"gold_loss":0,"cards_obtained":["Regret"]},{"damage_healed":0,"gold_gain":0,"player_choice":"Upgraded","damage_taken":0,"max_hp_gain":0,"max_hp_loss":0,"event_name":"Upgrade Shrine","floor":7,"gold_loss":0,"cards_upgraded":["Blade Dance"]},{"damage_healed":0,"gold_gain":99,"player_choice":"Stole From Cult","damage_taken":0,"max_hp_gain":0,"max_hp_loss":0,"event_name":"Nest","floor":22,"gold_loss":0},{"damage_healed":0,"gold_gain":0,"player_choice":"Simplicity","damage_taken":0,"max_hp_gain":0,"max_hp_loss":0,"event_name":"Back to Basics","floor":24,"gold_loss":0,"cards_upgraded":["Defend_G","Defend_G","Defend_G","Defend_G","Defend_G","Strike_G","Strike_G","Strike_G","Strike_G","Strike_G"]},{"damage_healed":0,"gold_gain":0,"player_choice":"Ignored","damage_taken":0,"max_hp_gain":0,"max_hp_loss":0,"event_name":"Ghosts","floor":27,"gold_loss":0},{"cards_removed":["Strike_G"],"damage_healed":0,"gold_gain":0,"player_choice":"Gave Gold","damage_taken":0,"max_hp_gain":0,"max_hp_loss":0,"event_name":"Beggar","floor":28,"gold_loss":75}],"is_beta":false,"boss_relics":[{"not_picked":["Ectoplasm","Coffee Dripper"],"picked":"Empty Cage"}],"items_purged_floors":[2,11],"is_endless":false,"potions_floor_spawned":[3,8,13,20,25],"killed_by":"Champ","ascension_level":10}