{"gold_per_floor":[114,114,131,131,148,179,179,191,191,210,60,60,85,103,103,203,203,219,237,237,253,9,9,34,34,106,106,35,68,87,117,117,216,216,231,15,15,33,33,67,79,109,109,109,119,131,31,59,59,59],"floor_reached":51,"playtime":4129,"items_purged":["Strike_G","Strike_G"],"score":1031,"play_id":"32083e44-ac4d-483f-a0ca-c28d894eaccb","local_time":"20190425223147","is_ascension_mode":true,"campfire_choices":[{"data":"Footwork","floor":7.0,"key":"SMITH"},{"data":"Dodge and Roll","floor":12.0,"key":"SMITH"},{"floor":15.0,"key":"REST"},{"data":"Cloak And Dagger","floor":23,"key":"SMITH"},{"data":"After Image","floor":25,"key":"SMITH"},{"floor":32,"key":"REST"},{"data":"Blade Dance","floor":44,"key":"SMITH"},{"floor":49,"key":"REST"}],"neow_cost":"NONE","seed_source_timestamp":0,"circlet_count":0,"master_deck":["Defend_G","Defend_G","Defend_G","Defend_G","Defend_G","Strike_G","Strike_G","Survivor","Neutralize","Footwork+1","Dodge and Roll+1","Calculated Gamble","Poisoned Stab","Blade Dance+1","Backflip","Well Laid Plans","Dash","Corpse Explosion","Glass Knife","Cloak And Dagger+1","RitualDagger","Leg Sweep+1","After Image+1","Pain","Footwork+1","Caltrops+1","Finisher+1","Blade Dance+1","Deadly Poison+1","Adrenaline+1","Prepared+1","Noxious Fumes+1","Dark Shackles+1","Noxious Fumes+1","Blade Dance+1","Cloak And Dagger+1","Blur+1","Parasite","Malaise+1","Deadly Poison+1","Acrobatics+1"],"special_seed":0,"relics":["Ring of the Snake","Boot","Gremlin Horn","Blood Vial","Kunai","Cursed Key","Ornamental Fan","Gambling Chip","Frozen Egg 2","Dream Catcher","Toxic Egg 2","Black Star","Snake Skull","Paper Crane","Ninja Scroll","Bronze Scales","Dead Branch","Shuriken","Strawberry","Bag of Marbles"],"potions_floor_usage":[50,50],"damage_taken":[{"damage":0.0,"enemies":"Small Slimes","floor":1.0,"turns":4.0},{"damage":0.0,"enemies":"Cultist","floor":3.0,"turns":4.0},{"damage":0.0,"enemies":"Jaw Worm","floor":5.0,"turns":5.0},{"damage":26.0,"enemies":"3 Sentries","floor":6.0,"turns":19.0},{"damage":3.0,"enemies":"3 Louse","floor":8.0,"turns":3.0},{"damage":9.0,"enemies":"Exordium Wildlife","floor":10.0,"turns":7.0},{"damage":22.0,"enemies":"Lagavulin","floor":13.0,"turns":8.0},{"damage":0.0,"enemies":"Lots of Slimes","floor":14.0,"turns":3.0},{"damage":8.0,"enemies":"Hexaghost","floor":16.0,"turns":14.0},{"damage":0,"enemies":"Chosen","floor":18,"turns":5},{"damage":13,"enemies":"2 Thieves","floor":19,"turns":3},{"damage":10,"enemies":"Centurion and Healer","floor":21,"turns":7},{"damage":10,"enemies":"Slavers","floor":24,"turns":7},{"damage":15,"enemies":"Book of Stabbing","floor":29,"turns":9},{"damage":2,"enemies":"Snecko","floor":30,"turns":7},{"damage":11,"enemies":"Gremlin Leader","floor":31,"turns":7},{"damage":20,"enemies":"Collector","floor":33,"turns":14},{"damage":0,"enemies":"3 Shapes","floor":35,"turns":1},{"damage":0,"enemies":"Orb Walker","floor":38,"turns":5},{"damage":22,"enemies":"Reptomancer","floor":40,"turns":7},{"damage":0,"enemies":"3 Darklings","floor":41,"turns":2},{"damage":8,"enemies":"Giant Head","floor":42,"turns":8},{"damage":0,"enemies":"Maw","floor":45,"turns":6},{"damage":1,"enemies":"4 Shapes","floor":46,"turns":4},{"damage":5,"enemies":"Reptomancer","floor":48,"turns":3},{"damage":23,"enemies":"Donu and Deca","floor":50,"turns":8}],"seed_played":"6891537064203956680","potions_obtained":[{"floor":1.0,"key":"Block Potion"},{"floor":10.0,"key":"Ancient Potion"},{"floor":16.0,"key":"GhostInAJar"},{"floor":18,"key":"Ancient Potion"}],"is_trial":false,"path_per_floor":["M","?","M","$","M","E","R","M","T","M","$","R","E","M","R","B",null,"M","M","?","M","$","R","E","R","T","?","$","E","M","E","R","B",null,"M","$","?","M","?","E","M","E","T","R","M","M","$","E","R","B",null],"character_chosen":"THE_SILENT","items_purchased":["Well Laid Plans","Ornamental Fan","Footwork+1","Noxious Fumes+1","Snake Skull"],"campfire_rested":3,"item_purchase_floors":[11,22,28,36,36],"current_hp_per_floor":[77,77,77,77,77,51,51,48,48,41,41,41,21,23,46,40,68,70,59,53,45,45,45,37,37,37,37,37,24,24,15,38,20,63,65,65,65,67,67,47,49,43,43,43,45,46,46,50,75,54],"gold":59,"neow_bonus":"TEN_PERCENT_HP_BONUS","is_prod":false,"is_daily":false,"chose_seed":false,"campfire_upgraded":5,"win_rate":0,"timestamp":1556256707,"path_taken":["M","?","M","?","M","E","R","M","T","M","$","R","E","M","R","BOSS","M","M","?","M","$","R","E","R","T","?","?","E","?","E","R","BOSS","M","$","?","M","?","E","M","E","T","R","M","?","?","E","R","BOSS"],"build_version":"2019-01-23","purchased_purges":2,"victory":true,"max_hp_per_floor":[77,77,77,77,77,77,77,77,77,77,77,77,77,77,77,77,77,77,77,77,77,77,77,77,77,77,77,77,77,77,77,77,77,77,77,77,77,77,77,77,77,77,77,77,77,77,77,84,84,84],"card_choices":[{"not_picked":["Dagger Throw","Bane"],"picked":"Footwork","floor":1.0},{"not_picked":["Accuracy","Quick Slash"],"picked":"Dodge and Roll","floor":3.0},{"not_picked":["Caltrops","All Out Attack"],"picked":"Calculated Gamble","floor":5.0},{"not_picked":["Underhanded Strike","Escape Plan"],"picked":"Poisoned Stab","floor":6.0},{"not_picked":["Setup","PiercingWail"],"picked":"Blade Dance","floor":8.0},{"not_picked":["Distraction","Bane"],"picked":"Backflip","floor":10.0},{"not_picked":["Caltrops","Endless Agony"],"picked":"Dash","floor":13.0},{"not_picked":["Underhanded Strike","Well Laid Plans"],"picked":"Corpse Explosion","floor":14.0},{"not_picked":["Venomology","A Thousand Cuts"],"picked":"Glass Knife","floor":16.0},{"not_picked":["Blade Dance","Underhanded Strike+1","Outmaneuver"],"picked":"SKIP","floor":18},{"not_picked":["Slice","Prepared"],"picked":"Cloak And Dagger","floor":19},{"not_picked":["Bane+1","Deflect"],"picked":"Leg Sweep+1","floor":21},{"not_picked":["Dagger Spray","Escape Plan+1"],"picked":"After Image","floor":24},{"not_picked":["Deadly Poison+1","Endless Agony"],"picked":"Caltrops+1","floor":29},{"not_picked":["Acrobatics+1","Deadly Poison+1"],"picked":"Finisher+1","floor":30},{"not_picked":["Quick Slash+1","Catalyst"],"picked":"Blade Dance+1","floor":31},{"not_picked":["Leg Sweep+1","Well Laid Plans+1"],"picked":"Deadly Poison+1","floor":32},{"not_picked":["Malaise+1","Die Die Die"],"picked":"Adrenaline+1","floor":33},{"not_picked":["Poisoned Stab","Well Laid Plans+1"],"picked":"Prepared+1","floor":35},{"not_picked":["Madness+1","Secret Weapon+1"],"picked":"Dark Shackles+1","floor":37},{"not_picked":["Well Laid Plans+1","Deadly Poison+1"],"picked":"Noxious Fumes+1","floor":38},{"not_picked":["Eviscerate+1","Well Laid Plans+1"],"picked":"Blade Dance+1","floor":40},{"not_picked":["Slice+1","Dagger Throw+1"],"picked":"Cloak And Dagger+1","floor":41},{"not_picked":["Dodge and Roll+1","Dagger Throw"],"picked":"Blur+1","floor":42},{"not_picked":["Setup+1","Blade Dance+1","Accuracy+1"],"picked":"SKIP","floor":45},{"not_picked":["Outmaneuver+1","Flechettes+1"],"picked":"Malaise+1","floor":46},{"not_picked":["Concentrate+1","Quick Slash"],"picked":"Deadly Poison+1","floor":48},{"not_picked":["Leg Sweep+1","PiercingWail+1"],"picked":"Acrobatics+1","floor":49}],"player_experience":363368,"relics_obtained":[{"floor":6.0,"key":"Gremlin Horn"},{"floor":9.0,"key":"Blood Vial"},{"floor":13.0,"key":"Kunai"},{"floor":24,"key":"Gambling Chip"},{"floor":26,"key":"Frozen Egg 2"},{"floor":29,"key":"Dream Catcher"},{"floor":31,"key":"Toxic Egg 2"},{"floor":40,"key":"Paper Crane"},{"floor":40,"key":"Ninja Scroll"},{"floor":42,"key":"Bronze Scales"},{"floor":42,"key":"Dead Branch"},{"floor":43,"key":"Shuriken"},{"floor":48,"key":"Strawberry"},{"floor":48,"key":"Bag of Marbles"}],"event_choices":[{"damage_healed":0.0,"max_hp_gain":0.0,"max_hp_loss":0.0,"gold_gain":0.0,"event_name":"WeMeetAgain","player_choice":"Gave Potion","floor":2.0,"gold_loss":0.0,"damage_taken":0.0,"relics_obtained":["Boot"]},{"damage_healed":0,"gold_gain":0,"player_choice":"Joined the Cult","damage_taken":6,"max_hp_gain":0,"max_hp_loss":0,"event_name":"Nest","floor":20,"gold_loss":0,"cards_obtained":["RitualDagger"]},{"damage_healed":0,"gold_gain":0,"player_choice":"Ignored","damage_taken":0,"max_hp_gain":0,"max_hp_loss":0,"event_name":"Ghosts","floor":27,"gold_loss":0},{"damage_healed":0,"gold_gain":0,"player_choice":"Memory 1","damage_taken":0,"max_hp_gain":0,"max_hp_loss":0,"event_name":"SensoryStone","floor":37,"gold_loss":0},{"cards_removed":["Strike_G"],"damage_healed":0,"gold_gain":0,"player_choice":"Purged","damage_taken":0,"max_hp_gain":0,"max_hp_loss":0,"event_name":"Purifier","floor":39,"gold_loss":0}],"is_beta":false,"boss_relics":[{"not_picked":["Orrery","Runic Dome"],"picked":"Cursed Key"},{"not_picked":["Fusion Hammer","Pandora\u0027s Box"],"picked":"Black Star"}],"items_purged_floors":[11,47],"is_endless":false,"potions_floor_spawned":[1,10,16,18,29,30,38,42,46,48],"ascension_level":5}