{"gold_per_floor":[116,19,30,305,316,316,327,327,327,345,345,345,372,395,395,395],"floor_reached":16,"playtime":551,"items_purged":[],"score":150,"play_id":"2f13fbc1-7a1e-4559-b834-bf8224db4044","local_time":"20190126005240","is_ascension_mode":true,"campfire_choices":[{"data":"Body Slam","floor":6,"key":"SMITH"},{"floor":12,"key":"REST"},{"floor":15,"key":"REST"}],"neow_cost":"NONE","seed_source_timestamp":198634092181700,"circlet_count":0,"master_deck":["AscendersBane","Strike_R","Strike_R","Strike_R","Strike_R","Strike_R","Defend_R","Defend_R","Defend_R","Defend_R","Bash","Dual Wield","Dark Shackles","Cleave","Body Slam+1","Shockwave","Body Slam","Fiend Fire","Heavy Blade"],"relics":["Burning Blood","NeowsBlessing","Oddly Smooth Stone","Paper Frog","Odd Mushroom"],"potions_floor_usage":[13],"damage_taken":[{"damage":0,"enemies":"Cultist","floor":1,"turns":1},{"damage":0,"enemies":"Small Slimes","floor":3,"turns":1},{"damage":0,"enemies":"2 Louse","floor":5,"turns":2},{"damage":47,"enemies":"Gremlin Gang","floor":7,"turns":6},{"damage":1,"enemies":"2 Fungi Beasts","floor":10,"turns":4},{"damage":35,"enemies":"Lagavulin","floor":13,"turns":9},{"damage":27,"enemies":"The Mushroom Lair","floor":14,"turns":5},{"damage":57,"enemies":"Slime Boss","floor":16,"turns":7}],"seed_played":"-3805880447669755646","potions_obtained":[{"floor":7,"key":"SkillPotion"},{"floor":14,"key":"SpeedPotion"}],"is_trial":false,"path_per_floor":["M","$","M","?","M","R","M","?","T","M","?","R","E","?","R","B"],"character_chosen":"IRONCLAD","items_purchased":["Dark Shackles"],"campfire_rested":2,"item_purchase_floors":[2],"current_hp_per_floor":[78,78,80,80,80,80,39,39,39,44,49,74,45,24,49,0],"gold":395,"neow_bonus":"THREE_ENEMY_KILL","is_prod":false,"is_daily":false,"chose_seed":false,"campfire_upgraded":1,"win_rate":0,"timestamp":1548460360,"path_taken":["M","?","M","?","?","R","M","?","T","M","?","R","E","?","R","BOSS"],"build_version":"2019-01-23","purchased_purges":0,"victory":false,"max_hp_per_floor":[80,80,80,80,80,80,80,80,80,80,85,85,85,85,85,85],"card_choices":[{"not_picked":["Pommel Strike","Shrug It Off"],"picked":"Dual Wield","floor":1},{"not_picked":["Second Wind","True Grit"],"picked":"Cleave","floor":3},{"not_picked":["Iron Wave","Sentinel"],"picked":"Body Slam","floor":5},{"not_picked":["Headbutt","Wild Strike"],"picked":"Shockwave","floor":7},{"not_picked":["Armaments","Burning Pact"],"picked":"Body Slam","floor":10},{"not_picked":["Dropkick","Flex"],"picked":"Fiend Fire","floor":13},{"not_picked":["Pommel Strike","Searing Blow"],"picked":"Heavy Blade","floor":14}],"player_experience":1303081,"relics_obtained":[{"floor":9,"key":"Oddly Smooth Stone"},{"floor":13,"key":"Paper Frog"},{"floor":14,"key":"Odd Mushroom"}],"event_choices":[{"damage_healed":0,"gold_gain":275,"player_choice":"Desecrate","damage_taken":0,"max_hp_gain":0,"max_hp_loss":0,"event_name":"Golden Shrine","floor":4,"gold_loss":0,"cards_obtained":["Regret"]},{"cards_removed":["Regret"],"damage_healed":0,"gold_gain":0,"player_choice":"Forget","damage_taken":0,"max_hp_gain":0,"max_hp_loss":0,"event_name":"Living Wall","floor":8,"gold_loss":0},{"damage_healed":0,"gold_gain":0,"player_choice":"Donut","damage_taken":0,"max_hp_gain":5,"max_hp_loss":0,"event_name":"Big Fish","floor":11,"gold_loss":0},{"damage_healed":0,"gold_gain":0,"player_choice":"Fought Mushrooms","damage_taken":0,"max_hp_gain":0,"max_hp_loss":0,"event_name":"Mushrooms","floor":14,"gold_loss":0}],"is_beta":false,"boss_relics":[],"items_purged_floors":[],"is_endless":false,"potions_floor_spawned":[7,14],"killed_by":"Slime Boss","ascension_level":10}