{"gold_per_floor":[114,68,68,78,90,123,123,150,199,214,271,295,306,318,318,318],"floor_reached":16,"playtime":613,"items_purged":[],"score":193,"play_id":"cd8c729d-b0d4-4f9c-b154-f85aeedca888","local_time":"20190223203923","is_ascension_mode":true,"campfire_choices":[{"floor":7,"key":"REST"},{"floor":15,"key":"REST"}],"neow_cost":"PERCENT_DAMAGE","seed_source_timestamp":557928798032499,"circlet_count":0,"master_deck":["AscendersBane","Strike_R","Strike_R","Strike_R","Strike_R","Defend_R","Defend_R","Defend_R","Defend_R","Bash","Flex","Heavy Blade","Inflame","Sever Soul","Juggernaut","Exhume","Pommel Strike","Body Slam"],"relics":["Burning Blood","Ornamental Fan","Art of War","Centennial Puzzle","Dead Branch","Strawberry"],"potions_floor_usage":[8,10],"damage_taken":[{"damage":4,"enemies":"Small Slimes","floor":1,"turns":5},{"damage":0,"enemies":"Cultist","floor":4,"turns":3},{"damage":7,"enemies":"Jaw Worm","floor":5,"turns":3},{"damage":56,"enemies":"Gremlin Nob","floor":6,"turns":5},{"damage":20,"enemies":"Lagavulin","floor":8,"turns":6},{"damage":7,"enemies":"3 Louse","floor":10,"turns":3},{"damage":61,"enemies":"Lagavulin Event","floor":11,"turns":7},{"damage":8,"enemies":"Blue Slaver","floor":13,"turns":2},{"damage":11,"enemies":"Looter","floor":14,"turns":2},{"damage":48,"enemies":"Hexaghost","floor":16,"turns":8}],"seed_played":"-1757304379292258246","potions_obtained":[{"floor":4,"key":"FairyPotion"},{"floor":6,"key":"FearPotion"},{"floor":8,"key":"Fruit Juice"},{"floor":11,"key":"Ancient Potion"}],"is_trial":false,"path_per_floor":["M","$","?","M","M","E","R","E","T","M","?","T","M","M","R","B"],"character_chosen":"IRONCLAD","items_purchased":["Heavy Blade"],"campfire_rested":2,"item_purchase_floors":[2],"current_hp_per_floor":[69,69,69,75,74,24,52,38,38,42,16,23,21,16,48,0],"gold":318,"neow_bonus":"TWENTY_PERCENT_HP_BONUS","is_prod":false,"is_daily":false,"chose_seed":false,"campfire_upgraded":0,"win_rate":0,"timestamp":1550950763,"path_taken":["M","$","?","?","M","E","R","E","T","M","?","?","M","M","R","BOSS"],"build_version":"2019-01-23","purchased_purges":0,"victory":false,"max_hp_per_floor":[96,96,96,96,96,96,96,96,96,101,101,108,108,108,108,108],"card_choices":[{"not_picked":["Shrug It Off","Reckless Charge"],"picked":"Flex","floor":1},{"not_picked":["Shrug It Off","Rampage"],"picked":"Inflame","floor":4},{"not_picked":["Armaments","Fire Breathing"],"picked":"Sever Soul","floor":5},{"not_picked":["Thunderclap","Rupture"],"picked":"Juggernaut","floor":6},{"not_picked":["Cleave","Armaments"],"picked":"Exhume","floor":8},{"not_picked":["Wild Strike","Corruption","Clothesline"],"picked":"SKIP","floor":10},{"not_picked":["Perfected Strike","Sword Boomerang"],"picked":"Pommel Strike","floor":11},{"not_picked":["Entrench","Wild Strike","Iron Wave"],"picked":"SKIP","floor":13},{"not_picked":["Reckless Charge","Dropkick"],"picked":"Body Slam","floor":14}],"player_experience":1417614,"relics_obtained":[{"floor":6,"key":"Ornamental Fan"},{"floor":8,"key":"Art of War"},{"floor":9,"key":"Centennial Puzzle"},{"floor":11,"key":"Dead Branch"},{"floor":12,"key":"Strawberry"}],"event_choices":[{"cards_removed":["Strike_R"],"damage_healed":0,"gold_gain":0,"player_choice":"Offered Basic","damage_taken":0,"max_hp_gain":0,"max_hp_loss":0,"event_name":"Bonfire Elementals","floor":3,"gold_loss":0},{"damage_healed":0,"gold_gain":0,"player_choice":"Searched \u00272\u0027 times","damage_taken":0,"max_hp_gain":0,"max_hp_loss":0,"event_name":"Dead Adventurer","floor":11,"gold_loss":0}],"is_beta":false,"boss_relics":[],"items_purged_floors":[],"is_endless":false,"potions_floor_spawned":[4,6,8,11],"killed_by":"Hexaghost","ascension_level":10}