{"gold_per_floor":[114,114,114,3,13,41,52,68,68,87,14,14,14,30,30,30],"floor_reached":16,"playtime":737,"items_purged":[],"score":178,"play_id":"f55b2a64-c40f-46b0-b9ec-b5b2f9133f32","local_time":"20190415201300","is_ascension_mode":true,"campfire_choices":[{"floor":13,"key":"REST"},{"data":"Riddle With Holes","floor":15,"key":"SMITH"}],"neow_cost":"NONE","seed_source_timestamp":356855984789948,"circlet_count":0,"master_deck":["Defend_G","Defend_G+1","Defend_G","Defend_G","Defend_G+1","Strike_G","Strike_G","Strike_G","Survivor","Neutralize","Dagger Spray","Setup","Footwork","Finisher","Cloak And Dagger","Riddle With Holes+1","Footwork","Poisoned Stab","Dagger Spray","Heel Hook"],"relics":["Ring of the Snake","NeowsBlessing","War Paint","Blood Vial","Dodecahedron"],"potions_floor_usage":[16,16],"damage_taken":[{"damage":0,"enemies":"2 Louse","floor":1,"turns":1},{"damage":0,"enemies":"Jaw Worm","floor":5,"turns":1},{"damage":0,"enemies":"3 Sentries","floor":6,"turns":1},{"damage":2,"enemies":"Cultist","floor":7,"turns":4},{"damage":12,"enemies":"Exordium Wildlife","floor":8,"turns":6},{"damage":7,"enemies":"Gremlin Gang","floor":10,"turns":4},{"damage":0,"enemies":"Looter","floor":14,"turns":3},{"damage":63,"enemies":"Slime Boss","floor":16,"turns":12}],"seed_played":"-6798952898470737780","potions_obtained":[{"floor":6,"key":"Weak Potion"},{"floor":7,"key":"Swift Potion"}],"is_trial":false,"path_per_floor":["M","?","?","$","M","E","M","M","T","M","?","$","R","M","R","B"],"character_chosen":"THE_SILENT","items_purchased":["Footwork","Finisher"],"campfire_rested":1,"item_purchase_floors":[4,4],"current_hp_per_floor":[63,63,56,56,56,56,54,42,42,37,37,37,58,60,60,0],"gold":30,"neow_bonus":"THREE_ENEMY_KILL","is_prod":false,"is_daily":false,"chose_seed":false,"campfire_upgraded":1,"win_rate":0,"timestamp":1555384380,"path_taken":["M","?","?","?","M","E","M","M","T","?","?","$","R","M","R","BOSS"],"build_version":"2019-01-23","purchased_purges":0,"victory":false,"max_hp_per_floor":[70,70,70,70,70,70,70,70,70,70,70,70,70,70,70,70],"card_choices":[{"not_picked":["Slice","Outmaneuver"],"picked":"Dagger Spray","floor":1},{"not_picked":["Poisoned Stab","Bane"],"picked":"Cloak And Dagger","floor":5},{"not_picked":["Escape Plan","Well Laid Plans"],"picked":"Riddle With Holes","floor":6},{"not_picked":["Leg Sweep","All Out Attack"],"picked":"Footwork","floor":7},{"not_picked":["Eviscerate","Slice"],"picked":"Poisoned Stab","floor":8},{"not_picked":["Deflect","Riddle With Holes"],"picked":"Dagger Spray","floor":10},{"not_picked":["Blade Dance","Bane"],"picked":"Heel Hook","floor":14}],"player_experience":1380110,"relics_obtained":[{"floor":6,"key":"War Paint"},{"floor":9,"key":"Blood Vial"}],"event_choices":[{"damage_healed":0,"gold_gain":0,"cards_transformed":["Strike_G"],"player_choice":"Change","damage_taken":0,"max_hp_gain":0,"max_hp_loss":0,"event_name":"Living Wall","floor":2,"gold_loss":0,"cards_obtained":["Setup"]},{"cards_removed":["Strike_G"],"damage_healed":0,"gold_gain":0,"player_choice":"Card Removal","damage_taken":7,"max_hp_gain":0,"max_hp_loss":0,"event_name":"Golden Wing","floor":3,"gold_loss":0},{"damage_healed":0,"gold_gain":0,"player_choice":"Paid Gold","damage_taken":0,"relics_obtained":["Dodecahedron"],"max_hp_gain":0,"max_hp_loss":0,"event_name":"WeMeetAgain","floor":11,"gold_loss":73}],"is_beta":false,"boss_relics":[],"items_purged_floors":[],"is_endless":false,"potions_floor_spawned":[6,7],"killed_by":"Slime Boss","ascension_level":8}