{"gold_per_floor":[109,109,109,34,52,52,86,86,109,121,86,86,104,104,104,201,201,212,212],"floor_reached":19,"playtime":835,"items_purged":["Strike_R"],"score":206,"play_id":"f7766dc8-38fc-43a1-a078-9a6af16d50b7","local_time":"20181027194104","is_ascension_mode":true,"campfire_choices":[{"data":"Armaments","floor":6,"key":"SMITH"},{"floor":8,"key":"REST"},{"data":"Bash","floor":15,"key":"SMITH"}],"neow_cost":"NONE","seed_source_timestamp":254385284590200,"circlet_count":0,"master_deck":["Strike_R","Strike_R","Strike_R","Strike_R","Defend_R+1","Defend_R","Defend_R","Defend_R","Bash+1","Berserk","Dual Wield+1","Armaments+1","Impervious","Thunderclap","Reaper","Battle Trance"],"relics":["Burning Blood","Thread and Needle","PreservedInsect","Singing Bowl","White Beast Statue"],"potions_floor_usage":[7,10,16,19],"damage_taken":[{"damage":18,"enemies":"Small Slimes","floor":1,"turns":5},{"damage":9,"enemies":"2 Louse","floor":5,"turns":3},{"damage":47,"enemies":"3 Sentries","floor":7,"turns":12},{"damage":0,"enemies":"Jaw Worm","floor":10,"turns":5},{"damage":7,"enemies":"3 Louse","floor":13,"turns":4},{"damage":41,"enemies":"Slime Boss","floor":16,"turns":14},{"damage":51,"enemies":"Chosen","floor":18,"turns":8},{"damage":78,"enemies":"Masked Bandits","floor":19,"turns":5}],"seed_played":"-5815658807304900342","potions_obtained":[{"floor":1,"key":"Dexterity Potion"},{"floor":10,"key":"Fruit Juice"},{"floor":13,"key":"Fire Potion"},{"floor":18,"key":"Regen Potion"}],"is_trial":false,"path_per_floor":["M","?","?","$","M","R","E","R","T","M","?","T","M","?","R","B",null,"M"],"character_chosen":"IRONCLAD","items_purchased":[],"campfire_rested":1,"item_purchase_floors":[],"current_hp_per_floor":[68,73,56,56,53,53,12,37,37,48,70,70,71,71,71,36,78,39,0],"gold":212,"neow_bonus":"ONE_RANDOM_RARE_CARD","is_prod":false,"is_daily":false,"chose_seed":false,"campfire_upgraded":2,"win_rate":0,"timestamp":1540662064,"path_taken":["M","?","?","$","M","R","E","R","T","M","?","?","M","?","R","BOSS","M","?"],"build_version":"2018-10-25v2","purchased_purges":1,"victory":false,"max_hp_per_floor":[80,85,85,85,85,85,85,85,85,90,90,90,92,92,92,92,92,92,92],"card_choices":[{"not_picked":["Spot Weakness","Uppercut"],"picked":"Dual Wield","floor":1},{"not_picked":["Spot Weakness","Sword Boomerang"],"picked":"Armaments","floor":5},{"not_picked":["Dropkick","Spot Weakness"],"picked":"Impervious","floor":7},{"not_picked":["Iron Wave","Combust"],"picked":"Thunderclap","floor":10},{"not_picked":["Evolve","Havoc","Wild Strike"],"picked":"Singing Bowl","floor":13},{"not_picked":["Brutality","Bludgeon"],"picked":"Reaper","floor":16},{"not_picked":["Perfected Strike","Fire Breathing+1"],"picked":"Battle Trance","floor":18}],"player_experience":785248,"relics_obtained":[{"floor":7,"key":"Thread and Needle"},{"floor":9,"key":"PreservedInsect"},{"floor":12,"key":"Singing Bowl"}],"event_choices":[{"damage_healed":0,"gold_gain":0,"player_choice":"Donut","damage_taken":0,"max_hp_gain":5,"max_hp_loss":0,"event_name":"Big Fish","floor":2,"gold_loss":0},{"damage_healed":0,"gold_gain":0,"player_choice":"Entered Light","damage_taken":17,"max_hp_gain":0,"max_hp_loss":0,"event_name":"Shining Light","floor":3,"gold_loss":0,"cards_upgraded":["Defend_R","Dual Wield"]},{"damage_healed":22,"gold_gain":0,"player_choice":"Healed","damage_taken":0,"max_hp_gain":0,"max_hp_loss":0,"event_name":"The Cleric","floor":11,"gold_loss":35},{"damage_healed":0,"gold_gain":0,"player_choice":"Fled","damage_taken":0,"max_hp_gain":0,"max_hp_loss":0,"event_name":"Scrap Ooze","floor":14,"gold_loss":0},{"damage_healed":0,"gold_gain":0,"player_choice":"Fought Bandits","damage_taken":0,"max_hp_gain":0,"max_hp_loss":0,"event_name":"Masked Bandits","floor":19,"gold_loss":0}],"is_beta":false,"boss_relics":[{"not_picked":["Velvet Choker","Ectoplasm"],"picked":"White Beast Statue"}],"items_purged_floors":[4],"is_endless":false,"potions_floor_spawned":[1,10,13,18],"killed_by":"Masked Bandits","ascension_level":5}