{"gold_per_floor":[113,123,141,156,170,195,205,205],"floor_reached":8,"playtime":683,"items_purged":[],"score":87,"play_id":"78048ed0-b47c-465a-b470-9eab11e10fb6","local_time":"20190414155055","is_ascension_mode":true,"campfire_choices":[],"neow_cost":"CURSE","seed_source_timestamp":254784071927670,"circlet_count":0,"master_deck":["Defend_G","Defend_G","Defend_G","Defend_G","Defend_G","Strike_G","Strike_G","Strike_G","Strike_G","Strike_G","Survivor","Neutralize","Injury","Sucker Punch","PiercingWail","Riddle With Holes","Glass Knife","Quick Slash","Dash","Deflect"],"relics":["Ring of the Snake","Turnip","Dodecahedron"],"potions_floor_usage":[6],"damage_taken":[{"damage":2,"enemies":"Cultist","floor":1,"turns":5},{"damage":0,"enemies":"2 Louse","floor":2,"turns":4},{"damage":0,"enemies":"Small Slimes","floor":3,"turns":3},{"damage":9,"enemies":"3 Louse","floor":4,"turns":5},{"damage":3,"enemies":"Looter","floor":5,"turns":3},{"damage":29,"enemies":"Gremlin Nob","floor":6,"turns":5},{"damage":13,"enemies":"Blue Slaver","floor":7,"turns":3},{"damage":11,"enemies":"3 Sentries","floor":8,"turns":2}],"seed_played":"51413682645831522","potions_obtained":[{"floor":1,"key":"LiquidBronze"},{"floor":5,"key":"Ancient Potion"},{"floor":6,"key":"SpeedPotion"}],"is_trial":false,"path_per_floor":["M","M","M","M","M","E","M","E"],"character_chosen":"THE_SILENT","items_purchased":[],"campfire_rested":0,"item_purchase_floors":[],"current_hp_per_floor":[61,61,61,52,49,20,7,0],"gold":205,"neow_bonus":"ONE_RARE_RELIC","is_prod":false,"is_daily":false,"chose_seed":false,"campfire_upgraded":0,"win_rate":0,"timestamp":1555282255,"path_taken":["M","M","M","?","M","E","M","E"],"build_version":"2019-01-23","purchased_purges":0,"victory":false,"max_hp_per_floor":[70,70,70,70,70,70,70,70],"card_choices":[{"not_picked":["Blade Dance","Prepared"],"picked":"Sucker Punch","floor":1},{"not_picked":["Tactician","Bane"],"picked":"PiercingWail","floor":2},{"not_picked":["Cloak And Dagger","Well Laid Plans"],"picked":"Riddle With Holes","floor":3},{"not_picked":["Concentrate","Catalyst"],"picked":"Glass Knife","floor":4},{"not_picked":["Poisoned Stab","Distraction"],"picked":"Quick Slash","floor":5},{"not_picked":["Distraction","Doppelganger"],"picked":"Dash","floor":6},{"not_picked":["Bane","Flying Knee"],"picked":"Deflect","floor":7}],"player_experience":1364564,"relics_obtained":[{"floor":6,"key":"Dodecahedron"}],"event_choices":[],"is_beta":false,"boss_relics":[],"items_purged_floors":[],"is_endless":false,"potions_floor_spawned":[1,5,6],"killed_by":"3 Sentries","ascension_level":8}