{"gold_per_floor":[19,38,38,38,53,53,29,48,101,111,136,63,63,73,73,173,173,190,203,215,215,233,233,233,233,233,245,257,257,52,52,52,52],"floor_reached":33,"playtime":4437,"items_purged":["Shame"],"score":249,"play_id":"5a3dc80c-0c84-40ad-9045-9731f4df531e","local_time":"20181118140248","is_ascension_mode":false,"campfire_choices":[{"data":"Armaments","floor":6,"key":"SMITH"},{"floor":15,"key":"REST"},{"data":"Heavy Blade","floor":23,"key":"SMITH"},{"floor":25,"key":"REST"},{"floor":32,"key":"REST"}],"neow_cost":"NO_GOLD","seed_source_timestamp":327942703892900,"circlet_count":0,"master_deck":["Strike_R","Defend_R","Defend_R","Defend_R","Defend_R","Bash","Sword Boomerang","Thunderclap","Flex","Armaments+1","Seeing Red","Flex","Twin Strike","Power Through","Dropkick","Infernal Blade","Impervious","Flame Barrier","Fiend Fire","True Grit+1","Heavy Blade+1","Pommel Strike+1","Infernal Blade+1","Inflame"],"relics":["Burning Blood","Boot","Lantern","Question Card","Lizard Tail","Enchiridion","Peace Pipe","Toxic Egg 2"],"potions_floor_usage":[8,10,16,18,19,27,28,31],"damage_taken":[{"damage":6,"enemies":"2 Louse","floor":1,"turns":2},{"damage":1,"enemies":"Jaw Worm","floor":2,"turns":3},{"damage":3,"enemies":"Small Slimes","floor":5,"turns":4},{"damage":33,"enemies":"Gremlin Gang","floor":8,"turns":4},{"damage":14,"enemies":"Exordium Wildlife","floor":10,"turns":5},{"damage":18,"enemies":"3 Sentries","floor":11,"turns":8},{"damage":0,"enemies":"3 Louse","floor":14,"turns":2},{"damage":22,"enemies":"Slime Boss","floor":16,"turns":10},{"damage":17,"enemies":"2 Thieves","floor":18,"turns":4},{"damage":7,"enemies":"Shell Parasite","floor":19,"turns":7},{"damage":15,"enemies":"Snake Plant","floor":20,"turns":5},{"damage":8,"enemies":"Snecko","floor":22,"turns":4},{"damage":30,"enemies":"Chosen and Byrds","floor":27,"turns":7},{"damage":21,"enemies":"Shelled Parasite and Fungi","floor":28,"turns":13},{"damage":0,"enemies":"Colosseum Slavers","floor":31,"turns":2},{"damage":153,"enemies":"Automaton","floor":33,"turns":12}],"seed_played":"5728703133712703672","potions_obtained":[{"floor":2,"key":"Poison Potion"},{"floor":8,"key":"SneckoOil"},{"floor":11,"key":"Strength Potion"},{"floor":16,"key":"LiquidBronze"},{"floor":18,"key":"Block Potion"},{"floor":22,"key":"SteroidPotion"},{"floor":27,"key":"Dexterity Potion"},{"floor":28,"key":"Ancient Potion"}],"is_trial":false,"path_per_floor":["M","M","?","?","M","R","$","M","T","M","E","$","?","M","R","B",null,"M","M","M","?","M","R","?","R","T","M","M","?","$","?","R","B"],"character_chosen":"IRONCLAD","items_purchased":["Flex","Infernal Blade","Inflame","PowerPotion"],"campfire_rested":3,"item_purchase_floors":[7,12,30,30],"current_hp_per_floor":[80,80,80,73,76,76,76,49,49,41,29,29,29,35,59,43,80,69,68,59,43,41,41,41,65,65,41,26,26,26,32,56,0],"gold":52,"neow_bonus":"TRANSFORM_TWO_CARDS","is_prod":false,"is_daily":false,"chose_seed":false,"campfire_upgraded":2,"win_rate":0,"timestamp":1542546168,"path_taken":["M","M","?","?","M","R","?","M","T","M","E","$","?","?","R","BOSS","M","M","M","?","M","R","?","R","T","M","M","?","$","?","R","BOSS"],"build_version":"2018-11-15","purchased_purges":1,"victory":false,"max_hp_per_floor":[80,80,80,80,80,80,80,80,80,80,80,80,80,80,80,80,80,80,80,80,80,80,80,80,80,80,80,80,80,80,80,80,80],"card_choices":[{"not_picked":["Clash","Pommel Strike"],"picked":"Flex","floor":1},{"not_picked":["Twin Strike","Uppercut"],"picked":"Armaments","floor":2},{"not_picked":["Pummel","Clothesline"],"picked":"Seeing Red","floor":5},{"not_picked":["Ghostly Armor","Iron Wave"],"picked":"Twin Strike","floor":8},{"not_picked":["Havoc","Twin Strike"],"picked":"Power Through","floor":10},{"not_picked":["Shrug It Off","Havoc"],"picked":"Dropkick","floor":11},{"not_picked":["Barricade","Cleave","Metallicize"],"picked":"Flame Barrier","floor":14},{"not_picked":["Feed","Brutality","Berserk"],"picked":"Fiend Fire","floor":16},{"not_picked":["Bloodletting","True Grit","Anger","Uppercut"],"picked":"SKIP","floor":18},{"not_picked":["Sword Boomerang","Clash","Thunderclap"],"picked":"True Grit+1","floor":19},{"not_picked":["Hemokinesis+1","Perfected Strike","Pommel Strike+1"],"picked":"Heavy Blade","floor":20},{"not_picked":["Perfected Strike","Second Wind","Anger"],"picked":"Pommel Strike+1","floor":22},{"not_picked":["Evolve","Iron Wave","Combust+1","Clothesline"],"picked":"SKIP","floor":27},{"not_picked":["Searing Blow","Clash","Perfected Strike"],"picked":"Infernal Blade+1","floor":28}],"player_experience":922943,"relics_obtained":[{"floor":9,"key":"Lantern"},{"floor":11,"key":"Question Card"},{"floor":21,"key":"Enchiridion"},{"floor":26,"key":"Peace Pipe"}],"event_choices":[{"damage_healed":0,"gold_gain":0,"player_choice":"Box","damage_taken":0,"relics_obtained":["Boot"],"max_hp_gain":0,"max_hp_loss":0,"event_name":"Big Fish","floor":3,"gold_loss":0,"cards_obtained":["Regret"]},{"cards_removed":["Regret"],"damage_healed":0,"gold_gain":0,"player_choice":"Card Removal","damage_taken":7,"max_hp_gain":0,"max_hp_loss":0,"event_name":"Golden Wing","floor":4,"gold_loss":0},{"damage_healed":0,"gold_gain":0,"cards_transformed":["Strike_R"],"player_choice":"Transformed","damage_taken":0,"max_hp_gain":0,"max_hp_loss":0,"event_name":"Transmorgrifier","floor":13,"gold_loss":0,"cards_obtained":["Impervious"]},{"damage_healed":0,"gold_gain":0,"player_choice":"Obtained Book","damage_taken":16,"max_hp_gain":0,"max_hp_loss":0,"event_name":"Cursed Tome","floor":21,"gold_loss":0},{"cards_removed":["Strike_R"],"damage_healed":0,"gold_gain":0,"player_choice":"Elegance","damage_taken":0,"max_hp_gain":0,"max_hp_loss":0,"event_name":"Back to Basics","floor":24,"gold_loss":0},{"damage_healed":0,"gold_gain":0,"player_choice":"Stole Relic","damage_taken":0,"relics_obtained":["Toxic Egg 2"],"max_hp_gain":0,"max_hp_loss":0,"event_name":"Addict","floor":29,"gold_loss":0,"cards_obtained":["Shame"]},{"damage_healed":0,"gold_gain":0,"player_choice":"Fight","damage_taken":0,"max_hp_gain":0,"max_hp_loss":0,"event_name":"Colosseum","floor":31,"gold_loss":0},{"damage_healed":0,"gold_gain":0,"player_choice":"Fled From Nobs","damage_taken":0,"max_hp_gain":0,"max_hp_loss":0,"event_name":"Colosseum","floor":31,"gold_loss":0}],"is_beta":false,"boss_relics":[{"not_picked":["Eternal Feather","Pandora\u0027s Box"],"picked":"Lizard Tail"}],"items_purged_floors":[30],"is_endless":false,"potions_floor_spawned":[2,8,11,16,18,22,27,28],"killed_by":"Automaton","ascension_level":0}