{"gold_per_floor":[110,70,33,33,43,76,76,42,123,158,174,191,204,29,29,134,134,151,6,16,16,291,291,11,39,66,66,78,78,94,94],"floor_reached":31,"playtime":2678,"items_purged":["Regret"],"score":380,"play_id":"7a75e228-9145-4a3f-a688-7aaa5c4b935e","local_time":"20181116090042","is_ascension_mode":true,"campfire_choices":[{"floor":7,"key":"REST"},{"data":"Seeing Red","floor":15,"key":"SMITH"},{"data":"Dual Wield","floor":23,"key":"SMITH"},{"floor":27,"key":"REST"}],"neow_cost":"PERCENT_DAMAGE","seed_source_timestamp":138771104857900,"circlet_count":0,"master_deck":["Strike_R","Strike_R","Defend_R","Defend_R","Defend_R","Defend_R","Bash","Feed","Battle Trance","Power Through","Seeing Red+1","Clash","Dropkick","Rampage","Double Tap","Flame Barrier","Cleave","Reaper","Infernal Blade+1","Immolate","Second Wind","Dual Wield+1","Whirlwind+1","Chrysalis","Corruption"],"relics":["Burning Blood","Bottled Lightning","Question Card","Mercury Hourglass","Ancient Tea Set","Busted Crown","StoneCalendar","Happy Flower"],"potions_floor_usage":[6,10,10,16,25,28,28],"damage_taken":[{"damage":1,"enemies":"Small Slimes","floor":1,"turns":4},{"damage":1,"enemies":"Cultist","floor":5,"turns":4},{"damage":33,"enemies":"Gremlin Nob","floor":6,"turns":5},{"damage":20,"enemies":"3 Sentries","floor":10,"turns":7},{"damage":4,"enemies":"2 Louse","floor":11,"turns":2},{"damage":6,"enemies":"Lots of Slimes","floor":12,"turns":3},{"damage":0,"enemies":"3 Louse","floor":13,"turns":3},{"damage":17,"enemies":"Slime Boss","floor":16,"turns":10},{"damage":24,"enemies":"Spheric Guardian","floor":18,"turns":5},{"damage":6,"enemies":"2 Thieves","floor":20,"turns":3},{"damage":42,"enemies":"Gremlin Leader","floor":25,"turns":6},{"damage":59,"enemies":"Centurion and Healer","floor":28,"turns":7},{"damage":33,"enemies":"Snake Plant","floor":30,"turns":3},{"damage":7,"enemies":"Shelled Parasite and Fungi","floor":31,"turns":1}],"seed_played":"-6186490393399730122","potions_obtained":[{"floor":1,"key":"Fire Potion"},{"floor":2,"key":"Strength Potion"},{"floor":2,"key":"Regen Potion"},{"floor":6,"key":"LiquidBronze"},{"floor":10,"key":"Poison Potion"},{"floor":16,"key":"Energy Potion"},{"floor":25,"key":"Weak Potion"}],"is_trial":false,"path_per_floor":["M","?","$","?","M","E","R","$","T","E","M","M","M","$","R","B",null,"M","$","M","?","?","R","$","E","T","R","M","?","M","M"],"character_chosen":"IRONCLAD","items_purchased":["Seeing Red","Rampage","Ancient Tea Set","Cleave","Immolate","Whirlwind","Chrysalis"],"campfire_rested":2,"item_purchase_floors":[3,8,14,14,19,24,24],"current_hp_per_floor":[59,59,59,59,64,37,61,61,61,50,55,58,67,67,67,56,85,67,67,71,71,71,71,71,35,35,63,34,34,7,0],"gold":94,"neow_bonus":"TRANSFORM_TWO_CARDS","is_prod":false,"is_daily":false,"chose_seed":false,"campfire_upgraded":2,"win_rate":0,"timestamp":1542355242,"path_taken":["M","?","?","?","M","E","R","$","T","E","?","M","M","$","R","BOSS","M","$","M","?","?","R","$","E","T","R","?","?","M","?"],"build_version":"2018-11-08","purchased_purges":1,"victory":false,"max_hp_per_floor":[83,83,83,83,83,83,83,83,83,86,89,92,95,95,95,95,95,95,95,95,95,95,95,95,95,95,95,95,95,95,95],"card_choices":[{"not_picked":["Infernal Blade","Entrench"],"picked":"Power Through","floor":1},{"not_picked":["Thunderclap","True Grit"],"picked":"Clash","floor":5},{"not_picked":["Feel No Pain","Clash"],"picked":"Dropkick","floor":6},{"not_picked":["Cleave","Second Wind","Havoc"],"picked":"Double Tap","floor":10},{"not_picked":["Metallicize","Pommel Strike","Wild Strike","Power Through"],"picked":"SKIP","floor":11},{"not_picked":["Pummel","Clash","Entrench","Perfected Strike"],"picked":"SKIP","floor":12},{"not_picked":["Armaments","Clothesline","Pommel Strike"],"picked":"Flame Barrier","floor":13},{"not_picked":["Offering","Limit Break","Barricade"],"picked":"Reaper","floor":16},{"not_picked":["Clash"],"picked":"Infernal Blade+1","floor":18},{"not_picked":["Warcry"],"picked":"Second Wind","floor":20},{"not_picked":["Armaments"],"picked":"Corruption","floor":25},{"not_picked":["Feel No Pain","Dropkick"],"picked":"SKIP","floor":28},{"not_picked":["Clash+1","Rupture"],"picked":"SKIP","floor":30}],"player_experience":915842,"relics_obtained":[{"floor":6,"key":"Bottled Lightning"},{"floor":9,"key":"Question Card"},{"floor":10,"key":"Mercury Hourglass"},{"floor":25,"key":"StoneCalendar"},{"floor":26,"key":"Happy Flower"}],"event_choices":[{"damage_healed":0,"gold_gain":0,"player_choice":"Bought 3 Potions","damage_taken":0,"max_hp_gain":0,"max_hp_loss":0,"event_name":"The Woman in Blue","floor":2,"gold_loss":0},{"cards_removed":["Strike_R"],"damage_healed":0,"gold_gain":0,"player_choice":"Offered Basic","damage_taken":0,"max_hp_gain":0,"max_hp_loss":0,"event_name":"Bonfire Elementals","floor":4,"gold_loss":0},{"damage_healed":0,"gold_gain":0,"player_choice":"Read","damage_taken":0,"max_hp_gain":0,"max_hp_loss":0,"event_name":"The Library","floor":21,"gold_loss":0,"cards_obtained":["Dual Wield"]},{"damage_healed":0,"gold_gain":275,"player_choice":"Desecrate","damage_taken":0,"max_hp_gain":0,"max_hp_loss":0,"event_name":"Golden Shrine","floor":22,"gold_loss":0,"cards_obtained":["Regret"]},{"damage_healed":0,"gold_gain":0,"player_choice":"Upgraded","damage_taken":0,"max_hp_gain":0,"max_hp_loss":0,"event_name":"Upgrade Shrine","floor":29,"gold_loss":0,"cards_upgraded":["Whirlwind"]}],"is_beta":false,"boss_relics":[{"not_picked":["Tiny House","Runic Pyramid"],"picked":"Busted Crown"}],"items_purged_floors":[24],"is_endless":false,"potions_floor_spawned":[1,6,10,16,25],"killed_by":"Shelled Parasite and Fungi","ascension_level":7}