{"gold_per_floor":[111,127,127,127,137,137,166,166,166,166,176,20,54,70,70,169,169,180,196,211,64,84,84,113,113,136,136],"floor_reached":27,"playtime":3556,"items_purged":[],"score":255,"play_id":"f5ae015e-8ee0-4dbc-a1c0-944fcc91015c","local_time":"20190510190103","is_ascension_mode":true,"campfire_choices":[{"data":"Shockwave","floor":6,"key":"SMITH"},{"data":"True Grit","floor":15,"key":"SMITH"},{"data":"Body Slam","floor":23,"key":"SMITH"},{"data":"Wild Strike","floor":25,"key":"SMITH"}],"neow_cost":"NONE","seed_source_timestamp":751675128212160,"circlet_count":0,"master_deck":["Strike_R","Strike_R","Strike_R","Strike_R","Strike_R","Defend_R","Defend_R","Defend_R","Defend_R","Bash","Pummel","Wild Strike+1","Shockwave+1","Ghostly Armor","True Grit+1","Fiend Fire","True Grit+1","Dark Embrace","Sentinel+1","Whirlwind","Second Wind","Inflame","Shrug It Off","Body Slam+1","Evolve"],"relics":["Burning Blood","StoneCalendar","Thread and Needle","Matryoshka","Happy Flower","Ginger","Pen Nib","Black Star","Lantern","The Courier","Darkstone Periapt","Bag of Marbles"],"potions_floor_usage":[20,22,24,24],"damage_taken":[{"damage":5,"enemies":"Small Slimes","floor":1,"turns":4},{"damage":0,"enemies":"2 Louse","floor":2,"turns":2},{"damage":0,"enemies":"Cultist","floor":5,"turns":3},{"damage":36,"enemies":"3 Sentries","floor":7,"turns":7},{"damage":4,"enemies":"Lots of Slimes","floor":11,"turns":5},{"damage":5,"enemies":"Lagavulin","floor":13,"turns":7},{"damage":0,"enemies":"Exordium Wildlife","floor":14,"turns":2},{"damage":39,"enemies":"Hexaghost","floor":16,"turns":10},{"damage":16,"enemies":"Spheric Guardian","floor":18,"turns":5},{"damage":1,"enemies":"3 Byrds","floor":19,"turns":7},{"damage":29,"enemies":"3 Cultists","floor":20,"turns":7},{"damage":6,"enemies":"Centurion and Healer","floor":22,"turns":7},{"damage":16,"enemies":"Slavers","floor":24,"turns":7},{"damage":66,"enemies":"Gremlin Leader","floor":27,"turns":4}],"seed_played":"-1582652432099624467","potions_obtained":[{"floor":2,"key":"Dexterity Potion"},{"floor":13,"key":"Regen Potion"},{"floor":16,"key":"Dexterity Potion"},{"floor":20,"key":"Block Potion"}],"is_trial":false,"path_per_floor":["M","M","?","?","M","R","E","?","T","T","M","$","E","M","R","B",null,"M","M","M","$","M","R","E","R","T","E"],"character_chosen":"IRONCLAD","items_purchased":["Fiend Fire","Inflame","Shrug It Off","Body Slam"],"campfire_rested":0,"item_purchase_floors":[12,21,21,21],"current_hp_per_floor":[80,80,77,82,85,85,55,55,55,55,57,57,58,64,64,31,85,75,80,57,57,72,72,62,62,62,0],"gold":136,"neow_bonus":"THREE_CARDS","is_prod":false,"is_daily":false,"chose_seed":false,"campfire_upgraded":4,"win_rate":0,"timestamp":1557529263,"path_taken":["M","M","?","?","M","R","E","?","T","?","M","$","E","M","R","BOSS","M","M","M","$","M","R","E","R","T","E"],"build_version":"2019-01-23","purchased_purges":0,"victory":false,"max_hp_per_floor":[80,80,80,85,85,85,85,85,85,85,85,85,85,85,85,85,85,85,85,85,85,85,85,85,85,85,85],"card_choices":[{"not_picked":["Searing Blow","Entrench"],"picked":"Pummel","floor":0},{"not_picked":["Thunderclap","Blood for Blood"],"picked":"Wild Strike","floor":1},{"not_picked":["Entrench","Dropkick"],"picked":"Shockwave","floor":2},{"not_picked":["Headbutt","Reckless Charge"],"picked":"Ghostly Armor","floor":5},{"not_picked":["Corruption","Rupture"],"picked":"True Grit","floor":7},{"not_picked":["Cleave","Corruption","Perfected Strike"],"picked":"SKIP","floor":11},{"not_picked":["Blood for Blood","Anger","Flex"],"picked":"SKIP","floor":13},{"not_picked":["Flex","Clothesline"],"picked":"True Grit","floor":14},{"not_picked":["Brutality","Impervious"],"picked":"Dark Embrace","floor":16},{"not_picked":["Twin Strike","Pummel"],"picked":"Sentinel+1","floor":18},{"not_picked":["Flex","Body Slam"],"picked":"Whirlwind","floor":19},{"not_picked":["Perfected Strike+1","Shrug It Off"],"picked":"Second Wind","floor":20},{"not_picked":["Perfected Strike","Pummel"],"picked":"Evolve","floor":22},{"not_picked":["Iron Wave","Hemokinesis+1","Bloodletting"],"picked":"SKIP","floor":24}],"player_experience":170781,"relics_obtained":[{"floor":7,"key":"Thread and Needle"},{"floor":9,"key":"Matryoshka"},{"floor":10,"key":"Happy Flower"},{"floor":10,"key":"Ginger"},{"floor":13,"key":"Pen Nib"},{"floor":24,"key":"Lantern"},{"floor":24,"key":"The Courier"},{"floor":26,"key":"Darkstone Periapt"},{"floor":26,"key":"Bag of Marbles"}],"event_choices":[{"damage_healed":0,"gold_gain":0,"player_choice":"Success","damage_taken":3,"relics_obtained":["StoneCalendar"],"max_hp_gain":0,"max_hp_loss":0,"event_name":"Scrap Ooze","floor":3,"gold_loss":0},{"damage_healed":0,"gold_gain":0,"player_choice":"Donut","damage_taken":0,"max_hp_gain":5,"max_hp_loss":0,"event_name":"Big Fish","floor":4,"gold_loss":0},{"damage_healed":0,"gold_gain":0,"player_choice":"Grow","damage_taken":0,"max_hp_gain":0,"max_hp_loss":0,"event_name":"Living Wall","floor":8,"gold_loss":0,"cards_upgraded":["True Grit"]}],"is_beta":false,"boss_relics":[{"not_picked":["Runic Cube","White Beast Statue"],"picked":"Black Star"}],"items_purged_floors":[],"is_endless":false,"potions_floor_spawned":[2,13,16,18,20],"killed_by":"Gremlin Leader","ascension_level":1}