{"gold_per_floor":[116,116,126,226,151,151,168,203,249,133,166,166,182,200,200,200],"floor_reached":16,"playtime":1121,"items_purged":["Regret","Strike_R"],"score":110,"play_id":"decc1f8e-306b-4ce2-a463-cfb6380a6a14","local_time":"20190221225831","is_ascension_mode":false,"campfire_choices":[{"data":"True Grit","floor":6.0,"key":"SMITH"},{"floor":12,"key":"REST"},{"data":"Feel No Pain","floor":15,"key":"SMITH"}],"neow_cost":"PERCENT_DAMAGE","seed_source_timestamp":0,"circlet_count":0,"master_deck":["Strike_R","Strike_R","Strike_R","Strike_R","Defend_R","Defend_R","Defend_R","Defend_R","Bash","Clothesline","True Grit+1","Feel No Pain+1","Pommel Strike","Shrug It Off","Corruption","Limit Break"],"special_seed":0,"relics":["Burning Blood","Unceasing Top","Anchor","The Courier","Red Skull","Regal Pillow"],"potions_floor_usage":[16],"damage_taken":[{"damage":2.0,"enemies":"2 Louse","floor":1.0,"turns":3.0},{"damage":4.0,"enemies":"Small Slimes","floor":3.0,"turns":4.0},{"damage":1.0,"enemies":"Cultist","floor":7.0,"turns":4.0},{"damage":48.0,"enemies":"Lagavulin","floor":8.0,"turns":9.0},{"damage":16,"enemies":"Gremlin Nob","floor":11,"turns":4},{"damage":1,"enemies":"2 Fungi Beasts","floor":13,"turns":4},{"damage":0,"enemies":"3 Louse","floor":14,"turns":5},{"damage":66,"enemies":"Slime Boss","floor":16,"turns":19}],"seed_played":"6717486411286934942","potions_obtained":[{"floor":1.0,"key":"Swift Potion"},{"floor":13,"key":"SkillPotion"}],"is_trial":false,"path_per_floor":["M","?","M","?","$","R","M","E","T","$","E","R","M","M","R","B"],"character_chosen":"IRONCLAD","items_purchased":["Pommel Strike"],"campfire_rested":1,"item_purchase_floors":[10],"current_hp_per_floor":[60,60,62,62,62,62,67,25,25,25,15,54,59,65,65,0],"gold":200,"neow_bonus":"ONE_RARE_RELIC","is_prod":false,"is_daily":false,"chose_seed":false,"campfire_upgraded":2,"win_rate":0,"timestamp":1550818711,"path_taken":["M","?","M","?","$","R","M","E","T","$","E","R","?","M","R","BOSS"],"build_version":"2019-01-23","purchased_purges":2,"victory":false,"max_hp_per_floor":[80,80,80,80,80,80,80,80,80,80,80,80,80,80,80,80],"card_choices":[{"not_picked":["Second Wind","Thunderclap"],"picked":"Clothesline","floor":1.0},{"not_picked":["Rupture","Twin Strike"],"picked":"True Grit","floor":3.0},{"not_picked":["Anger","Sword Boomerang","Warcry"],"picked":"SKIP","floor":7.0},{"not_picked":["Clash","Iron Wave"],"picked":"Feel No Pain","floor":8.0},{"not_picked":["Shockwave","Reckless Charge"],"picked":"Shrug It Off","floor":11},{"not_picked":["Intimidate","Clash"],"picked":"Corruption","floor":13},{"not_picked":["Uppercut","Battle Trance"],"picked":"Limit Break","floor":14}],"player_experience":216030,"relics_obtained":[{"floor":8.0,"key":"The Courier"},{"floor":9.0,"key":"Red Skull"},{"floor":11,"key":"Regal Pillow"}],"event_choices":[{"damage_healed":0.0,"max_hp_gain":0.0,"max_hp_loss":0.0,"gold_gain":0.0,"event_name":"Big Fish","player_choice":"Box","floor":2.0,"gold_loss":0.0,"damage_taken":0.0,"relics_obtained":["Anchor"],"cards_obtained":["Regret"]},{"damage_healed":0.0,"max_hp_gain":0.0,"max_hp_loss":0.0,"gold_gain":100.0,"event_name":"Golden Shrine","player_choice":"Pray","floor":4.0,"gold_loss":0.0,"damage_taken":0.0}],"is_beta":false,"boss_relics":[],"items_purged_floors":[5,10],"is_endless":false,"potions_floor_spawned":[1,13],"killed_by":"Slime Boss","ascension_level":0}