{"gold_per_floor":[18,18,42,66,79,102,121,140,140,140],"floor_reached":10,"playtime":563,"items_purged":[],"score":64,"play_id":"42beaf71-0353-407c-9f33-c4cac659d901","local_time":"20181126113457","is_ascension_mode":false,"campfire_choices":[],"neow_cost":"NO_GOLD","seed_source_timestamp":298734758413103,"circlet_count":0,"master_deck":["Strike_B","Strike_B","Strike_B","Strike_B","Defend_B","Defend_B","Defend_B","Defend_B","Zap","Dualcast","Injury","Barrage","Hologram","Hologram"],"relics":["Cracked Core","StoneCalendar","Golden Idol","Oddly Smooth Stone"],"potions_floor_usage":[8,10],"damage_taken":[{"damage":17,"enemies":"Jaw Worm","floor":1,"turns":4},{"damage":0,"enemies":"Small Slimes","floor":3,"turns":3},{"damage":1,"enemies":"Cultist","floor":4,"turns":3},{"damage":5,"enemies":"Looter","floor":5,"turns":3},{"damage":1,"enemies":"Large Slime","floor":6,"turns":5},{"damage":39,"enemies":"Lots of Slimes","floor":7,"turns":5},{"damage":10,"enemies":"Exordium Thugs","floor":8,"turns":4},{"damage":4,"enemies":"Gremlin Gang","floor":10,"turns":2}],"seed_played":"-8333859284733334676","potions_obtained":[{"floor":1,"key":"SteroidPotion"},{"floor":3,"key":"Swift Potion"},{"floor":7,"key":"SteroidPotion"},{"floor":8,"key":"Block Potion"}],"is_trial":false,"path_per_floor":["M","?","M","M","M","M","M","M","T","M"],"character_chosen":"DEFECT","items_purchased":[],"campfire_rested":0,"item_purchase_floors":[],"current_hp_per_floor":[58,58,58,57,52,51,12,2,2,0],"gold":140,"neow_bonus":"ONE_RARE_RELIC","is_prod":false,"is_daily":false,"chose_seed":false,"campfire_upgraded":0,"win_rate":0,"timestamp":1543199697,"path_taken":["M","?","M","M","M","M","M","M","T","M"],"build_version":"2018-11-15","purchased_purges":0,"victory":false,"max_hp_per_floor":[75,75,75,75,75,75,75,75,75,75],"card_choices":[{"not_picked":["Heatsinks","Undo","Gash"],"picked":"SKIP","floor":1},{"not_picked":["Streamline","Turbo","Lockon"],"picked":"SKIP","floor":3},{"not_picked":["Compile Driver","Reprogram","Conserve Battery"],"picked":"SKIP","floor":4},{"not_picked":["Streamline","Rip and Tear"],"picked":"Barrage","floor":5},{"not_picked":["Auto Shields","Redo"],"picked":"Hologram","floor":6},{"not_picked":["Steam","Steam Power"],"picked":"Hologram","floor":7},{"not_picked":["Redo","Hologram","Compile Driver"],"picked":"SKIP","floor":8}],"player_experience":99765,"relics_obtained":[{"floor":9,"key":"Oddly Smooth Stone"}],"event_choices":[{"damage_healed":0,"gold_gain":0,"player_choice":"Take Wound","damage_taken":0,"relics_obtained":["Golden Idol"],"max_hp_gain":0,"max_hp_loss":0,"event_name":"Golden Idol","floor":2,"gold_loss":0,"cards_obtained":["Injury"]}],"is_beta":false,"boss_relics":[],"items_purged_floors":[],"is_endless":false,"potions_floor_spawned":[1,3,7,8],"killed_by":"Gremlin Gang","ascension_level":0}