{"gold_per_floor":[217,232,54,54,72,107,107,127,127,140,140,140,165,179,179,280,280,264,363,379,379,390,390,390,46,121,50,63,98,117,144,144,248,248,259,279,279,279,299,299,314,327,327,327,346,361,65,81,81,81],"floor_reached":51,"playtime":5322,"items_purged":["Strike_B","Strike_B"],"score":776,"play_id":"b6d2cdc1-0750-45a3-bb60-1f2c468dc6fe","local_time":"20181125223023","is_ascension_mode":true,"campfire_choices":[{"floor":7.0,"key":"REST"},{"floor":11.0,"key":"REST"},{"floor":15.0,"key":"REST"},{"floor":23.0,"key":"REST"},{"floor":32.0,"key":"REST"},{"data":"Capacitor","floor":40.0,"key":"SMITH"},{"floor":49,"key":"REST"}],"neow_cost":"NONE","seed_source_timestamp":246618935201835,"circlet_count":0,"master_deck":["Defend_B","Defend_B+1","Zap","Dualcast","Consume","Cold Snap+1","Ball Lightning","Capacitor+1","Blizzard","Defragment","Self Repair","Self Repair","FTL","Cold Snap","Capacitor","Seek","Electrodynamics","Hologram+1","Consume","Barrage","Ball Lightning+1","Barrage","FTL+1"],"special_seed":0,"relics":["FrozenCore","Anchor","Bag of Preparation","Bottled Flame","Question Card","Pantograph","Centennial Puzzle","Mercury Hourglass","Empty Cage","Omamori","Mango"],"potions_floor_usage":[48,50,50],"damage_taken":[{"damage":12.0,"enemies":"Small Slimes","floor":1.0,"turns":3.0},{"damage":2.0,"enemies":"Jaw Worm","floor":2.0,"turns":3.0},{"damage":0.0,"enemies":"Cultist","floor":5.0,"turns":3.0},{"damage":8.0,"enemies":"3 Sentries","floor":6.0,"turns":7.0},{"damage":1.0,"enemies":"Large Slime","floor":8.0,"turns":5.0},{"damage":19.0,"enemies":"Exordium Thugs","floor":10.0,"turns":4.0},{"damage":25.0,"enemies":"Gremlin Nob","floor":13.0,"turns":4.0},{"damage":4.0,"enemies":"2 Fungi Beasts","floor":14.0,"turns":3.0},{"damage":45.0,"enemies":"Hexaghost","floor":16.0,"turns":8.0},{"damage":10.0,"enemies":"2 Thieves","floor":18.0,"turns":4.0},{"damage":9.0,"enemies":"Shell Parasite","floor":20.0,"turns":7.0},{"damage":3.0,"enemies":"Snake Plant","floor":22.0,"turns":10.0},{"damage":2.0,"enemies":"Centurion and Healer","floor":28.0,"turns":11.0},{"damage":19.0,"enemies":"Slavers","floor":29.0,"turns":9.0},{"damage":16.0,"enemies":"3 Cultists","floor":30.0,"turns":7.0},{"damage":59.0,"enemies":"Gremlin Leader","floor":31.0,"turns":12.0},{"damage":22.0,"enemies":"Automaton","floor":33.0,"turns":12.0},{"damage":32.0,"enemies":"3 Darklings","floor":35.0,"turns":4.0},{"damage":4.0,"enemies":"Orb Walker","floor":36.0,"turns":6.0},{"damage":24.0,"enemies":"3 Darklings","floor":39.0,"turns":5.0},{"damage":4.0,"enemies":"4 Shapes","floor":41.0,"turns":5.0},{"damage":18.0,"enemies":"Maw","floor":42.0,"turns":9.0},{"damage":42,"enemies":"Writhing Mass","floor":45,"turns":8},{"damage":7,"enemies":"Spire Growth","floor":46,"turns":8},{"damage":53,"enemies":"Transient","floor":48,"turns":5},{"damage":47,"enemies":"Awakened One","floor":50,"turns":16}],"seed_played":"6532461529002280048","potions_obtained":[{"floor":1.0,"key":"AttackPotion"},{"floor":6.0,"key":"SpeedPotion"},{"floor":10.0,"key":"Fruit Juice"},{"floor":13.0,"key":"Regen Potion"},{"floor":16.0,"key":"SteroidPotion"},{"floor":18.0,"key":"Fire Potion"},{"floor":29.0,"key":"SpeedPotion"},{"floor":31.0,"key":"FearPotion"},{"floor":33.0,"key":"AttackPotion"},{"floor":35.0,"key":"FocusPotion"},{"floor":42.0,"key":"Poison Potion"},{"floor":48,"key":"LiquidBronze"}],"is_trial":false,"path_per_floor":["M","M","$","?","M","E","R","M","T","M","R","?","E","M","R","B",null,"M","?","M","?","M","R","?","$","T","$","M","E","M","E","R","B",null,"M","M","?","$","M","R","M","M","T","?","M","M","$","M","R","B",null],"character_chosen":"DEFECT","items_purchased":["Ball Lightning","Capacitor","Question Card","FTL","Mango"],"campfire_rested":6,"item_purchase_floors":[3,3,25,27,47],"current_hp_per_floor":[63,61,61,46,46,38,60,59,59,45,69,62,37,42,66,21,80,70,70,68,53,57,82,82,82,82,82,85,73,64,19,44,54,85,67,77,77,77,67,67,70,66,66,66,38,45,59,6,35,13],"gold":81,"neow_bonus":"HUNDRED_GOLD","is_prod":false,"is_daily":false,"chose_seed":false,"campfire_upgraded":1,"win_rate":0,"timestamp":1543152623,"path_taken":["M","M","$","?","M","E","R","M","T","M","R","?","E","M","R","BOSS","M","?","M","?","M","R","?","$","T","$","M","E","M","E","R","BOSS","M","M","?","$","M","R","M","M","T","?","M","?","$","M","R","BOSS"],"build_version":"2018-11-15","purchased_purges":2,"victory":true,"max_hp_per_floor":[75,75,75,75,75,75,75,75,75,80,80,80,80,80,80,80,80,80,80,80,85,85,85,85,85,85,85,85,85,85,85,85,85,85,85,85,85,85,85,85,85,85,85,85,85,85,99,99,99,99],"card_choices":[{"not_picked":["Heatsinks","Turbo"],"picked":"Consume","floor":1.0},{"not_picked":["Scrape","Turbo"],"picked":"Cold Snap","floor":2.0},{"not_picked":["Aggregate","Rip and Tear"],"picked":"Blizzard","floor":5.0},{"not_picked":["Stack","Ball Lightning"],"picked":"Defragment","floor":6.0},{"not_picked":["Redo","Gash","Turbo"],"picked":"SKIP","floor":8.0},{"not_picked":["Conserve Battery","Turbo","Beam Cell"],"picked":"SKIP","floor":10.0},{"not_picked":["Skim","Stack","Hello World"],"picked":"SKIP","floor":13.0},{"not_picked":["Conserve Battery","Steam","Tempest"],"picked":"SKIP","floor":14.0},{"not_picked":["Coolheaded","Heatsinks"],"picked":"Self Repair","floor":18.0},{"not_picked":["Streamline+1","Reprogram","Go for the Eyes"],"picked":"SKIP","floor":20.0},{"not_picked":["Stack+1","Storm"],"picked":"Self Repair","floor":22.0},{"not_picked":["Fusion+1","Compile Driver","Gash"],"picked":"Cold Snap","floor":28.0},{"not_picked":["Compile Driver","Conserve Battery","Coolheaded","Self Repair"],"picked":"SKIP","floor":29.0},{"not_picked":["Beam Cell","Undo+1","Storm"],"picked":"Capacitor","floor":30.0},{"not_picked":["Rebound","Beam Cell","Undo"],"picked":"Seek","floor":31.0},{"not_picked":["Thunder Strike","Reboot","Meteor Strike"],"picked":"Electrodynamics","floor":33.0},{"not_picked":["Conserve Battery+1","Coolheaded","Rip and Tear+1"],"picked":"Hologram+1","floor":35.0},{"not_picked":["Doom and Gloom+1","Steam+1","Stack+1"],"picked":"Consume","floor":36.0},{"not_picked":["Self Repair","Conserve Battery+1","Hologram+1"],"picked":"Barrage","floor":39.0},{"not_picked":["Cold Snap","Melter","Beam Cell"],"picked":"Ball Lightning+1","floor":41.0},{"not_picked":["Rebound+1","Hologram+1","Recycle+1","Gash"],"picked":"SKIP","floor":42.0},{"not_picked":["Coolheaded+1","Conserve Battery","Loop"],"picked":"Barrage","floor":45},{"not_picked":["White Noise+1","Stack+1","Hyperbeam"],"picked":"FTL+1","floor":46},{"not_picked":["Ball Lightning","Coolheaded+1","Skim+1","Conserve Battery+1"],"picked":"SKIP","floor":48}],"player_experience":88340,"relics_obtained":[{"floor":6.0,"key":"Anchor"},{"floor":9.0,"key":"Bag of Preparation"},{"floor":13.0,"key":"Bottled Flame"},{"floor":26.0,"key":"Pantograph"},{"floor":29.0,"key":"Centennial Puzzle"},{"floor":31.0,"key":"Mercury Hourglass"},{"floor":43.0,"key":"Omamori"}],"event_choices":[{"damage_healed":0.0,"max_hp_gain":0.0,"max_hp_loss":0.0,"gold_gain":0.0,"event_name":"Shining Light","player_choice":"Entered Light","floor":4.0,"gold_loss":0.0,"damage_taken":15.0,"cards_upgraded":["Cold Snap","Defend_B"]},{"cards_removed":["Strike_B"],"damage_healed":0.0,"max_hp_gain":0.0,"max_hp_loss":0.0,"gold_gain":0.0,"event_name":"Golden Wing","player_choice":"Card Removal","floor":12.0,"gold_loss":0.0,"damage_taken":7.0},{"damage_healed":0.0,"max_hp_gain":0.0,"max_hp_loss":0.0,"gold_gain":99.0,"event_name":"Nest","player_choice":"Stole From Cult","floor":19.0,"gold_loss":0.0,"damage_taken":0.0},{"damage_healed":0.0,"max_hp_gain":5.0,"max_hp_loss":0.0,"gold_gain":0.0,"event_name":"Forgotten Altar","player_choice":"Shed Blood","floor":21.0,"gold_loss":0.0,"damage_taken":20.0},{"cards_removed":["Strike_B"],"damage_healed":0.0,"max_hp_gain":0.0,"max_hp_loss":0.0,"gold_gain":0.0,"event_name":"Bonfire Elementals","player_choice":"Offered Basic","floor":24.0,"gold_loss":0.0,"damage_taken":0.0},{"damage_healed":0.0,"max_hp_gain":0.0,"max_hp_loss":0.0,"gold_gain":0.0,"event_name":"Mysterious Sphere","player_choice":"Ignored","floor":37.0,"gold_loss":0.0,"damage_taken":0.0},{"damage_healed":0.0,"max_hp_gain":0.0,"max_hp_loss":0.0,"gold_gain":0.0,"event_name":"Lab","player_choice":"Got Potions","floor":44.0,"gold_loss":0.0,"damage_taken":0.0}],"is_beta":false,"boss_relics":[{"not_picked":["Eternal Feather","White Beast Statue"],"picked":"FrozenCore"},{"not_picked":["Runic Pyramid","Philosopher\u0027s Stone"],"picked":"Empty Cage"}],"items_purged_floors":[3,25],"is_endless":false,"potions_floor_spawned":[1,6,10,13,16,18,29,31,33,35,42,45,48],"ascension_level":3}