{"path_per_floor":["M","M","?","M","M","R","M","R","T","R","M","M","E","$","R","B",null,"M","$","M","M","$","?","M","R","T","R","?","M","T","M","R","B",null,"M","?","$","?","$","R"],"character_chosen":"THE_SILENT","items_purchased":["Pen Nib","Calculated Gamble","Infinite Blades","Orichalcum"],"gold_per_floor":[110,123,123,139,152,152,169,169,169,169,185,197,225,37,37,141,141,151,112,126,145,1,1,12,12,35,35,35,52,78,98,98,193,193,212,212,137,0,0,0],"floor_reached":41,"campfire_rested":1,"playtime":2837,"current_hp_per_floor":[77,77,77,73,73,73,69,69,69,69,69,69,58,58,58,16,77,73,73,68,65,65,65,34,57,57,57,77,77,77,71,71,38,77,54,54,54,54,54,66],"items_purged":["Writhe"],"gold":0,"score":343,"play_id":"1561e678-05b0-45c8-a303-1098f5d7d9c4","is_prod":false,"is_daily":false,"is_ascension_mode":false,"campfire_upgraded":7,"path_taken":["M","M","?","M","M","R","?","R","T","R","M","?","E","$","R","BOSS","M","$","M","M","$","?","?","R","T","R","?","M","?","M","R","BOSS","M","?","$","?","$","R","E"],"build_version":"2018-02-15-PROD1","purchased_purges":1,"victory":false,"master_deck":["Defend_G","Defend_G","Defend_G","Defend_G","Defend_G","Strike_G","Strike_G","Strike_G","Strike_G","Survivor","Neutralize+1","Backstab","Bouncing Flask+1","Envenom","Dash+1","Acrobatics+1","Storm of Steel+1","Footwork+1","Outmaneuver+1","Glass Knife+1","Calculated Gamble","Bullet Time","Flying Knee","Infinite Blades","Backflip","Deadly Poison+1","Cloak And Dagger+1","Clumsy","Noxious Fumes+1","Reflex+1","After Image","Outmaneuver+1"],"max_hp_per_floor":[77,77,77,77,77,77,77,77,77,77,77,77,77,77,77,77,77,77,77,77,77,77,77,77,77,77,77,77,77,77,77,77,77,77,77,77,77,77,77,77],"relics":["Ring of the Snake","Snake Skull","Art of War","Pen Nib","Cursed Key","Orichalcum","Prayer Wheel","War Paint","Eternal Feather","Red Mask"],"card_choices":[{"not_picked":["Infinite Blades","Endless Agony"],"picked":"Backstab"},{"not_picked":["Cloak And Dagger","Backflip"],"picked":"Bouncing Flask"},{"not_picked":["Bane","Flying Knee"],"picked":"Dash"},{"not_picked":["Sucker Punch","Dagger Throw"],"picked":"Acrobatics"},{"not_picked":["Riddle With Holes","Eviscerate"],"picked":"Storm of Steel"},{"not_picked":["Deflect","Calculated Gamble"],"picked":"Footwork"},{"not_picked":["Slice","Distraction"],"picked":"Outmaneuver"},{"not_picked":["Dagger Throw","Slice"],"picked":"Glass Knife"},{"not_picked":["Corpse Explosion","Wraith Form"],"picked":"Bullet Time"},{"not_picked":["Dagger Throw","Prepared"],"picked":"Flying Knee"},{"not_picked":["Endless Agony","Outmaneuver"],"picked":"Backflip"},{"not_picked":["Wraith Form","Expertise"],"picked":"Deadly Poison"},{"not_picked":["Underhanded Strike","Prepared"],"picked":"Cloak And Dagger"},{"not_picked":["Outmaneuver","Dodge and Roll"],"picked":"Expertise"},{"not_picked":["Skewer","Dodge and Roll"],"picked":"Noxious Fumes"},{"not_picked":["Bouncing Flask","Expertise"],"picked":"Reflex"},{"not_picked":["Unload","Night Terror"],"picked":"After Image"},{"not_picked":["Cloak And Dagger","Sucker Punch"],"picked":"Outmaneuver"}],"player_experience":85428,"potions_floor_usage":[16,33],"damage_taken":[{"damage":0,"enemies":"2 Louse","floor":1,"turns":4},{"damage":0,"enemies":"Jaw Worm","floor":2,"turns":3},{"damage":4,"enemies":"Cultist","floor":4,"turns":4},{"damage":0,"enemies":"Gremlin Gang","floor":5,"turns":7},{"damage":4,"enemies":"Blue Slaver","floor":7,"turns":3},{"damage":0,"enemies":"Looter","floor":11,"turns":4},{"damage":0,"enemies":"Red Slaver","floor":12,"turns":2},{"damage":11,"enemies":"3 Sentries","floor":13,"turns":8},{"damage":42,"enemies":"Slime Boss","floor":16,"turns":11},{"damage":4,"enemies":"2 Thieves","floor":18,"turns":3},{"damage":5,"enemies":"Shell Parasite","floor":20,"turns":5},{"damage":3,"enemies":"Centurion and Healer","floor":21,"turns":6},{"damage":31,"enemies":"Snecko","floor":24,"turns":5},{"damage":0,"enemies":"Snake Plant","floor":29,"turns":3},{"damage":6,"enemies":"Sentry and Sphere","floor":31,"turns":5},{"damage":33,"enemies":"Automaton","floor":33,"turns":10},{"damage":23,"enemies":"3 Darklings","floor":35,"turns":5},{"damage":68,"enemies":"2 Orb Walkers","floor":41,"turns":4}],"event_choices":[{"event_name":"Living Wall","player_choice":"Change","floor":3,"damage_taken":0},{"event_name":"Beggar","player_choice":"Ignored","floor":23,"damage_taken":0},{"event_name":"The Library","player_choice":"Heal","floor":28,"damage_taken":0},{"event_name":"Tomb of Lord Red Mask","player_choice":"Paid","floor":38,"damage_taken":0}],"boss_relics":[{"not_picked":["Philosopher\u0027s Stone","Calling Bell"],"picked":"Cursed Key"},{"not_picked":["Runic Dome","Black Star"],"picked":"Eternal Feather"}],"potions_floor_spawned":[1,4,7,12,18,29,31,35],"seed_played":"4817991544851727409","killed_by":"2 Orb Walkers","ascension_level":0,"is_trial":false}