{"gold_per_floor":[118,118,135,135,135,160,160,176,226,251,251,267,298,298,298,298],"floor_reached":16,"playtime":749,"items_purged":[],"score":153,"play_id":"7c1f521e-edb3-47fd-bfda-215955ec9d9d","local_time":"20190502181357","is_ascension_mode":true,"campfire_choices":[{"data":"Finisher","floor":7,"key":"SMITH"},{"data":"Dagger Spray","floor":11,"key":"SMITH"},{"floor":15,"key":"REST"}],"neow_cost":"NONE","seed_source_timestamp":1848850150682000,"circlet_count":0,"master_deck":["Defend_G","Defend_G","Defend_G","Defend_G","Defend_G","Strike_G","Strike_G","Strike_G","Strike_G","Strike_G","Survivor","Neutralize","Finisher+1","PiercingWail","Poisoned Stab","Blade Dance","Dagger Spray+1","Poisoned Stab"],"relics":["Ring of the Snake","Darkstone Periapt","PreservedInsect","Bag of Preparation","Blue Candle","Bag of Marbles"],"potions_floor_usage":[6,16],"damage_taken":[{"damage":0,"enemies":"2 Louse","floor":1,"turns":3},{"damage":0,"enemies":"Jaw Worm","floor":3,"turns":4},{"damage":29,"enemies":"Lagavulin","floor":6,"turns":8},{"damage":0,"enemies":"Small Slimes","floor":8,"turns":3},{"damage":12,"enemies":"3 Sentries","floor":10,"turns":6},{"damage":4,"enemies":"Exordium Wildlife","floor":12,"turns":3},{"damage":15,"enemies":"Lagavulin","floor":13,"turns":3},{"damage":26,"enemies":"Hexaghost","floor":16,"turns":11}],"seed_played":"817095322425399081","potions_obtained":[{"floor":0,"key":"Fire Potion"},{"floor":0,"key":"Swift Potion"},{"floor":0,"key":"SneckoOil"},{"floor":6,"key":"Weak Potion"}],"is_trial":false,"path_per_floor":["M","?","M","?","T","E","R","M","T","E","R","M","E","?","R","B"],"character_chosen":"THE_SILENT","items_purchased":[],"campfire_rested":1,"item_purchase_floors":[],"current_hp_per_floor":[63,63,63,68,68,39,39,39,39,27,27,23,8,8,30,4],"gold":298,"neow_bonus":"THREE_SMALL_POTIONS","is_prod":false,"is_daily":false,"chose_seed":false,"campfire_upgraded":2,"win_rate":0,"timestamp":1556846037,"path_taken":["M","?","M","?","?","E","R","M","T","E","R","M","E","?","R","BOSS"],"build_version":"2019-01-23","purchased_purges":0,"victory":false,"max_hp_per_floor":[70,70,70,75,75,75,75,75,75,75,75,75,75,75,75,75],"card_choices":[{"not_picked":["Underhanded Strike","Heel Hook"],"picked":"Finisher","floor":1},{"not_picked":["Underhanded Strike","Blade Dance"],"picked":"PiercingWail","floor":3},{"not_picked":["Riddle With Holes","Deflect"],"picked":"Poisoned Stab","floor":6},{"not_picked":["Dodge and Roll","Dagger Throw"],"picked":"Blade Dance","floor":8},{"not_picked":["Slice","Quick Slash"],"picked":"Dagger Spray","floor":10},{"not_picked":["Riddle With Holes","Outmaneuver","Storm of Steel"],"picked":"SKIP","floor":12},{"not_picked":["Deadly Poison","Sucker Punch"],"picked":"Poisoned Stab","floor":13}],"player_experience":422212,"relics_obtained":[{"floor":5,"key":"Darkstone Periapt"},{"floor":6,"key":"PreservedInsect"},{"floor":9,"key":"Bag of Preparation"},{"floor":10,"key":"Blue Candle"},{"floor":13,"key":"Bag of Marbles"}],"event_choices":[{"damage_healed":0,"gold_gain":0,"player_choice":"Ignored","damage_taken":0,"max_hp_gain":0,"max_hp_loss":0,"event_name":"Liars Game","floor":2,"gold_loss":0},{"damage_healed":0,"gold_gain":0,"player_choice":"Donut","damage_taken":0,"max_hp_gain":5,"max_hp_loss":0,"event_name":"Big Fish","floor":4,"gold_loss":0},{"damage_healed":0,"gold_gain":0,"player_choice":"Fled","damage_taken":0,"max_hp_gain":0,"max_hp_loss":0,"event_name":"Scrap Ooze","floor":14,"gold_loss":0}],"is_beta":false,"boss_relics":[],"items_purged_floors":[],"is_endless":false,"potions_floor_spawned":[3,6,8],"killed_by":"Hexaghost","ascension_level":6}