{"path_per_floor":["M","M","M","M","M","R","E","?","T","?","R","$","R","M","R","B",null,"M","$","M","T","$","R","M","E","T","R","M","$","?","M","R","B",null,"M","$","?","?","M","E","R","M","T","M","R","M","R","M","R","B"],"character_chosen":"DEFECT","items_purchased":["Boot","Coolheaded","Mercury Hourglass","Heatsinks","Defragment","Dexterity Potion","Happy Flower"],"gold_per_floor":[112,130,146,158,175,175,201,376,376,476,476,222,222,242,242,339,339,354,43,61,87,87,87,102,128,154,154,173,93,93,103,103,207,207,226,23,23,23,38,65,65,83,151,165,165,176,176,186,186,186],"floor_reached":51,"campfire_rested":3,"playtime":3670,"item_purchase_floors":[12,12,19,19,29,36,36],"current_hp_per_floor":[75,75,75,68,67,67,61,61,61,61,61,61,61,61,61,30,85,69,69,69,69,69,69,69,57,64,64,46,46,46,31,58,43,92,91,91,92,92,88,75,75,55,55,51,51,39,66,55,82,33],"items_purged":["Doubt"],"gold":186,"score":731,"play_id":"9543b748-7863-4505-b1d4-be777913b61f","local_time":"20180609005624","is_prod":false,"is_daily":false,"chose_seed":false,"is_ascension_mode":true,"campfire_upgraded":8,"win_rate":0.0,"timestamp":1528530984,"campfire_choices":[{"data":"Dualcast","floor":6,"key":"SMITH"},{"data":"Zap","floor":11,"key":"SMITH"},{"data":"Stack","floor":13,"key":"SMITH"},{"data":"Glacier","floor":15,"key":"SMITH"},{"data":"Creative AI","floor":23,"key":"SMITH"},{"data":"Gash","floor":27,"key":"SMITH"},{"floor":32,"key":"REST"},{"data":"Defragment","floor":41,"key":"SMITH"},{"data":"BootSequence","floor":45,"key":"SMITH"},{"floor":47,"key":"REST"},{"floor":49,"key":"REST"}],"path_taken":["M","M","M","M","M","R","E","?","T","?","R","$","R","M","R","BOSS","M","?","?","?","$","R","?","E","T","R","M","$","?","M","R","BOSS","M","$","?","?","M","E","R","M","T","M","R","?","R","M","R","BOSS"],"build_version":"2018-06-07v3","seed_source_timestamp":14954196525219,"purchased_purges":1,"victory":true,"master_deck":["Defend_B","Defend_B","Defend_B","Defend_B","Zap+1","Dualcast+1","BootSequence+1","Stack+1","Melter","Coolheaded","Gash+1","Gash","Coolheaded","Glacier+1","Creative AI+1","Go for the Eyes+1","Heatsinks","Ball Lightning+1","Clumsy","Capacitor+1","Lockon+1","Regret","BootSequence+1","Defragment+1","Cold Snap+1","Reboot","Machine Learning+1","Biased Cognition+1","White Noise+1","Ball Lightning+1","Writhe","Stack+1","Beam Cell+1","Writhe","Gash+1","Streamline+1","Reprogram"],"max_hp_per_floor":[75,75,75,75,75,75,85,85,85,85,85,85,85,85,85,85,85,85,85,85,85,85,85,85,85,92,92,92,92,92,92,92,92,92,92,92,92,92,92,92,92,92,92,92,92,92,92,92,92,92],"relics":["Cracked Core","Pear","Pantograph","Boot","Cursed Key","Mercury Hourglass","Potion Belt","Du-Vu Doll","Strawberry","Astrolabe","Happy Flower","Bottled Lightning","Question Card"],"card_choices":[{"not_picked":["Compile Driver","Ball Lightning"],"picked":"BootSequence","floor":1},{"not_picked":["Rip and Tear","Steam Power"],"picked":"Stack","floor":2},{"not_picked":["Doom and Gloom","Loop"],"picked":"Melter","floor":3},{"not_picked":["Chaos","Capacitor"],"picked":"Coolheaded","floor":4},{"not_picked":["Sweeping Beam","Ball Lightning"],"picked":"Gash","floor":5},{"not_picked":["Sweeping Beam","Loop"],"picked":"Gash","floor":7},{"not_picked":["Rebound","Coolheaded"],"picked":"Glacier","floor":14},{"not_picked":["Electrodynamics","Biased Cognition"],"picked":"Creative AI","floor":16},{"not_picked":["Rebound","Double Energy"],"picked":"Go for the Eyes+1","floor":18},{"not_picked":["Glacier","Doom and Gloom"],"picked":"Ball Lightning+1","floor":20},{"not_picked":["Consume","Reprogram"],"picked":"Capacitor+1","floor":24},{"not_picked":["Rip and Tear+1","Sweeping Beam+1"],"picked":"Lockon+1","floor":25},{"not_picked":["White Noise","Reprogram"],"picked":"BootSequence+1","floor":28},{"not_picked":["Rebound","Hologram+1"],"picked":"Cold Snap+1","floor":31},{"not_picked":["Thunder Strike","Meteor Strike"],"picked":"Reboot","floor":33},{"not_picked":["White Noise+1","Hello World"],"picked":"Ball Lightning+1","floor":35},{"not_picked":["Ball Lightning","Fusion"],"picked":"Stack+1","floor":39},{"not_picked":["Stack+1","Compile Driver+1","Conserve Battery+1"],"picked":"SKIP","floor":40},{"not_picked":["Compile Driver","Self Repair+1"],"picked":"Beam Cell+1","floor":42},{"not_picked":["Coolheaded","Streamline+1","Amplify"],"picked":"Gash+1","floor":44},{"not_picked":["Rip and Tear+1","Leap+1","Chaos"],"picked":"Streamline+1","floor":46},{"not_picked":["Streamline+1","Hologram","Cold Snap"],"picked":"Reprogram","floor":48}],"player_experience":233528,"potions_floor_usage":[50,50,50,50],"damage_taken":[{"damage":0,"enemies":"2 Louse","floor":1,"turns":3},{"damage":0,"enemies":"Jaw Worm","floor":2,"turns":4},{"damage":0,"enemies":"Cultist","floor":3,"turns":3},{"damage":7,"enemies":"Large Slime","floor":4,"turns":8},{"damage":1,"enemies":"Red Slaver","floor":5,"turns":3},{"damage":16,"enemies":"Lagavulin","floor":7,"turns":7},{"damage":0,"enemies":"Lots of Slimes","floor":14,"turns":4},{"damage":55,"enemies":"Hexaghost","floor":16,"turns":14},{"damage":16,"enemies":"Spheric Guardian","floor":18,"turns":4},{"damage":0,"enemies":"Chosen","floor":20,"turns":6},{"damage":0,"enemies":"Centurion and Healer","floor":24,"turns":6},{"damage":12,"enemies":"Slavers","floor":25,"turns":5},{"damage":18,"enemies":"Cultist and Chosen","floor":28,"turns":6},{"damage":15,"enemies":"3 Cultists","floor":31,"turns":5},{"damage":40,"enemies":"Automaton","floor":33,"turns":12},{"damage":1,"enemies":"Orb Walker","floor":35,"turns":4},{"damage":4,"enemies":"3 Darklings","floor":39,"turns":6},{"damage":13,"enemies":"Nemesis","floor":40,"turns":5},{"damage":20,"enemies":"Sphere and 2 Shapes","floor":42,"turns":4},{"damage":4,"enemies":"4 Shapes","floor":44,"turns":7},{"damage":12,"enemies":"3 Darklings","floor":46,"turns":5},{"damage":11,"enemies":"Maw","floor":48,"turns":8},{"damage":59,"enemies":"Awakened One","floor":50,"turns":14}],"relics_obtained":[{"floor":7,"key":"Pear"},{"floor":9,"key":"Pantograph"},{"floor":21,"key":"Potion Belt"},{"floor":25,"key":"Du-Vu Doll"},{"floor":26,"key":"Strawberry"},{"floor":40,"key":"Bottled Lightning"},{"floor":43,"key":"Question Card"}],"event_choices":[{"event_name":"Liars Game","player_choice":"agreed","floor":8,"damage_taken":0},{"event_name":"Golden Shrine","player_choice":"Pray","floor":10,"damage_taken":0},{"event_name":"Ghosts","player_choice":"Ignored","floor":30,"damage_taken":0},{"event_name":"Winding Halls","player_choice":"Writhe","floor":37,"damage_taken":0},{"event_name":"Mysterious Sphere","player_choice":"Ignore","floor":38,"damage_taken":0}],"boss_relics":[{"not_picked":["Black Star","Philosopher\u0027s Stone"],"picked":"Cursed Key"},{"not_picked":["White Beast Statue","Velvet Choker"],"picked":"Astrolabe"}],"items_purged_floors":[12],"potions_floor_spawned":[1,14,18,33,42,44,46],"seed_played":"3627013862002768791","ascension_level":1,"potions_obtained":[{"floor":1,"key":"Dexterity Potion"},{"floor":14,"key":"Poison Potion"},{"floor":18,"key":"SteroidPotion"},{"floor":33,"key":"Swift Potion"},{"floor":42,"key":"PowerPotion"}],"is_trial":false}