{"gold_per_floor":[359,377,452,74,84,112,112,129,182,182,200,200,211,228,228,332,332,350,366,366,366,378,37,37,69,69,69,69,69,95,195,195,195],"floor_reached":33,"playtime":2376,"items_purged":["Strike_B"],"score":353,"play_id":"8452ef8c-d8ea-4a98-8e6d-0867b1337838","local_time":"20181006182640","is_ascension_mode":true,"campfire_choices":[{"floor":7,"key":"REST"},{"floor":10,"key":"REST"},{"data":"Sunder","floor":15,"key":"SMITH"},{"floor":24,"key":"REST"},{"floor":27,"key":"REST"},{"floor":29,"key":"REST"},{"floor":32,"key":"REST"}],"neow_cost":"PERCENT_DAMAGE","seed_source_timestamp":15479622787400,"circlet_count":0,"master_deck":["Defend_B","Defend_B","Defend_B","Defend_B","Zap","Dualcast","Capacitor","Beam Cell","Loop","Coolheaded","Streamline","Turbo","Sunder+1","Parasite","Glacier","Biased Cognition","Chill+1","Bite","Bite","Bite","Bite","Bite","Biased Cognition","Mayhem","Defragment","Consume","Blizzard","Turbo"],"relics":["Cracked Core","Medical Kit","Singing Bowl","Potion Belt","White Beast Statue","MutagenicStrength","Bronze Scales","Ice Cream","Mango","Regal Pillow","Torii","Ornamental Fan"],"potions_floor_usage":[14,16,19,22,31,33,33],"damage_taken":[{"damage":0,"enemies":"Small Slimes","floor":1,"turns":2},{"damage":1,"enemies":"2 Louse","floor":2,"turns":2},{"damage":0,"enemies":"Jaw Worm","floor":5,"turns":3},{"damage":22,"enemies":"Lagavulin","floor":6,"turns":8},{"damage":14,"enemies":"Blue Slaver","floor":8,"turns":4},{"damage":25,"enemies":"3 Louse","floor":11,"turns":4},{"damage":6,"enemies":"Looter","floor":13,"turns":2},{"damage":0,"enemies":"Large Slime","floor":14,"turns":5},{"damage":34,"enemies":"Slime Boss","floor":16,"turns":9},{"damage":33,"enemies":"3 Byrds","floor":18,"turns":8},{"damage":8,"enemies":"Spheric Guardian","floor":19,"turns":9},{"damage":16,"enemies":"Centurion and Healer","floor":22,"turns":8},{"damage":50,"enemies":"Slavers","floor":25,"turns":10},{"damage":32,"enemies":"Book of Stabbing","floor":30,"turns":8},{"damage":21,"enemies":"Colosseum Slavers","floor":31,"turns":5},{"damage":15,"enemies":"Colosseum Nobs","floor":31,"turns":6},{"damage":97,"enemies":"Champ","floor":33,"turns":14}],"seed_played":"-3766713100571966711","potions_obtained":[{"floor":5,"key":"Dexterity Potion"},{"floor":6,"key":"SpeedPotion"},{"floor":13,"key":"Poison Potion"},{"floor":18,"key":"Regen Potion"},{"floor":19,"key":"Ancient Potion"},{"floor":22,"key":"Fruit Juice"},{"floor":25,"key":"Strength Potion"},{"floor":30,"key":"SpeedPotion"},{"floor":31,"key":"Energy Potion"}],"is_trial":false,"path_per_floor":["M","M","?","$","M","E","R","M","T","R","M","?","M","M","R","B",null,"M","M","?","?","M","$","R","E","T","R","?","R","E","?","R"],"character_chosen":"DEFECT","items_purchased":["Loop","Coolheaded","Medical Kit","Mayhem","Defragment","Consume"],"campfire_rested":6,"item_purchase_floors":[4,4,4,23,23,23],"current_hp_per_floor":[54,53,42,42,42,22,45,31,31,54,29,48,42,44,44,10,79,46,55,55,55,53,53,61,27,27,45,59,77,57,39,77,0],"gold":195,"neow_bonus":"TWO_FIFTY_GOLD","is_prod":false,"is_daily":false,"chose_seed":false,"campfire_upgraded":1,"win_rate":0,"timestamp":1538843200,"path_taken":["M","M","?","$","M","E","R","M","T","R","M","?","?","M","R","BOSS","M","M","?","?","?","$","R","E","T","R","?","R","E","?","R","BOSS"],"build_version":"2018-10-04v2","purchased_purges":1,"victory":false,"max_hp_per_floor":[75,75,75,75,75,77,77,77,77,77,77,77,77,79,79,79,79,79,81,56,56,61,61,61,63,63,63,77,77,77,77,77,77],"card_choices":[{"not_picked":["Cold Snap","Blizzard"],"picked":"Capacitor","floor":1},{"not_picked":["Steam","Capacitor"],"picked":"Beam Cell","floor":2},{"not_picked":["Force Field","Compile Driver"],"picked":"Streamline","floor":5},{"not_picked":["Compile Driver","Thunder Strike","Recycle"],"picked":"Singing Bowl","floor":6},{"not_picked":["Coolheaded","Steam"],"picked":"Turbo","floor":8},{"not_picked":["Coolheaded","Gash"],"picked":"Sunder","floor":11},{"not_picked":["Gash","Blizzard"],"picked":"Glacier","floor":13},{"not_picked":["Thunder Strike","Darkness","Rip and Tear"],"picked":"Singing Bowl","floor":14},{"not_picked":["Meteor Strike","Amplify"],"picked":"Biased Cognition","floor":16},{"not_picked":["Hologram","Turbo+1"],"picked":"Chill+1","floor":18},{"not_picked":["Loop","Steam","Scrape"],"picked":"Singing Bowl","floor":19},{"not_picked":["Steam","Skim"],"picked":"Biased Cognition","floor":22},{"not_picked":["Beam Cell","Steam+1","Go for the Eyes"],"picked":"Singing Bowl","floor":25},{"not_picked":["Gash","Hello World+1"],"picked":"Blizzard","floor":30},{"not_picked":["BootSequence","Go for the Eyes+1"],"picked":"Turbo","floor":31}],"player_experience":566494,"relics_obtained":[{"floor":6,"key":"Singing Bowl"},{"floor":9,"key":"Potion Belt"},{"floor":25,"key":"Bronze Scales"},{"floor":26,"key":"Ice Cream"},{"floor":30,"key":"Regal Pillow"},{"floor":31,"key":"Torii"},{"floor":31,"key":"Ornamental Fan"}],"event_choices":[{"event_name":"World of Goop","player_choice":"Gather Gold","floor":3,"damage_taken":0},{"event_name":"Mushrooms","player_choice":"Healed and dodged fight","floor":12,"damage_taken":0},{"event_name":"Vampires","player_choice":"Became a vampire","floor":20,"damage_taken":0},{"event_name":"Drug Dealer","player_choice":"Inject Mutagens","floor":21,"damage_taken":0},{"event_name":"The Mausoleum","player_choice":"Yes","floor":28,"damage_taken":0},{"event_name":"Colosseum","player_choice":"Fight","floor":31,"damage_taken":0},{"event_name":"Colosseum","player_choice":"Fought Nobs","floor":31,"damage_taken":0}],"is_beta":false,"boss_relics":[{"not_picked":["Tiny House","Astrolabe"],"picked":"White Beast Statue"}],"items_purged_floors":[4],"is_endless":false,"potions_floor_spawned":[5,6,13,18,19,22,25,30,31,31],"killed_by":"Champ","ascension_level":3}