{"gold_per_floor":[116,127,127,127,140,165,165,177,228,246,246,246,280,291,291,389,389,399,419,146,246,261,261,280,280],"floor_reached":25,"playtime":2687,"items_purged":[],"score":215,"play_id":"9b064b10-4fe2-4890-bdfa-d1f1dc28c66b","local_time":"20181124234213","is_ascension_mode":false,"campfire_choices":[{"floor":7,"key":"REST"},{"data":"Fusion","floor":12,"key":"SMITH"},{"floor":15,"key":"REST"},{"floor":23,"key":"REST"}],"neow_cost":"NONE","seed_source_timestamp":167441390991208,"circlet_count":0,"master_deck":["Strike_B","Strike_B","Strike_B","Strike_B","Defend_B","Defend_B","Defend_B","Defend_B","Zap","Dualcast","Genetic Algorithm","Hologram","Fusion+1","Ball Lightning","Redo","Capacitor+1","Machine Learning+1","BootSequence","FTL","Cold Snap+1"],"relics":["Cracked Core","Frozen Egg 2","Boot","PreservedInsect","Calipers","Dead Branch","Inserter","MealTicket"],"potions_floor_usage":[14,22,24,25],"damage_taken":[{"damage":1,"enemies":"Small Slimes","floor":1,"turns":3},{"damage":0,"enemies":"Cultist","floor":2,"turns":3},{"damage":8,"enemies":"Jaw Worm","floor":5,"turns":3},{"damage":26,"enemies":"Lagavulin","floor":6,"turns":7},{"damage":9,"enemies":"Blue Slaver","floor":8,"turns":4},{"damage":7,"enemies":"Large Slime","floor":10,"turns":5},{"damage":11,"enemies":"Gremlin Nob","floor":13,"turns":3},{"damage":5,"enemies":"3 Louse","floor":14,"turns":3},{"damage":35,"enemies":"The Guardian","floor":16,"turns":9},{"damage":24,"enemies":"Spheric Guardian","floor":18,"turns":5},{"damage":0,"enemies":"Chosen","floor":19,"turns":5},{"damage":15,"enemies":"Snake Plant","floor":22,"turns":5},{"damage":0,"enemies":"Centurion and Healer","floor":24,"turns":5},{"damage":42,"enemies":"Colosseum Slavers","floor":25,"turns":5},{"damage":39,"enemies":"Colosseum Nobs","floor":25,"turns":3}],"seed_played":"-8906868833667156058","potions_obtained":[{"floor":1,"key":"PowerPotion"},{"floor":2,"key":"GamblersBrew"},{"floor":10,"key":"Dexterity Potion"},{"floor":13,"key":"Fruit Juice"},{"floor":18,"key":"Block Potion"}],"is_trial":false,"path_per_floor":["M","M","?","$","M","E","R","M","T","M","?","R","E","M","R","B",null,"M","M","$","?","M","R","M","?"],"character_chosen":"DEFECT","items_purchased":["FTL","MealTicket"],"campfire_rested":3,"item_purchase_floors":[20,20],"current_hp_per_floor":[81,81,69,69,61,35,59,50,50,43,43,43,32,32,58,23,87,63,63,63,63,48,74,74,0],"gold":280,"neow_bonus":"TEN_PERCENT_HP_BONUS","is_prod":false,"is_daily":false,"chose_seed":false,"campfire_upgraded":1,"win_rate":0.0,"timestamp":1543070533,"path_taken":["M","M","?","$","M","E","R","M","T","M","?","R","E","?","R","BOSS","M","M","$","?","?","R","M","?"],"build_version":"2018-11-15","purchased_purges":0,"victory":false,"max_hp_per_floor":[82,82,82,82,82,82,82,82,82,82,82,82,82,87,87,87,87,87,87,87,87,87,87,87,87],"card_choices":[{"not_picked":["Redo","Sweeping Beam"],"picked":"Genetic Algorithm","floor":1},{"not_picked":["Stack","Cold Snap"],"picked":"Hologram","floor":2},{"not_picked":["Go for the Eyes","Storm+1"],"picked":"Fusion","floor":5},{"not_picked":["Compile Driver","Cold Snap"],"picked":"Ball Lightning","floor":6},{"not_picked":["Coolheaded","Leap"],"picked":"Redo","floor":8},{"not_picked":["Lockon","Sweeping Beam","Genetic Algorithm"],"picked":"SKIP","floor":10},{"not_picked":["All For One","Aggregate"],"picked":"Capacitor+1","floor":13},{"not_picked":["Stack","Melter","Go for the Eyes"],"picked":"SKIP","floor":14},{"not_picked":["Fission","Buffer+1"],"picked":"Machine Learning+1","floor":16},{"not_picked":["Barrage","Scrape+1"],"picked":"BootSequence","floor":18},{"not_picked":["Compile Driver","Conserve Battery","Go for the Eyes"],"picked":"SKIP","floor":19},{"not_picked":["Steam","Buffer+1"],"picked":"Cold Snap+1","floor":22},{"not_picked":["Reinforced Body","Compile Driver","Steam+1"],"picked":"SKIP","floor":24}],"player_experience":65541,"relics_obtained":[{"floor":6,"key":"Boot"},{"floor":9,"key":"PreservedInsect"},{"floor":13,"key":"Dead Branch"}],"event_choices":[{"damage_healed":0,"gold_gain":0,"player_choice":"Success","damage_taken":12,"relics_obtained":["Frozen Egg 2"],"max_hp_gain":0,"max_hp_loss":0,"event_name":"Scrap Ooze","floor":3,"gold_loss":0},{"damage_healed":0,"gold_gain":0,"player_choice":"Gave Potion","damage_taken":0,"relics_obtained":["Calipers"],"max_hp_gain":0,"max_hp_loss":0,"event_name":"WeMeetAgain","floor":11,"gold_loss":0},{"damage_healed":0,"gold_gain":100,"player_choice":"Pray","damage_taken":0,"max_hp_gain":0,"max_hp_loss":0,"event_name":"Golden Shrine","floor":21,"gold_loss":0},{"damage_healed":0,"gold_gain":0,"player_choice":"Fight","damage_taken":0,"max_hp_gain":0,"max_hp_loss":0,"event_name":"Colosseum","floor":25,"gold_loss":0},{"damage_healed":0,"gold_gain":0,"player_choice":"Fought Nobs","damage_taken":0,"max_hp_gain":0,"max_hp_loss":0,"event_name":"Colosseum","floor":25,"gold_loss":0}],"is_beta":false,"boss_relics":[{"not_picked":["Sozu","Coffee Dripper"],"picked":"Inserter"}],"items_purged_floors":[],"is_endless":false,"potions_floor_spawned":[1,2,10,13,18,25],"killed_by":"Colosseum Nobs","ascension_level":0}