{"gold_per_floor":[115,115,135,85,85,159,234,260,286,307,307,277,0,15,15,106,106,16,16,16,28,28],"floor_reached":22,"playtime":1081,"items_purged":["Strike_G"],"score":338,"play_id":"0fb548d3-ac17-4b79-bc13-07400172c5bd","local_time":"20190501212203","is_ascension_mode":true,"campfire_choices":[{"data":"Noxious Fumes","floor":11,"key":"SMITH"},{"floor":15,"key":"REST"}],"neow_cost":"NONE","seed_source_timestamp":50421529765362,"circlet_count":0,"master_deck":["AscendersBane","Defend_G","Defend_G","Defend_G","Defend_G","Defend_G","Strike_G","Survivor","Neutralize","Caltrops","Escape Plan","PiercingWail","Noxious Fumes+1","Deadly Poison","Footwork","Cloak And Dagger","Footwork","Malaise"],"relics":["Ring of the Snake","NeowsBlessing","Bloody Idol","Tiny Chest","Vajra","Potion Belt","Empty Cage"],"potions_floor_usage":[12,16,16,20,21,21,21,21],"damage_taken":[{"damage":0,"enemies":"Small Slimes","floor":1,"turns":1},{"damage":0,"enemies":"Cultist","floor":3,"turns":1},{"damage":0,"enemies":"Gremlin Nob","floor":6,"turns":1},{"damage":0,"enemies":"2 Louse","floor":10,"turns":2},{"damage":2,"enemies":"Looter","floor":12,"turns":4},{"damage":8,"enemies":"3 Louse","floor":14,"turns":4},{"damage":18,"enemies":"Hexaghost","floor":16,"turns":9},{"damage":17,"enemies":"2 Thieves","floor":18,"turns":5},{"damage":19,"enemies":"Colosseum Slavers","floor":20,"turns":7},{"damage":0,"enemies":"Chosen","floor":21,"turns":8},{"damage":66,"enemies":"3 Cultists","floor":22,"turns":7}],"seed_played":"6736236306809520612","potions_obtained":[{"floor":2,"key":"EntropicBrew"},{"floor":2,"key":"Poison Potion"},{"floor":3,"key":"SkillPotion"},{"floor":6,"key":"EssenceOfSteel"},{"floor":16,"key":"SpeedPotion"}],"is_trial":false,"path_per_floor":["M","?","M","?","?","E","?","T","T","M","R","M","$","M","R","B",null,"M","?","?","M","M"],"character_chosen":"THE_SILENT","items_purchased":["Footwork","Cloak And Dagger","EntropicBrew"],"campfire_rested":1,"item_purchase_floors":[13,13,13],"current_hp_per_floor":[63,63,63,63,46,46,35,35,35,35,35,33,33,25,46,28,60,43,43,24,44,0],"gold":28,"neow_bonus":"THREE_ENEMY_KILL","is_prod":false,"is_daily":false,"chose_seed":false,"campfire_upgraded":1,"win_rate":0,"timestamp":1556770923,"path_taken":["M","?","?","?","?","E","?","?","T","M","R","M","$","M","R","BOSS","M","?","?","M","M"],"build_version":"2019-01-23","purchased_purges":1,"victory":false,"max_hp_per_floor":[70,70,70,70,70,70,70,70,70,70,70,70,70,70,70,70,70,70,70,70,70,70],"card_choices":[{"not_picked":["Underhanded Strike","Concentrate"],"picked":"Caltrops","floor":1},{"not_picked":["Deadly Poison","Cloak And Dagger"],"picked":"Escape Plan","floor":3},{"not_picked":["Deadly Poison","Heel Hook"],"picked":"PiercingWail","floor":6},{"not_picked":["Eviscerate","Poisoned Stab"],"picked":"Noxious Fumes","floor":10},{"not_picked":["Heel Hook","Poisoned Stab"],"picked":"Deadly Poison","floor":12},{"not_picked":["Dash","Blade Dance"],"picked":"Footwork","floor":14},{"not_picked":["Burst","Glass Knife"],"picked":"Malaise","floor":16},{"not_picked":["Eviscerate","Reflex","Underhanded Strike"],"picked":"SKIP","floor":18},{"not_picked":["Dagger Spray+1","Accuracy","Reflex"],"picked":"SKIP","floor":21}],"player_experience":1535088,"relics_obtained":[{"floor":6,"key":"Tiny Chest"},{"floor":8,"key":"Vajra"},{"floor":9,"key":"Potion Belt"}],"event_choices":[{"damage_healed":0,"gold_gain":0,"player_choice":"Got Potions","damage_taken":0,"max_hp_gain":0,"max_hp_loss":0,"event_name":"Lab","floor":2,"gold_loss":0},{"cards_removed":["Strike_G"],"damage_healed":0,"gold_gain":0,"player_choice":"Card Removal","damage_taken":0,"max_hp_gain":0,"max_hp_loss":0,"event_name":"The Cleric","floor":4,"gold_loss":50},{"damage_healed":0,"gold_gain":0,"player_choice":"Take Damage","damage_taken":17,"relics_obtained":["Golden Idol"],"max_hp_gain":0,"max_hp_loss":0,"event_name":"Golden Idol","floor":5,"gold_loss":0},{"damage_healed":0,"gold_gain":75,"player_choice":"Gather Gold","damage_taken":11,"max_hp_gain":0,"max_hp_loss":0,"event_name":"World of Goop","floor":7,"gold_loss":0},{"damage_healed":0,"gold_gain":0,"player_choice":"Gave Idol","damage_taken":0,"relics_obtained":["Bloody Idol"],"max_hp_gain":0,"max_hp_loss":0,"event_name":"Forgotten Altar","floor":19,"relics_lost":["Golden Idol"],"gold_loss":0},{"damage_healed":0,"gold_gain":0,"player_choice":"Fight","damage_taken":0,"max_hp_gain":0,"max_hp_loss":0,"event_name":"Colosseum","floor":20,"gold_loss":0},{"damage_healed":0,"gold_gain":0,"player_choice":"Fled From Nobs","damage_taken":0,"max_hp_gain":0,"max_hp_loss":0,"event_name":"Colosseum","floor":20,"gold_loss":0}],"is_beta":false,"boss_relics":[{"not_picked":["White Beast Statue","Lizard Tail"],"picked":"Empty Cage"}],"items_purged_floors":[13],"is_endless":false,"potions_floor_spawned":[3,6,16],"killed_by":"3 Cultists","ascension_level":13}