{"gold_per_floor":[109,109,38,53,128,128,160,160,160,186,186,199,199,56,56,151,151,166,166,182,197,197,197,207,207,232,232],"floor_reached":27,"playtime":928,"items_purged":[],"score":324,"play_id":"72947d72-2d05-4a90-a78a-9ab2cb13a6c7","local_time":"20190423223054","is_ascension_mode":true,"campfire_choices":[{"floor":6,"key":"REST"},{"floor":11,"key":"REST"},{"data":"Finisher","floor":13,"key":"SMITH"},{"data":"Dagger Spray","floor":15,"key":"SMITH"},{"floor":23,"key":"REST"}],"neow_cost":"NONE","seed_source_timestamp":524161986507300,"circlet_count":0,"master_deck":["AscendersBane","Defend_G","Defend_G","Defend_G","Defend_G","Defend_G","Strike_G+1","Survivor","Neutralize+1","Dagger Spray","All Out Attack","Backstab","Setup","Finisher+1","Dagger Spray+1","Storm of Steel","Storm of Steel+1","Caltrops+1","Burst+1","PiercingWail","PiercingWail","Endless Agony"],"relics":["Ring of the Snake","Bag of Marbles","Regal Pillow","Lantern","Unceasing Top","Odd Mushroom","Whetstone","Astrolabe","GremlinMask","Vajra"],"potions_floor_usage":[16,16,18,27],"damage_taken":[{"damage":9,"enemies":"2 Louse","floor":1,"turns":2},{"damage":7,"enemies":"Jaw Worm","floor":4,"turns":4},{"damage":22,"enemies":"Gremlin Nob","floor":7,"turns":4},{"damage":17,"enemies":"The Mushroom Lair","floor":10,"turns":3},{"damage":0,"enemies":"Cultist","floor":12,"turns":1},{"damage":69,"enemies":"Slime Boss","floor":16,"turns":11},{"damage":30,"enemies":"Spheric Guardian","floor":18,"turns":4},{"damage":0,"enemies":"3 Byrds","floor":20,"turns":3},{"damage":27,"enemies":"Snake Plant","floor":21,"turns":5},{"damage":9,"enemies":"Chosen and Byrds","floor":24,"turns":4},{"damage":38,"enemies":"Slavers","floor":27,"turns":3}],"seed_played":"7034470474018367932","potions_obtained":[{"floor":7,"key":"LiquidBronze"},{"floor":10,"key":"Regen Potion"},{"floor":16,"key":"Regen Potion"},{"floor":24,"key":"Block Potion"}],"is_trial":false,"path_per_floor":["M","?","$","M","?","R","E","$","T","?","R","M","R","$","R","B",null,"M","?","M","M","?","R","M","?","T","E"],"character_chosen":"THE_SILENT","items_purchased":["All Out Attack","Whetstone"],"campfire_rested":3,"item_purchase_floors":[3,14],"current_hp_per_floor":[54,51,51,44,33,69,47,47,47,30,66,66,66,66,66,9,55,30,30,30,3,3,39,30,30,30,0],"gold":232,"neow_bonus":"RANDOM_COMMON_RELIC","is_prod":false,"is_daily":false,"chose_seed":false,"campfire_upgraded":2,"win_rate":0,"timestamp":1556051454,"path_taken":["M","?","?","?","?","R","E","$","T","?","R","M","R","$","R","BOSS","M","?","M","?","?","R","M","?","T","E"],"build_version":"2019-01-23","purchased_purges":0,"victory":false,"max_hp_per_floor":[70,70,70,70,70,70,70,70,70,70,70,70,70,70,70,70,70,70,70,70,70,70,70,70,70,70,70],"card_choices":[{"not_picked":["Prepared","Acrobatics"],"picked":"Dagger Spray","floor":1},{"not_picked":["Accuracy","Dodge and Roll"],"picked":"Backstab","floor":4},{"not_picked":["Blade Dance","Bane"],"picked":"Setup","floor":7},{"not_picked":["Cloak And Dagger","Well Laid Plans"],"picked":"Finisher","floor":10},{"not_picked":["Backflip","Tactician"],"picked":"Dagger Spray","floor":12},{"not_picked":["Envenom","Corpse Explosion"],"picked":"Storm of Steel","floor":16},{"not_picked":["Bane","Leg Sweep"],"picked":"PiercingWail","floor":18},{"not_picked":["Deadly Poison","Flying Knee"],"picked":"PiercingWail","floor":20},{"not_picked":["Night Terror","Sucker Punch","Dagger Throw"],"picked":"SKIP","floor":21},{"not_picked":["Deadly Poison","Flying Knee"],"picked":"Endless Agony","floor":24}],"player_experience":1743348,"relics_obtained":[{"floor":7,"key":"Lantern"},{"floor":9,"key":"Unceasing Top"},{"floor":10,"key":"Odd Mushroom"},{"floor":26,"key":"Vajra"}],"event_choices":[{"damage_healed":0,"gold_gain":0,"player_choice":"Success","damage_taken":3,"relics_obtained":["Regal Pillow"],"max_hp_gain":0,"max_hp_loss":0,"event_name":"Scrap Ooze","floor":2,"gold_loss":0},{"damage_healed":0,"gold_gain":75,"player_choice":"Gather Gold","damage_taken":11,"max_hp_gain":0,"max_hp_loss":0,"event_name":"World of Goop","floor":5,"gold_loss":0},{"damage_healed":0,"gold_gain":0,"player_choice":"Fought Mushrooms","damage_taken":0,"max_hp_gain":0,"max_hp_loss":0,"event_name":"Mushrooms","floor":10,"gold_loss":0},{"cards_removed":["Strike_G"],"damage_healed":0,"gold_gain":0,"player_choice":"Purged","damage_taken":0,"max_hp_gain":0,"max_hp_loss":0,"event_name":"Purifier","floor":19,"gold_loss":0},{"damage_healed":0,"gold_gain":0,"player_choice":"Ignored","damage_taken":0,"max_hp_gain":0,"max_hp_loss":0,"event_name":"Beggar","floor":22,"gold_loss":0},{"damage_healed":0,"gold_gain":0,"player_choice":"Trade","damage_taken":0,"relics_obtained":["GremlinMask"],"max_hp_gain":0,"max_hp_loss":0,"event_name":"FaceTrader","floor":25,"gold_loss":0}],"is_beta":false,"boss_relics":[{"not_picked":["HoveringKite","Orrery"],"picked":"Astrolabe"}],"items_purged_floors":[],"is_endless":false,"potions_floor_spawned":[7,10,16,24],"killed_by":"Slavers","ascension_level":11}