{"path_per_floor":["M","$","?","M","M","R","E","M","T","R","?","?","$","M","R","B",null,"M","?","$","?","M","R","$","?","T","R","M","E","R","M","R"],"character_chosen":"IRONCLAD","items_purchased":["Flex","Twin Strike","Paper Frog","Pommel Strike"],"gold_per_floor":[115,70,146,162,175,175,203,223,297,297,297,297,201,212,212,317,317,335,335,112,112,127,127,127,77,77,77,96,131,131,143,143],"floor_reached":33,"campfire_rested":2,"playtime":1686,"current_hp_per_floor":[80,80,80,79,80,80,63,60,60,60,65,58,58,64,64,31,85,80,80,80,80,70,70,70,70,70,70,58,14,39,34,59],"items_purged":["Strike_R"],"gold":143,"score":289,"play_id":"cfbe0ba0-abed-4550-bb0a-79d05710a911","local_time":"20180312234430","is_prod":false,"is_daily":false,"is_ascension_mode":true,"campfire_upgraded":5,"timestamp":1520923470,"path_taken":["M","$","?","M","?","R","E","M","T","R","?","?","?","M","R","BOSS","M","?","$","?","M","R","$","?","T","R","M","E","R","M","R","BOSS"],"build_version":"2018-03-09","purchased_purges":4,"victory":false,"master_deck":["Strike_R+1","Strike_R+1","Strike_R+1","Strike_R+1","Defend_R+1","Defend_R+1","Defend_R+1","Defend_R+1","Bash+1","Whirlwind+1","Flex+1","Pommel Strike","Twin Strike+1","True Grit","Demon Form+1","Disarm+1","Pommel Strike","Shrug It Off+1","Headbutt+1","Bloodletting+1","Cleave+1"],"max_hp_per_floor":[80,80,80,80,80,80,80,80,80,80,85,85,85,85,85,85,85,85,85,85,85,85,85,85,85,85,85,85,85,85,85,85],"relics":["Burning Blood","Juzu Bracelet","The Courier","Anchor","Velvet Choker","Paper Frog","Unceasing Top","Dodecahedron"],"card_choices":[{"not_picked":["Flex","Warcry"],"picked":"Whirlwind"},{"not_picked":["Cleave","Sever Soul"],"picked":"Pommel Strike"},{"not_picked":["Sword Boomerang","Havoc"],"picked":"True Grit"},{"not_picked":["Brutality","Juggernaut"],"picked":"Demon Form"},{"not_picked":["Pommel Strike","True Grit"],"picked":"Disarm"},{"not_picked":["Rampage","Blood for Blood"],"picked":"Shrug It Off"},{"not_picked":["Anger","Flex"],"picked":"Headbutt"},{"not_picked":["Wild Strike","Rage"],"picked":"Bloodletting"},{"not_picked":["Sever Soul","Blood for Blood"],"picked":"Cleave"}],"player_experience":174056,"potions_floor_usage":[16,33,33],"damage_taken":[{"damage":1,"enemies":"Cultist","floor":1,"turns":4},{"damage":7,"enemies":"Jaw Worm","floor":4,"turns":3},{"damage":3,"enemies":"2 Louse","floor":5,"turns":2},{"damage":23,"enemies":"3 Sentries","floor":7,"turns":8},{"damage":9,"enemies":"Exordium Wildlife","floor":8,"turns":2},{"damage":0,"enemies":"3 Louse","floor":14,"turns":2},{"damage":39,"enemies":"The Guardian","floor":16,"turns":11},{"damage":11,"enemies":"Chosen","floor":18,"turns":4},{"damage":16,"enemies":"Shell Parasite","floor":22,"turns":4},{"damage":18,"enemies":"Chosen and Byrds","floor":28,"turns":5},{"damage":50,"enemies":"Slavers","floor":29,"turns":8},{"damage":11,"enemies":"Sentry and Sphere","floor":31,"turns":4},{"damage":62,"enemies":"Automaton","floor":33,"turns":6}],"event_choices":[{"event_name":"Golden Wing","player_choice":"Gained Gold","floor":3,"damage_taken":0},{"event_name":"Big Fish","player_choice":"Donut","floor":11,"damage_taken":0},{"event_name":"Scrap Ooze","player_choice":"success","floor":12,"damage_taken":7},{"event_name":"The Lab","player_choice":"Got Potions","floor":19,"damage_taken":0},{"event_name":"Back to Basics","player_choice":"Simplicity","floor":21,"damage_taken":0},{"event_name":"The Joust","player_choice":"Bet on Owner","floor":25,"damage_taken":0}],"boss_relics":[{"not_picked":["Runic Pyramid","Tiny House"],"picked":"Velvet Choker"}],"potions_floor_spawned":[5,14,16,18,22,31],"seed_played":"7514437601119442195","killed_by":"Automaton","ascension_level":2,"is_trial":false}