{"gold_per_floor":[115,40,52,227,242,242,271,271,271,271,286,286,48,81,81,178,178,189,189,189,201,213,213,244,244,270,301,301,301,301,57,57,57],"floor_reached":33,"playtime":1692,"items_purged":["Strike_B","Doubt"],"score":401,"play_id":"8d03c0f8-23ce-4044-9e01-645b927a682c","local_time":"20181030002055","is_ascension_mode":true,"campfire_choices":[{"floor":6,"key":"REST"},{"floor":10,"key":"REST"},{"floor":15,"key":"REST"},{"floor":23,"key":"REST"},{"floor":25,"key":"REST"},{"floor":29,"key":"REST"},{"data":"Rainbow","floor":32,"key":"SMITH"}],"neow_cost":"NONE","seed_source_timestamp":10142426318500,"circlet_count":0,"master_deck":["Defend_B+1","Defend_B","Defend_B","Defend_B+1","Zap","Dualcast","Sweeping Beam","Sunder","Double Energy","Turbo","Lockon","Rainbow","Defragment","Rainbow+1","Sunder+1","Consume","Leap","Lockon+1","Coolheaded","Ghostly","Ghostly","Ghostly","Ghostly","Ghostly","Conserve Battery"],"relics":["Cracked Core","Ornamental Fan","Symbiotic Virus","Shuriken","Singing Bowl","Nuclear Battery","Meat on the Bone","War Paint","Strawberry","Lee\u0027s Waffle"],"potions_floor_usage":[7,14,22,24,24],"damage_taken":[{"damage":3,"enemies":"Small Slimes","floor":1,"turns":4},{"damage":7,"enemies":"2 Louse","floor":3,"turns":2},{"damage":7,"enemies":"Jaw Worm","floor":5,"turns":3},{"damage":32,"enemies":"Gremlin Nob","floor":7,"turns":4},{"damage":6,"enemies":"Looter","floor":11,"turns":2},{"damage":14,"enemies":"Lagavulin","floor":14,"turns":5},{"damage":21,"enemies":"Slime Boss","floor":16,"turns":9},{"damage":20,"enemies":"3 Byrds","floor":18,"turns":5},{"damage":3,"enemies":"Spheric Guardian","floor":21,"turns":3},{"damage":21,"enemies":"Cultist and Chosen","floor":22,"turns":6},{"damage":13,"enemies":"Gremlin Leader","floor":24,"turns":7},{"damage":73,"enemies":"Slavers","floor":27,"turns":10},{"damage":86,"enemies":"Collector","floor":33,"turns":10}],"seed_played":"-2959108532811258843","potions_obtained":[{"floor":3,"key":"LiquidBronze"},{"floor":5,"key":"Dexterity Potion"},{"floor":11,"key":"Explosive Potion"},{"floor":18,"key":"SpeedPotion"},{"floor":22,"key":"Dexterity Potion"}],"is_trial":false,"path_per_floor":["M","$","M","?","M","R","E","T","T","R","M","?","$","E","R","B",null,"M","?","?","M","M","R","E","R","T","E","?","R","?","$","R"],"character_chosen":"DEFECT","items_purchased":["Rainbow","Defragment","Lee\u0027s Waffle","Conserve Battery"],"campfire_rested":6,"item_purchase_floors":[13,13,31,31],"current_hp_per_floor":[72,72,65,65,58,82,50,50,50,74,68,73,73,61,87,66,83,63,63,63,60,41,68,57,84,84,30,30,45,45,57,57,0],"gold":57,"neow_bonus":"TEN_PERCENT_HP_BONUS","is_prod":false,"is_daily":false,"chose_seed":false,"campfire_upgraded":1,"win_rate":0,"timestamp":1540855255,"path_taken":["M","$","M","?","M","R","E","?","T","R","M","?","?","E","R","BOSS","M","?","?","?","M","R","E","R","T","E","?","R","?","$","R","BOSS"],"build_version":"2018-10-25v2","purchased_purges":2,"victory":false,"max_hp_per_floor":[82,82,82,82,82,82,82,82,82,82,82,87,87,89,89,89,89,89,89,89,89,91,91,93,93,93,100,50,50,50,57,57,57],"card_choices":[{"not_picked":["Steam","Streamline"],"picked":"Sweeping Beam","floor":1},{"not_picked":["Aggregate","Tempest"],"picked":"Sunder","floor":3},{"not_picked":["FTL","Hello World"],"picked":"Double Energy","floor":5},{"not_picked":["Sweeping Beam","Gash"],"picked":"Turbo","floor":7},{"not_picked":["Steam Power","Gash"],"picked":"Lockon","floor":11},{"not_picked":["Steam","Streamline","Turbo"],"picked":"Singing Bowl","floor":14},{"not_picked":["Hyperbeam","Thunder Strike"],"picked":"Rainbow","floor":16},{"not_picked":["Hello World","Compile Driver"],"picked":"Sunder+1","floor":18},{"not_picked":["Barrage","Double Energy"],"picked":"Lockon+1","floor":21},{"not_picked":["Hologram","Conserve Battery","Doom and Gloom"],"picked":"Singing Bowl","floor":22},{"not_picked":["Force Field","Heatsinks","Hologram"],"picked":"Singing Bowl","floor":24},{"not_picked":["Skim","Cold Snap"],"picked":"Coolheaded","floor":27}],"player_experience":804330,"relics_obtained":[{"floor":7,"key":"Ornamental Fan"},{"floor":8,"key":"Symbiotic Virus"},{"floor":9,"key":"Shuriken"},{"floor":14,"key":"Singing Bowl"},{"floor":24,"key":"Meat on the Bone"},{"floor":26,"key":"War Paint"},{"floor":27,"key":"Strawberry"}],"event_choices":[{"damage_healed":0,"gold_gain":175,"player_choice":"AGREE","damage_taken":0,"max_hp_gain":0,"max_hp_loss":0,"event_name":"Liars Game","floor":4,"gold_loss":0,"cards_obtained":["Doubt"]},{"damage_healed":0,"gold_gain":0,"player_choice":"Donut","damage_taken":0,"max_hp_gain":5,"max_hp_loss":0,"event_name":"Big Fish","floor":12,"gold_loss":0},{"damage_healed":0,"gold_gain":0,"cards_transformed":["Strike_B","Strike_B"],"player_choice":"Became Test Subject","damage_taken":0,"max_hp_gain":0,"max_hp_loss":0,"event_name":"Drug Dealer","floor":19,"gold_loss":0,"cards_obtained":["Consume","Leap"]},{"damage_healed":0,"gold_gain":0,"player_choice":"Ignored","damage_taken":0,"max_hp_gain":0,"max_hp_loss":0,"event_name":"Vampires","floor":20,"gold_loss":0},{"damage_healed":0,"gold_gain":0,"player_choice":"Became a Ghost","damage_taken":0,"max_hp_gain":0,"max_hp_loss":50,"event_name":"Ghosts","floor":28,"gold_loss":0,"cards_obtained":["Ghostly","Ghostly","Ghostly","Ghostly","Ghostly"]},{"cards_removed":["Strike_B"],"damage_healed":0,"gold_gain":0,"player_choice":"Purged","damage_taken":0,"max_hp_gain":0,"max_hp_loss":0,"event_name":"Purifier","floor":30,"gold_loss":0}],"is_beta":false,"boss_relics":[{"not_picked":["Fusion Hammer","Cursed Key"],"picked":"Nuclear Battery"}],"items_purged_floors":[2,13],"is_endless":false,"potions_floor_spawned":[3,5,11,18,22],"killed_by":"Collector","ascension_level":6}