{"gold_per_floor":[213,224,224,239,260,291,291,332,332,332,16,36,111,111],"floor_reached":14,"playtime":1630,"items_purged":[],"score":200,"play_id":"a5e44482-5dcf-4b88-b5df-2b327da207ca","local_time":"20190512222554","is_ascension_mode":true,"campfire_choices":[{"floor":7.0,"key":"REST"}],"neow_cost":"NONE","seed_source_timestamp":1355049594428653,"circlet_count":0,"master_deck":["AscendersBane","Strike_B","Strike_B","Strike_B","Defend_B","Defend_B","Defend_B","Defend_B","Zap","Dualcast","Ball Lightning","Doom and Gloom","Leap","Compile Driver","Sunder","Steam Power","Storm","Capacitor","Capacitor","Loop","Heatsinks"],"special_seed":0,"relics":["Cracked Core","Golden Idol","Omamori","Mummified Hand","The Courier"],"potions_floor_usage":[],"damage_taken":[{"damage":7.0,"enemies":"Cultist","floor":1.0,"turns":4.0},{"damage":2.0,"enemies":"Jaw Worm","floor":2.0,"turns":3.0},{"damage":2.0,"enemies":"2 Louse","floor":4.0,"turns":3.0},{"damage":16.0,"enemies":"Exordium Thugs","floor":5.0,"turns":4.0},{"damage":16.0,"enemies":"Lagavulin","floor":6.0,"turns":5.0},{"damage":21.0,"enemies":"3 Sentries","floor":8.0,"turns":6.0},{"damage":6.0,"enemies":"3 Louse","floor":12.0,"turns":2.0},{"damage":15,"enemies":"Exordium Wildlife","floor":14,"turns":2}],"seed_played":"-3615605475147587470","potions_obtained":[{"floor":1.0,"key":"Regen Potion"},{"floor":5.0,"key":"Ancient Potion"},{"floor":8.0,"key":"SkillPotion"}],"is_trial":false,"path_per_floor":["M","M","?","M","M","E","R","E","T","?","$","M","?","M"],"character_chosen":"DEFECT","items_purchased":["Storm","Capacitor","Capacitor","Loop","Heatsinks"],"campfire_rested":1,"item_purchase_floors":[11,11,11,11,11],"current_hp_per_floor":[57,55,55,53,37,35,54,33,33,26,26,20,9,0],"gold":111,"neow_bonus":"HUNDRED_GOLD","is_prod":false,"is_daily":false,"chose_seed":false,"campfire_upgraded":0,"win_rate":0,"timestamp":1557714354,"path_taken":["M","M","?","M","M","E","R","E","T","?","$","M","?","?"],"build_version":"2019-01-23","purchased_purges":0,"victory":false,"max_hp_per_floor":[71,71,64,64,64,64,64,64,64,64,64,64,64,64],"card_choices":[{"not_picked":["Coolheaded","Stack"],"picked":"Ball Lightning","floor":1.0},{"not_picked":["Genetic Algorithm","Melter"],"picked":"Doom and Gloom","floor":2.0},{"not_picked":["Storm","Rip and Tear"],"picked":"Leap","floor":4.0},{"not_picked":["Melter","Redo"],"picked":"Compile Driver","floor":5.0},{"not_picked":["Reboot","Steam Power"],"picked":"Sunder","floor":6.0},{"not_picked":["Double Energy","Go for the Eyes"],"picked":"Steam Power","floor":8.0},{"not_picked":["Barrage","Melter","Chaos"],"picked":"SKIP","floor":12.0}],"player_experience":948120,"relics_obtained":[{"floor":6.0,"key":"Omamori"},{"floor":8.0,"key":"Mummified Hand"},{"floor":9.0,"key":"The Courier"}],"event_choices":[{"damage_healed":0.0,"max_hp_gain":0.0,"max_hp_loss":7.0,"gold_gain":0.0,"event_name":"Golden Idol","player_choice":"Lose Max HP","floor":3.0,"gold_loss":0.0,"damage_taken":0.0,"relics_obtained":["Golden Idol"]},{"cards_removed":["Strike_B"],"damage_healed":0.0,"max_hp_gain":0.0,"max_hp_loss":0.0,"gold_gain":0.0,"event_name":"Golden Wing","player_choice":"Card Removal","floor":10.0,"gold_loss":0.0,"damage_taken":7.0},{"damage_healed":0.0,"max_hp_gain":0.0,"max_hp_loss":0.0,"gold_gain":75.0,"event_name":"World of Goop","player_choice":"Gather Gold","floor":13.0,"gold_loss":0.0,"damage_taken":11.0}],"is_beta":false,"boss_relics":[],"items_purged_floors":[],"is_endless":false,"potions_floor_spawned":[1,5,8],"killed_by":"Exordium Wildlife","ascension_level":20}