{"gold_per_floor":[110,385,396,412,10,10,25,25,81,98,98,118,118,143,143,143],"floor_reached":16,"playtime":696,"items_purged":["Regret"],"score":122,"play_id":"37b6080c-0e3e-40df-a2ce-a44c406d3246","local_time":"20190122145209","is_ascension_mode":true,"campfire_choices":[{"floor":11,"key":"DIG"},{"floor":15,"key":"DIG"}],"neow_cost":"NONE","seed_source_timestamp":1111916566223069,"circlet_count":0,"master_deck":["Strike_B","Strike_B","Strike_B","Strike_B","Defend_B","Defend_B","Defend_B","Defend_B","Zap","Dualcast","Leap","Beam Cell","Loop","Panache","Gash","Steam Power","Steam Power","Rip and Tear","Self Repair","Hologram"],"relics":["Cracked Core","NeowsBlessing","Shovel","Nunchaku","Tiny Chest","Omamori","Golden Idol","Smiling Mask"],"potions_floor_usage":[16,16],"damage_taken":[{"damage":0,"enemies":"Small Slimes","floor":1,"turns":1},{"damage":0,"enemies":"Cultist","floor":3,"turns":1},{"damage":0,"enemies":"2 Louse","floor":4,"turns":1},{"damage":20,"enemies":"Exordium Wildlife","floor":7,"turns":4},{"damage":6,"enemies":"Exordium Thugs","floor":10,"turns":3},{"damage":7,"enemies":"2 Fungi Beasts","floor":12,"turns":3},{"damage":0,"enemies":"Gremlin Gang","floor":14,"turns":2},{"damage":44,"enemies":"Hexaghost","floor":16,"turns":9}],"seed_played":"-7785882570476045901","potions_obtained":[{"floor":7,"key":"Block Potion"},{"floor":12,"key":"Regen Potion"}],"is_trial":false,"path_per_floor":["M","?","M","M","$","?","M","T","T","M","R","M","?","M","R","B"],"character_chosen":"DEFECT","items_purchased":["Panache","Gash","Steam Power"],"campfire_rested":0,"item_purchase_floors":[5,5,5],"current_hp_per_floor":[68,68,68,68,68,61,41,41,41,35,35,28,28,28,28,0],"gold":143,"neow_bonus":"THREE_ENEMY_KILL","is_prod":false,"is_daily":false,"chose_seed":false,"campfire_upgraded":0,"win_rate":0,"timestamp":1548197529,"path_taken":["M","?","?","M","$","?","M","?","T","M","R","?","?","M","R","BOSS"],"build_version":"2019-01-17v2","purchased_purges":1,"victory":false,"max_hp_per_floor":[75,75,75,75,75,75,75,75,75,75,75,75,69,69,69,69],"card_choices":[{"not_picked":["Go for the Eyes","Redo"],"picked":"Leap","floor":1},{"not_picked":["Aggregate","Barrage"],"picked":"Beam Cell","floor":3},{"not_picked":["Reinforced Body","Redo"],"picked":"Loop","floor":4},{"not_picked":["Reprogram","Multi-Cast"],"picked":"Steam Power","floor":7},{"not_picked":["Hello World","Barrage"],"picked":"Rip and Tear","floor":10},{"not_picked":["Reprogram","Steam"],"picked":"Self Repair","floor":12},{"not_picked":["Fusion","Doom and Gloom"],"picked":"Hologram","floor":14}],"player_experience":605369,"relics_obtained":[{"floor":8,"key":"Nunchaku"},{"floor":9,"key":"Tiny Chest"},{"floor":11,"key":"Omamori"},{"floor":15,"key":"Smiling Mask"}],"event_choices":[{"damage_healed":0,"gold_gain":275,"player_choice":"Desecrate","damage_taken":0,"max_hp_gain":0,"max_hp_loss":0,"event_name":"Golden Shrine","floor":2,"gold_loss":0,"cards_obtained":["Regret"]},{"damage_healed":0,"gold_gain":0,"player_choice":"Success","damage_taken":7,"relics_obtained":["Shovel"],"max_hp_gain":0,"max_hp_loss":0,"event_name":"Scrap Ooze","floor":6,"gold_loss":0},{"damage_healed":0,"gold_gain":0,"player_choice":"Lose Max HP","damage_taken":0,"relics_obtained":["Golden Idol"],"max_hp_gain":0,"max_hp_loss":6,"event_name":"Golden Idol","floor":13,"gold_loss":0}],"is_beta":false,"boss_relics":[],"items_purged_floors":[5],"is_endless":false,"potions_floor_spawned":[7,12],"killed_by":"Hexaghost","ascension_level":6}