{"gold_per_floor":[111,23,33,33,33,33,48,62,112,112,124,89,119,119,119,216,216,233,233,251,6,6],"floor_reached":22,"playtime":33923,"items_purged":["Decay"],"score":276,"play_id":"08a5c47e-bf1c-45e4-ae2a-a0a48eb79347","local_time":"20190128090703","is_ascension_mode":true,"campfire_choices":[{"floor":6,"key":"REST"},{"data":"Armaments","floor":10,"key":"SMITH"},{"data":"Seeing Red","floor":15,"key":"SMITH"}],"neow_cost":"NONE","seed_source_timestamp":367741850341100,"circlet_count":0,"master_deck":["AscendersBane","Strike_R","Strike_R","Strike_R","Strike_R","Strike_R","Defend_R","Defend_R","Defend_R+1","Defend_R+1","Bash","Berserk","Shrug It Off","Discovery+1","Clash","Armaments+1","Seeing Red+1","Headbutt","Disarm","Demon Form","Battle Trance","Warcry+1","Apotheosis"],"relics":["Burning Blood","Dream Catcher","War Paint","White Beast Statue"],"potions_floor_usage":[13,16,20,22],"damage_taken":[{"damage":18,"enemies":"Jaw Worm","floor":1,"turns":4},{"damage":31,"enemies":"Cultist","floor":3,"turns":7},{"damage":10,"enemies":"Small Slimes","floor":7,"turns":3},{"damage":12,"enemies":"Blue Slaver","floor":8,"turns":6},{"damage":1,"enemies":"Looter","floor":11,"turns":4},{"damage":29,"enemies":"3 Sentries","floor":13,"turns":7},{"damage":52,"enemies":"Slime Boss","floor":16,"turns":16},{"damage":36,"enemies":"Chosen","floor":18,"turns":6},{"damage":14,"enemies":"Shell Parasite","floor":20,"turns":9},{"damage":36,"enemies":"Cultist and Chosen","floor":22,"turns":4}],"seed_played":"-4644400955708208374","potions_obtained":[{"floor":3,"key":"Energy Potion"},{"floor":7,"key":"Strength Potion"},{"floor":18,"key":"AttackPotion"},{"floor":20,"key":"Ancient Potion"}],"is_trial":false,"path_per_floor":["M","$","M","?","?","R","M","M","T","R","M","?","E","?","R","B",null,"M","?","M","$","M"],"character_chosen":"IRONCLAD","items_purchased":["Discovery","Apotheosis"],"campfire_rested":1,"item_purchase_floors":[2,21],"current_hp_per_floor":[60,60,35,35,35,59,55,49,49,49,54,74,51,56,56,10,66,36,36,28,28,0],"gold":6,"neow_bonus":"ONE_RANDOM_RARE_CARD","is_prod":false,"is_daily":false,"chose_seed":false,"campfire_upgraded":2,"win_rate":0,"timestamp":1548662823,"path_taken":["M","$","M","?","?","R","?","M","T","R","M","?","E","?","R","BOSS","M","?","M","$","M"],"build_version":"2019-01-23","purchased_purges":1,"victory":false,"max_hp_per_floor":[80,80,80,80,80,80,80,80,80,80,80,80,80,85,85,85,85,85,85,85,85,85],"card_choices":[{"not_picked":["Hemokinesis","Twin Strike"],"picked":"Shrug It Off","floor":1},{"not_picked":["Entrench","Shrug It Off"],"picked":"Clash","floor":3},{"not_picked":["Anger","Wild Strike"],"picked":"Armaments","floor":7},{"not_picked":["Pommel Strike","Rampage"],"picked":"Seeing Red","floor":8},{"not_picked":["Anger","Body Slam"],"picked":"Headbutt","floor":11},{"not_picked":["Corruption","Heavy Blade"],"picked":"Disarm","floor":13},{"not_picked":["Juggernaut","Feed"],"picked":"Demon Form","floor":16},{"not_picked":["Cleave","Body Slam"],"picked":"Battle Trance","floor":18},{"not_picked":["Sword Boomerang","Power Through+1"],"picked":"Warcry+1","floor":20}],"player_experience":1346022,"relics_obtained":[{"floor":9,"key":"Dream Catcher"},{"floor":13,"key":"War Paint"}],"event_choices":[{"damage_healed":0,"gold_gain":0,"player_choice":"Ignored","damage_taken":0,"max_hp_gain":0,"max_hp_loss":0,"event_name":"Shining Light","floor":4,"gold_loss":0},{"damage_healed":0,"gold_gain":0,"player_choice":"Upgraded","damage_taken":0,"max_hp_gain":0,"max_hp_loss":0,"event_name":"Upgrade Shrine","floor":5,"gold_loss":0,"cards_upgraded":["Discovery"]},{"damage_healed":20,"gold_gain":0,"player_choice":"Healed","damage_taken":0,"max_hp_gain":0,"max_hp_loss":0,"event_name":"The Cleric","floor":12,"gold_loss":35},{"damage_healed":0,"gold_gain":0,"player_choice":"Donut","damage_taken":0,"max_hp_gain":5,"max_hp_loss":0,"event_name":"Big Fish","floor":14,"gold_loss":0},{"damage_healed":0,"gold_gain":0,"player_choice":"Smashed Altar","damage_taken":0,"max_hp_gain":0,"max_hp_loss":0,"event_name":"Forgotten Altar","floor":19,"gold_loss":0,"cards_obtained":["Decay"]}],"is_beta":false,"boss_relics":[{"not_picked":["Runic Pyramid","Black Star"],"picked":"White Beast Statue"}],"items_purged_floors":[21],"is_endless":false,"potions_floor_spawned":[3,7,18,20],"killed_by":"Cultist and Chosen","ascension_level":10}