{"gold_per_floor":[111,36,12,12,25,25,50,50,50,66,96,96,96,96,96,216,216,230,155,155,10,10,10,10],"floor_reached":24,"playtime":569,"items_purged":["Strike_B"],"score":323,"play_id":"09674810-e0f5-4d39-ba0d-8a7334830f14","local_time":"20190303215258","is_ascension_mode":true,"campfire_choices":[{"data":"Redo","floor":6,"key":"SMITH"},{"data":"Defragment","floor":8,"key":"SMITH"},{"floor":13,"key":"REST"},{"floor":15,"key":"REST"},{"floor":23,"key":"REST"}],"neow_cost":"NONE","seed_source_timestamp":444208623672600,"circlet_count":0,"master_deck":["Strike_B","Strike_B","Defend_B","Defend_B","Defend_B+1","Defend_B","Zap+1","Dualcast","Lockon","Hologram","Redo+1","Defragment+1","Darkness","Double Energy","Meteor Strike","Turbo","Self Repair","Sunder"],"relics":["Cracked Core","NeowsBlessing","War Paint","Bottled Flame","Bronze Scales","Bloody Idol","Eternal Feather"],"potions_floor_usage":[16,24],"damage_taken":[{"damage":0,"enemies":"Cultist","floor":1,"turns":1},{"damage":0,"enemies":"2 Louse","floor":5,"turns":1},{"damage":0,"enemies":"Lagavulin","floor":7,"turns":1},{"damage":6,"enemies":"Small Slimes","floor":10,"turns":2},{"damage":22,"enemies":"3 Sentries","floor":11,"turns":6},{"damage":45,"enemies":"The Guardian","floor":16,"turns":8},{"damage":9,"enemies":"Chosen","floor":18,"turns":4},{"damage":35,"enemies":"Colosseum Slavers","floor":20,"turns":4},{"damage":53,"enemies":"Slavers","floor":24,"turns":3}],"seed_played":"3068113453305114832","potions_obtained":[{"floor":11,"key":"Strength Potion"},{"floor":18,"key":"Energy Potion"}],"is_trial":false,"path_per_floor":["M","$","$","?","M","R","E","R","T","M","E","?","R","?","R","B",null,"M","?","?","$","?","R","E"],"character_chosen":"DEFECT","items_purchased":["Hologram","Self Repair","Sunder"],"campfire_rested":3,"item_purchase_floors":[3,21,21],"current_hp_per_floor":[68,68,68,68,68,68,68,68,68,62,40,40,62,44,66,21,62,53,53,18,18,18,49,0],"gold":10,"neow_bonus":"THREE_ENEMY_KILL","is_prod":false,"is_daily":false,"chose_seed":false,"campfire_upgraded":2,"win_rate":0,"timestamp":1551646378,"path_taken":["M","?","$","?","M","R","E","R","T","M","E","?","R","?","R","BOSS","M","?","?","$","?","R","E"],"build_version":"2019-01-23","purchased_purges":1,"victory":false,"max_hp_per_floor":[75,75,75,75,75,75,75,75,75,75,75,75,75,75,75,75,75,75,75,75,75,75,75,75],"card_choices":[{"not_picked":["Stack","Sweeping Beam"],"picked":"Lockon","floor":1},{"not_picked":["Genetic Algorithm","Tempest"],"picked":"Redo","floor":5},{"not_picked":["Consume","Undo"],"picked":"Defragment","floor":7},{"not_picked":["Coolheaded","Sweeping Beam"],"picked":"Darkness","floor":10},{"not_picked":["Beam Cell","Heatsinks"],"picked":"Double Energy","floor":11},{"not_picked":["Multi-Cast","Creative AI"],"picked":"Meteor Strike","floor":16},{"not_picked":["Rip and Tear+1","Coolheaded"],"picked":"Turbo","floor":18}],"player_experience":1449536,"relics_obtained":[{"floor":7,"key":"War Paint"},{"floor":9,"key":"Bottled Flame"},{"floor":11,"key":"Bronze Scales"}],"event_choices":[{"damage_healed":0,"gold_gain":0,"player_choice":"Leave","damage_taken":0,"max_hp_gain":0,"max_hp_loss":0,"event_name":"The Cleric","floor":4,"gold_loss":0},{"damage_healed":0,"gold_gain":0,"player_choice":"Ignored","damage_taken":0,"max_hp_gain":0,"max_hp_loss":0,"event_name":"Shining Light","floor":12,"gold_loss":0},{"damage_healed":0,"gold_gain":0,"player_choice":"Take Damage","damage_taken":18,"relics_obtained":["Golden Idol"],"max_hp_gain":0,"max_hp_loss":0,"event_name":"Golden Idol","floor":14,"gold_loss":0},{"cards_removed":["Strike_B"],"damage_healed":0,"gold_gain":0,"player_choice":"Gave Gold","damage_taken":0,"max_hp_gain":0,"max_hp_loss":0,"event_name":"Beggar","floor":19,"gold_loss":75},{"damage_healed":0,"gold_gain":0,"player_choice":"Fight","damage_taken":0,"max_hp_gain":0,"max_hp_loss":0,"event_name":"Colosseum","floor":20,"gold_loss":0},{"damage_healed":0,"gold_gain":0,"player_choice":"Fled From Nobs","damage_taken":0,"max_hp_gain":0,"max_hp_loss":0,"event_name":"Colosseum","floor":20,"gold_loss":0},{"damage_healed":0,"gold_gain":0,"player_choice":"Gave Idol","damage_taken":0,"relics_obtained":["Bloody Idol"],"max_hp_gain":0,"max_hp_loss":0,"event_name":"Forgotten Altar","floor":22,"relics_lost":["Golden Idol"],"gold_loss":0}],"is_beta":false,"boss_relics":[{"not_picked":["Busted Crown","Cursed Key"],"picked":"Eternal Feather"}],"items_purged_floors":[2],"is_endless":false,"potions_floor_spawned":[11,18,20],"killed_by":"Slavers","ascension_level":9}