{"gold_per_floor":[109,122,137,150,160,160,192,267,290,290,240,253,102,118,118,213,213,153,187,203,223,233,233,233],"floor_reached":24,"playtime":1333,"items_purged":["Strike_B"],"score":210,"play_id":"ec1f6dec-eb3f-4262-8510-6b49577926e4","local_time":"20190514034908","is_ascension_mode":true,"campfire_choices":[{"data":"Zap","floor":6,"key":"SMITH"},{"data":"Loop","floor":15,"key":"SMITH"},{"data":"Capacitor","floor":23,"key":"SMITH"}],"neow_cost":"NONE","seed_source_timestamp":139177687125760,"circlet_count":0,"master_deck":["Strike_B","Strike_B","Defend_B","Defend_B","Defend_B","Defend_B","Zap+1","Dualcast","Impatience","Coolheaded","Conserve Battery","Turbo","Compile Driver","Reprogram","Barrage+1","Chill","Loop+1","Leap","Seek","Cold Snap+1","Ball Lightning+1","Capacitor+1","Coolheaded","Go for the Eyes+1","FTL+1","Conserve Battery","Ball Lightning+1"],"relics":["Cracked Core","Molten Egg 2","Vajra","Orrery","Red Mask"],"potions_floor_usage":[16],"damage_taken":[{"damage":0,"enemies":"2 Louse","floor":1,"turns":2},{"damage":0,"enemies":"Small Slimes","floor":2,"turns":5},{"damage":0,"enemies":"Jaw Worm","floor":3,"turns":6},{"damage":0,"enemies":"2 Fungi Beasts","floor":4,"turns":4},{"damage":4,"enemies":"Looter","floor":5,"turns":3},{"damage":8,"enemies":"3 Sentries","floor":7,"turns":9},{"damage":7,"enemies":"Exordium Thugs","floor":12,"turns":4},{"damage":0,"enemies":"Large Slime","floor":14,"turns":3},{"damage":48,"enemies":"Hexaghost","floor":16,"turns":12},{"damage":15,"enemies":"2 Thieves","floor":18,"turns":4},{"damage":3,"enemies":"Masked Bandits","floor":19,"turns":5},{"damage":4,"enemies":"Shell Parasite","floor":20,"turns":5},{"damage":14,"enemies":"3 Cultists","floor":21,"turns":7},{"damage":4,"enemies":"Centurion and Healer","floor":22,"turns":6},{"damage":43,"enemies":"Gremlin Leader","floor":24,"turns":3}],"seed_played":"4163795116070666922","potions_obtained":[{"floor":3,"key":"PowerPotion"},{"floor":5,"key":"Block Potion"},{"floor":12,"key":"Ancient Potion"},{"floor":16,"key":"LiquidBronze"}],"is_trial":false,"path_per_floor":["M","M","M","M","M","R","E","?","T","?","?","M","$","M","R","B",null,"M","?","M","M","M","R","E"],"character_chosen":"DEFECT","items_purchased":["Loop"],"campfire_rested":0,"item_purchase_floors":[13],"current_hp_per_floor":[75,75,75,75,71,71,63,52,52,57,57,50,50,50,50,2,80,65,62,58,44,40,40,0],"gold":233,"neow_bonus":"RANDOM_COLORLESS","is_prod":false,"is_daily":false,"chose_seed":false,"campfire_upgraded":3,"win_rate":0,"timestamp":1557820148,"path_taken":["M","M","M","M","M","R","E","?","T","?","?","M","$","M","R","BOSS","M","?","M","M","M","R","E"],"build_version":"2019-01-23","purchased_purges":1,"victory":false,"max_hp_per_floor":[75,75,75,75,75,75,75,75,75,80,80,80,80,80,80,80,80,80,80,80,80,80,80,80],"card_choices":[{"not_picked":["Turbo","Steam Power"],"picked":"Coolheaded","floor":1},{"not_picked":["Rebound","Streamline"],"picked":"Conserve Battery","floor":2},{"not_picked":["Multi-Cast","Redo"],"picked":"Turbo","floor":3},{"not_picked":["Cold Snap","Redo"],"picked":"Compile Driver","floor":4},{"not_picked":["Darkness","Go for the Eyes"],"picked":"Reprogram","floor":5},{"not_picked":["Multi-Cast","Static Discharge"],"picked":"Barrage","floor":7},{"not_picked":["Heatsinks","Skim"],"picked":"Chill","floor":12},{"not_picked":["Beam Cell+1","Streamline+1"],"picked":"Leap","floor":14},{"not_picked":["Echo Form","Core Surge+1"],"picked":"Seek","floor":16},{"not_picked":["Sweeping Beam+1","Barrage+1"],"picked":"Cold Snap+1","floor":17},{"not_picked":["Storm","Fusion"],"picked":"Ball Lightning+1","floor":17},{"not_picked":["Sweeping Beam+1","Go for the Eyes+1"],"picked":"Capacitor","floor":17},{"not_picked":["Rip and Tear+1","Heatsinks"],"picked":"Coolheaded","floor":17},{"not_picked":["Lockon+1","Reprogram"],"picked":"Go for the Eyes+1","floor":17},{"not_picked":["Lockon+1","Hello World"],"picked":"FTL+1","floor":18},{"not_picked":["Stack","Steam+1","Compile Driver+1"],"picked":"SKIP","floor":20},{"not_picked":["Cold Snap+1","Compile Driver+1"],"picked":"Conserve Battery","floor":21},{"not_picked":["Heatsinks","Fission"],"picked":"Ball Lightning+1","floor":22}],"player_experience":68562,"relics_obtained":[{"floor":7,"key":"Molten Egg 2"},{"floor":9,"key":"Vajra"},{"floor":19,"key":"Red Mask"}],"event_choices":[{"damage_healed":0,"gold_gain":75,"player_choice":"Gather Gold","damage_taken":11,"max_hp_gain":0,"max_hp_loss":0,"event_name":"World of Goop","floor":8,"gold_loss":0},{"damage_healed":0,"gold_gain":0,"player_choice":"Donut","damage_taken":0,"max_hp_gain":5,"max_hp_loss":0,"event_name":"Big Fish","floor":10,"gold_loss":0},{"cards_removed":["Strike_B"],"damage_healed":0,"gold_gain":0,"player_choice":"Card Removal","damage_taken":0,"max_hp_gain":0,"max_hp_loss":0,"event_name":"The Cleric","floor":11,"gold_loss":50},{"damage_healed":0,"gold_gain":0,"player_choice":"Fought Bandits","damage_taken":0,"max_hp_gain":0,"max_hp_loss":0,"event_name":"Masked Bandits","floor":19,"gold_loss":0}],"is_beta":false,"boss_relics":[{"not_picked":["Black Star","Cursed Key"],"picked":"Orrery"}],"items_purged_floors":[13],"is_endless":false,"potions_floor_spawned":[3,5,12,16,20,21],"killed_by":"Gremlin Leader","ascension_level":1}