{"gold_per_floor":[119,139,153,153,166,166,166,185,259,302,65,98,129,157,169,311,323,356,58,58,58,72,72,72],"floor_reached":24,"playtime":1392,"items_purged":["Pain"],"score":302,"play_id":"3a4aaa0f-85d9-4269-9b36-c55ed26898f9","local_time":"20190111121249","is_ascension_mode":true,"campfire_choices":[{"data":"True Grit","floor":6,"key":"SMITH"},{"floor":15,"key":"REST"},{"floor":23,"key":"REST"}],"neow_cost":"NONE","seed_source_timestamp":120083193017200,"circlet_count":0,"master_deck":["Strike_R","Strike_R","Strike_R","Strike_R","Strike_R","Defend_R","Defend_R","Defend_R","Defend_R","Bash","True Grit+1","Flame Barrier","Seeing Red","Impervious","Injury","Entrench","Dual Wield","Limit Break","Barricade","Demon Form"],"relics":["Burning Blood","NeowsBlessing","WarpedTongs","Golden Idol","Singing Bowl","Calipers","MawBank","Lizard Tail","Regal Pillow"],"potions_floor_usage":[8,8,10,14,22,24],"damage_taken":[{"damage":0,"enemies":"Cultist","floor":1,"turns":1},{"damage":0,"enemies":"2 Louse","floor":2,"turns":1},{"damage":0,"enemies":"Small Slimes","floor":3,"turns":1},{"damage":12,"enemies":"2 Fungi Beasts","floor":5,"turns":4},{"damage":4,"enemies":"Lots of Slimes","floor":8,"turns":3},{"damage":44,"enemies":"Lagavulin","floor":10,"turns":11},{"damage":46,"enemies":"Gremlin Nob","floor":12,"turns":6},{"damage":0,"enemies":"Blue Slaver","floor":13,"turns":5},{"damage":10,"enemies":"3 Louse","floor":14,"turns":4},{"damage":34,"enemies":"The Guardian","floor":16,"turns":19},{"damage":13,"enemies":"3 Byrds","floor":18,"turns":13},{"damage":48,"enemies":"Shell Parasite","floor":22,"turns":10},{"damage":115,"enemies":"3 Cultists","floor":24,"turns":6}],"seed_played":"-5354957689952643622","potions_obtained":[{"floor":2,"key":"Regen Potion"},{"floor":3,"key":"LiquidBronze"},{"floor":5,"key":"Explosive Potion"},{"floor":13,"key":"Swift Potion"},{"floor":16,"key":"FearPotion"},{"floor":18,"key":"Ancient Potion"},{"floor":22,"key":"PowerPotion"}],"is_trial":false,"path_per_floor":["M","M","M","?","M","R","?","M","T","E","$","E","M","M","R","B",null,"M","$","?","$","M","R","M"],"character_chosen":"IRONCLAD","items_purchased":["Limit Break","Demon Form","Regal Pillow"],"campfire_rested":2,"item_purchase_floors":[11,19,19],"current_hp_per_floor":[78,80,80,80,74,74,74,76,76,53,53,13,21,19,44,18,69,64,64,56,56,16,58,0],"gold":72,"neow_bonus":"THREE_ENEMY_KILL","is_prod":false,"is_daily":false,"chose_seed":false,"campfire_upgraded":1,"win_rate":0,"timestamp":1547205169,"path_taken":["M","?","M","?","?","R","?","M","T","E","$","E","M","M","R","BOSS","M","$","?","$","M","R","?"],"build_version":"2019-01-10","purchased_purges":1,"victory":false,"max_hp_per_floor":[80,80,80,80,80,80,80,80,80,80,80,80,82,84,84,86,86,88,88,88,88,90,90,90],"card_choices":[{"not_picked":["Shrug It Off","Pommel Strike"],"picked":"True Grit","floor":1},{"not_picked":["Dual Wield","Body Slam"],"picked":"Flame Barrier","floor":2},{"not_picked":["Wild Strike","Armaments"],"picked":"Seeing Red","floor":3},{"not_picked":["Dropkick","Feel No Pain"],"picked":"Impervious","floor":5},{"not_picked":["Bloodletting","Shockwave"],"picked":"Entrench","floor":8},{"not_picked":["Flex","Clothesline"],"picked":"Dual Wield","floor":10},{"not_picked":["Perfected Strike","Burning Pact"],"picked":"Barricade","floor":12},{"not_picked":["Thunderclap","Pommel Strike","Perfected Strike"],"picked":"Singing Bowl","floor":13},{"not_picked":["Corruption","Armaments","Iron Wave"],"picked":"Singing Bowl","floor":14},{"not_picked":["Offering","Bludgeon","Barricade"],"picked":"Singing Bowl","floor":16},{"not_picked":["Rupture","True Grit+1","Thunderclap"],"picked":"Singing Bowl","floor":18},{"not_picked":["Evolve","Clothesline","Dual Wield"],"picked":"Singing Bowl","floor":22}],"player_experience":1093579,"relics_obtained":[{"floor":9,"key":"Singing Bowl"},{"floor":10,"key":"Calipers"},{"floor":12,"key":"MawBank"}],"event_choices":[{"damage_healed":0,"gold_gain":0,"player_choice":"Rummage","damage_taken":0,"relics_obtained":["WarpedTongs"],"max_hp_gain":0,"max_hp_loss":0,"event_name":"Accursed Blacksmith","floor":4,"gold_loss":0,"cards_obtained":["Pain"]},{"damage_healed":0,"gold_gain":0,"player_choice":"Take Wound","damage_taken":0,"relics_obtained":["Golden Idol"],"max_hp_gain":0,"max_hp_loss":0,"event_name":"Golden Idol","floor":7,"gold_loss":0,"cards_obtained":["Injury"]},{"damage_healed":0,"gold_gain":0,"player_choice":"","damage_taken":8,"max_hp_gain":0,"max_hp_loss":0,"event_name":"Knowing Skull","floor":20,"potions_obtained":[],"gold_loss":0,"cards_obtained":[]}],"is_beta":false,"boss_relics":[{"not_picked":["Astrolabe","Velvet Choker"],"picked":"Lizard Tail"}],"items_purged_floors":[11],"is_endless":false,"potions_floor_spawned":[2,3,5,13,16,18,22],"killed_by":"3 Cultists","ascension_level":9}