{"gold_per_floor":[111,111,126,126,56,86,86,111,141,170,185,185,219,47,47,150,150,164,17,17,17,17,17,49,49,49,49,77,91,104,137,137,241,241,260,260,273,373,373,403,403,433,487,7,23,23,0,18,18,18],"floor_reached":51,"playtime":2464,"items_purged":[],"score":1250,"play_id":"d58c3514-0269-462f-b90f-90879a261b8d","local_time":"20190311233908","is_ascension_mode":true,"campfire_choices":[{"data":"Feel No Pain","floor":7,"key":"SMITH"},{"data":"Heavy Blade","floor":12,"key":"SMITH"},{"data":"Bash","floor":15,"key":"SMITH"},{"data":"Battle Trance","floor":23,"key":"SMITH"},{"data":"J.A.X.","floor":32,"key":"SMITH"},{"data":"Cleave","floor":41,"key":"SMITH"},{"data":"Apotheosis","floor":46,"key":"SMITH"},{"data":"Bite","floor":49,"key":"SMITH"}],"neow_cost":"NONE","seed_source_timestamp":186780309817900,"circlet_count":0,"master_deck":["AscendersBane","Defend_R","Defend_R","Defend_R","Defend_R","Bash+1","Feel No Pain+1","Shrug It Off+1","Inflame+1","Corruption+1","Battle Trance+1","Heavy Blade+1","Demon Form+1","Mayhem+1","Limit Break+1","Pommel Strike+1","Bite","Bite","Bite","Bite+1","J.A.X.+1","Cleave+1","Second Wind+1","Body Slam+1","Reaper","Shame","Shame","Apotheosis+1"],"relics":["Burning Blood","NeowsBlessing","Matryoshka","Frozen Egg 2","Self Forming Clay","Paper Frog","Orichalcum","Tiny Chest","Odd Mushroom","Omamori","Cursed Key","War Paint","Magic Flower","Bag of Marbles","PreservedInsect","Letter Opener","Happy Flower","Busted Crown","Dead Branch","Singing Bowl","Centennial Puzzle","Gremlin Horn","Lantern","StoneCalendar","Red Mask"],"potions_floor_usage":[8,13,31,40,40],"damage_taken":[{"damage":0,"enemies":"Jaw Worm","floor":1,"turns":1},{"damage":0,"enemies":"Small Slimes","floor":3,"turns":1},{"damage":0,"enemies":"3 Sentries","floor":6,"turns":1},{"damage":11,"enemies":"Lagavulin","floor":8,"turns":7},{"damage":5,"enemies":"The Mushroom Lair","floor":10,"turns":5},{"damage":1,"enemies":"Cultist","floor":11,"turns":4},{"damage":13,"enemies":"Gremlin Nob","floor":13,"turns":4},{"damage":35,"enemies":"Hexaghost","floor":16,"turns":7},{"damage":18,"enemies":"2 Thieves","floor":18,"turns":5},{"damage":23,"enemies":"Gremlin Leader","floor":24,"turns":4},{"damage":19,"enemies":"Book of Stabbing","floor":28,"turns":4},{"damage":7,"enemies":"3 Byrds","floor":29,"turns":4},{"damage":5,"enemies":"Snecko","floor":30,"turns":4},{"damage":14,"enemies":"Gremlin Leader","floor":31,"turns":5},{"damage":37,"enemies":"Automaton","floor":33,"turns":6},{"damage":45,"enemies":"3 Darklings","floor":35,"turns":4},{"damage":3,"enemies":"Orb Walker","floor":37,"turns":1},{"damage":5,"enemies":"Mind Bloom Boss Battle","floor":38,"turns":5},{"damage":46,"enemies":"Reptomancer","floor":40,"turns":3},{"damage":19,"enemies":"Nemesis","floor":42,"turns":3},{"damage":12,"enemies":"4 Shapes","floor":45,"turns":3},{"damage":32,"enemies":"Spire Growth","floor":48,"turns":4},{"damage":64,"enemies":"Time Eater","floor":50,"turns":5}],"seed_played":"-2395042517037246410","potions_obtained":[{"floor":3,"key":"SteroidPotion"},{"floor":11,"key":"Block Potion"},{"floor":13,"key":"Ancient Potion"},{"floor":24,"key":"Block Potion"},{"floor":29,"key":"BloodPotion"},{"floor":31,"key":"Weak Potion"},{"floor":38,"key":"PowerPotion"},{"floor":48,"key":"FearPotion"}],"is_trial":false,"path_per_floor":["M","?","M","T","$","E","R","E","T","?","M","R","E","$","R","B",null,"M","$","?","$","?","R","E","?","T","?","E","M","M","E","R","B",null,"M","?","M","?","T","E","R","E","T","$","M","R","?","M","R","B",null],"character_chosen":"IRONCLAD","items_purchased":["Inflame+1","Mayhem+1","War Paint","Apotheosis","StoneCalendar"],"campfire_rested":0,"item_purchase_floors":[5,14,19,44,44],"current_hp_per_floor":[78,71,77,77,77,80,80,75,75,78,80,80,73,73,73,46,72,62,62,62,62,62,62,60,60,60,60,65,76,80,80,80,67,77,56,61,67,80,80,78,78,77,77,77,86,86,86,83,83,44],"gold":18,"neow_bonus":"THREE_ENEMY_KILL","is_prod":false,"is_daily":false,"chose_seed":false,"campfire_upgraded":8,"win_rate":0,"timestamp":1552343948,"path_taken":["M","?","M","?","$","E","R","E","T","?","M","R","E","?","R","BOSS","M","$","?","$","?","R","E","?","T","?","E","M","M","E","R","BOSS","M","?","?","?","?","E","R","E","T","$","M","R","?","M","R","BOSS"],"build_version":"2019-01-23","purchased_purges":0,"victory":true,"max_hp_per_floor":[80,80,80,80,80,80,80,80,80,80,80,80,80,80,80,80,80,80,80,80,80,80,80,80,80,80,80,80,80,80,80,80,80,80,80,80,80,80,80,82,82,84,84,84,86,86,86,88,88,88],"card_choices":[{"not_picked":["Armaments","Perfected Strike"],"picked":"Feel No Pain","floor":1},{"not_picked":["Headbutt","Flex"],"picked":"Shrug It Off","floor":3},{"not_picked":["Ghostly Armor","Flex"],"picked":"Corruption+1","floor":6},{"not_picked":["Twin Strike","Headbutt"],"picked":"Battle Trance","floor":8},{"not_picked":["Clothesline","Burning Pact"],"picked":"Heavy Blade","floor":10},{"not_picked":["Rupture+1","Armaments"],"picked":"Demon Form+1","floor":11},{"not_picked":["Clothesline","Battle Trance","Sword Boomerang"],"picked":"SKIP","floor":13},{"not_picked":["Juggernaut+1","Double Tap"],"picked":"Limit Break","floor":16},{"not_picked":["Shrug It Off","Sentinel"],"picked":"Pommel Strike+1","floor":18},{"not_picked":["Intimidate","Sever Soul","Burning Pact"],"picked":"SKIP","floor":24},{"not_picked":["Headbutt","Dropkick"],"picked":"Cleave","floor":28},{"not_picked":["Burning Pact","Clothesline"],"picked":"Second Wind+1","floor":29},{"not_picked":["Rage","Warcry"],"picked":"Body Slam+1","floor":30},{"not_picked":["Clothesline","Anger","Pommel Strike"],"picked":"SKIP","floor":31},{"not_picked":["Offering","Barricade+1"],"picked":"Reaper","floor":33},{"not_picked":["Searing Blow"],"picked":"SKIP","floor":35},{"not_picked":["Rage"],"picked":"SKIP","floor":37},{"not_picked":["True Grit+1"],"picked":"Singing Bowl","floor":40},{"not_picked":["Intimidate+1"],"picked":"Singing Bowl","floor":42},{"not_picked":["Headbutt+1"],"picked":"Singing Bowl","floor":45},{"not_picked":["Clash+1"],"picked":"Singing Bowl","floor":48}],"player_experience":1497642,"relics_obtained":[{"floor":4,"key":"Frozen Egg 2"},{"floor":4,"key":"Self Forming Clay"},{"floor":6,"key":"Paper Frog"},{"floor":8,"key":"Orichalcum"},{"floor":9,"key":"Tiny Chest"},{"floor":9,"key":"Blood Vial"},{"floor":10,"key":"Odd Mushroom"},{"floor":13,"key":"Omamori"},{"floor":24,"key":"Bag of Marbles"},{"floor":26,"key":"PreservedInsect"},{"floor":28,"key":"Letter Opener"},{"floor":31,"key":"Happy Flower"},{"floor":38,"key":"Dead Branch"},{"floor":39,"key":"Singing Bowl"},{"floor":40,"key":"Centennial Puzzle"},{"floor":42,"key":"Gremlin Horn"},{"floor":43,"key":"Lantern"}],"event_choices":[{"damage_healed":0,"gold_gain":0,"player_choice":"Success","damage_taken":7,"relics_obtained":["Matryoshka"],"max_hp_gain":0,"max_hp_loss":0,"event_name":"Scrap Ooze","floor":2,"gold_loss":0},{"damage_healed":0,"gold_gain":0,"player_choice":"Fought Mushrooms","damage_taken":0,"max_hp_gain":0,"max_hp_loss":0,"event_name":"Mushrooms","floor":10,"gold_loss":0},{"damage_healed":0,"gold_gain":0,"player_choice":"Opened","damage_taken":0,"relics_obtained":["Magic Flower"],"max_hp_gain":0,"max_hp_loss":0,"event_name":"The Mausoleum","floor":20,"gold_loss":0,"cards_obtained":["Writhe"]},{"damage_healed":0,"gold_gain":0,"player_choice":"Became a vampire (Vial)","damage_taken":0,"max_hp_gain":0,"max_hp_loss":0,"event_name":"Vampires","floor":22,"relics_lost":["Blood Vial"],"gold_loss":0,"cards_obtained":["Bite","Bite","Bite","Bite","Bite"]},{"damage_healed":0,"gold_gain":0,"player_choice":"Obtain J.A.X.","damage_taken":0,"max_hp_gain":0,"max_hp_loss":0,"event_name":"Drug Dealer","floor":25,"gold_loss":0,"cards_obtained":["J.A.X."]},{"damage_healed":0,"gold_gain":0,"player_choice":"Ignored","damage_taken":0,"max_hp_gain":0,"max_hp_loss":0,"event_name":"Beggar","floor":27,"gold_loss":0},{"cards_removed":["Bite"],"damage_healed":5,"gold_gain":0,"player_choice":"Offered Special","damage_taken":0,"max_hp_gain":0,"max_hp_loss":0,"event_name":"Bonfire Elementals","floor":36,"gold_loss":0},{"damage_healed":0,"gold_gain":0,"player_choice":"Fight","damage_taken":0,"max_hp_gain":0,"max_hp_loss":0,"event_name":"MindBloom","floor":38,"gold_loss":0},{"damage_healed":0,"gold_gain":0,"player_choice":"Paid","damage_taken":0,"relics_obtained":["Red Mask"],"max_hp_gain":0,"max_hp_loss":0,"event_name":"Tomb of Lord Red Mask","floor":47,"gold_loss":23}],"is_beta":false,"boss_relics":[{"not_picked":["Black Star","Astrolabe"],"picked":"Cursed Key"},{"not_picked":["Tiny House","Coffee Dripper"],"picked":"Busted Crown"}],"items_purged_floors":[],"is_endless":false,"potions_floor_spawned":[3,11,13,24,29,31,33,37,38,48],"ascension_level":10}