{"gold_per_floor":[114,129,79,79,254,254,279,279,279,293,306,306,339,364,364,483,483,502,518,518,47,146,146,162,162,210,210,210,223,223,223,223,354,354,378,403,403,418,418],"floor_reached":39,"playtime":2088,"items_purged":[],"score":431,"play_id":"c9abf74f-6464-43d1-9793-bfb857f98604","local_time":"20181103170545","is_ascension_mode":false,"campfire_choices":[{"data":"Bash","floor":6,"key":"SMITH"},{"floor":12,"key":"REST"},{"floor":15,"key":"REST"},{"floor":23,"key":"DIG"},{"floor":25,"key":"REST"},{"floor":27,"key":"REST"},{"floor":30,"key":"REST"},{"floor":32,"key":"DIG"}],"neow_cost":"PERCENT_DAMAGE","seed_source_timestamp":415636933760800,"circlet_count":0,"master_deck":["Defend_R","Defend_R","Defend_R","Defend_R","Bash+1","Rupture","Rupture","Injury","Doubt","Armaments","Metallicize","Brutality","Cleave","Flex+1","Limit Break+1","Shrug It Off+1","Headbutt","Bite","Bite","Bite","Bite","Bite","Warcry+1","Dropkick+1","Heavy Blade","Demon Form","Blood for Blood+1","True Grit+1","Madness+1","Madness+1"],"relics":["Burning Blood","Golden Idol","The Courier","Pen Nib","Toxic Egg 2","Runic Pyramid","Potion Belt","Blood Vial","Shovel","Bottled Lightning","Art of War","Bag of Marbles","Fusion Hammer"],"potions_floor_usage":[18,18,18,35,39,39],"damage_taken":[{"damage":7,"enemies":"Small Slimes","floor":1,"turns":4},{"damage":2,"enemies":"Cultist","floor":2,"turns":5},{"damage":5,"enemies":"Jaw Worm","floor":7,"turns":5},{"damage":16,"enemies":"Blue Slaver","floor":10,"turns":8},{"damage":3,"enemies":"2 Fungi Beasts","floor":11,"turns":7},{"damage":29,"enemies":"Gremlin Nob","floor":13,"turns":5},{"damage":15,"enemies":"Red Slaver","floor":14,"turns":5},{"damage":49,"enemies":"Slime Boss","floor":16,"turns":11},{"damage":36,"enemies":"2 Thieves","floor":18,"turns":4},{"damage":32,"enemies":"3 Byrds","floor":19,"turns":6},{"damage":32,"enemies":"Cultist and Chosen","floor":24,"turns":7},{"damage":35,"enemies":"Colosseum Slavers","floor":28,"turns":5},{"damage":26,"enemies":"Centurion and Healer","floor":29,"turns":7},{"damage":61,"enemies":"Automaton","floor":33,"turns":9},{"damage":10,"enemies":"3 Darklings","floor":35,"turns":6},{"damage":18,"enemies":"3 Shapes","floor":36,"turns":5},{"damage":38,"enemies":"Sphere and 2 Shapes","floor":38,"turns":5},{"damage":42,"enemies":"Jaw Worm Horde","floor":39,"turns":2}],"seed_played":"7597932760708532789","potions_obtained":[{"floor":1,"key":"Poison Potion"},{"floor":11,"key":"Block Potion"},{"floor":16,"key":"PowerPotion"},{"floor":29,"key":"Ancient Potion"},{"floor":33,"key":"FearPotion"},{"floor":36,"key":"Energy Potion"}],"is_trial":false,"path_per_floor":["M","M","?","?","?","R","M","?","T","M","M","R","E","M","R","B",null,"M","M","?","$","?","R","M","R","T","R","?","M","R","?","R","B",null,"M","M","?","M"],"character_chosen":"IRONCLAD","items_purchased":["Potion Belt","Blood Vial","Shovel"],"campfire_rested":5,"item_purchase_floors":[21,21,21],"current_hp_per_floor":[71,75,75,75,75,75,76,64,64,54,57,85,62,53,81,38,96,66,40,40,40,40,40,29,49,49,67,45,39,59,59,59,18,67,67,63,55,31,0],"gold":418,"neow_bonus":"TWENTY_PERCENT_HP_BONUS","is_prod":false,"is_daily":false,"chose_seed":false,"campfire_upgraded":1,"win_rate":0,"timestamp":1541261145,"path_taken":["M","M","?","?","?","R","?","?","T","M","M","R","E","M","R","BOSS","M","M","?","$","?","R","?","R","T","R","?","M","R","?","R","BOSS","M","M","?","?","M"],"build_version":"2018-10-25v2","purchased_purges":0,"victory":false,"max_hp_per_floor":[96,96,96,96,96,96,96,96,96,96,96,96,96,96,96,96,96,96,96,67,67,67,67,67,67,67,67,67,67,67,67,67,67,67,67,67,67,67,67],"card_choices":[{"not_picked":["Searing Blow","Body Slam"],"picked":"Rupture","floor":1},{"not_picked":["Dropkick","Havoc"],"picked":"Rupture","floor":2},{"not_picked":["Thunderclap","Sword Boomerang"],"picked":"Armaments","floor":7},{"not_picked":["Feel No Pain","Pummel"],"picked":"Metallicize","floor":10},{"not_picked":["Clothesline","Rampage"],"picked":"Brutality","floor":11},{"not_picked":["Disarm","Wild Strike"],"picked":"Cleave","floor":13},{"not_picked":["Searing Blow","Thunderclap"],"picked":"Flex+1","floor":14},{"not_picked":["Offering+1","Berserk"],"picked":"Limit Break+1","floor":16},{"not_picked":["Carnage","Perfected Strike"],"picked":"Shrug It Off+1","floor":18},{"not_picked":["Rage+1","Pommel Strike"],"picked":"Headbutt","floor":19},{"not_picked":["Sword Boomerang","Shrug It Off+1"],"picked":"Warcry+1","floor":24},{"not_picked":["Disarm+1","Feel No Pain"],"picked":"Dropkick+1","floor":29},{"not_picked":["Feed","Brutality"],"picked":"Demon Form","floor":33},{"not_picked":["Warcry+1","Anger+1"],"picked":"Blood for Blood+1","floor":35},{"not_picked":["Sever Soul+1","Shrug It Off+1"],"picked":"True Grit+1","floor":36},{"not_picked":["Feel No Pain","Headbutt","Armaments+1"],"picked":"SKIP","floor":38}],"player_experience":837689,"relics_obtained":[{"floor":9,"key":"Pen Nib"},{"floor":13,"key":"Toxic Egg 2"},{"floor":23,"key":"Bottled Lightning"},{"floor":26,"key":"Art of War"},{"floor":32,"key":"Bag of Marbles"}],"event_choices":[{"cards_removed":["Strike_R"],"damage_healed":0,"gold_gain":0,"player_choice":"Card Removal","damage_taken":0,"max_hp_gain":0,"max_hp_loss":0,"event_name":"The Cleric","floor":3,"gold_loss":50},{"damage_healed":0,"gold_gain":0,"player_choice":"Take Wound","damage_taken":0,"relics_obtained":["Golden Idol"],"max_hp_gain":0,"max_hp_loss":0,"event_name":"Golden Idol","floor":4,"gold_loss":0,"cards_obtained":["Injury"]},{"damage_healed":0,"gold_gain":175,"player_choice":"AGREE","damage_taken":0,"max_hp_gain":0,"max_hp_loss":0,"event_name":"Liars Game","floor":5,"gold_loss":0,"cards_obtained":["Doubt"]},{"damage_healed":0,"gold_gain":0,"player_choice":"Success","damage_taken":12,"relics_obtained":["The Courier"],"max_hp_gain":0,"max_hp_loss":0,"event_name":"Scrap Ooze","floor":8,"gold_loss":0},{"damage_healed":0,"gold_gain":0,"player_choice":"Became a vampire","damage_taken":0,"max_hp_gain":0,"max_hp_loss":29,"event_name":"Vampires","floor":20,"gold_loss":0,"cards_obtained":["Bite","Bite","Bite","Bite","Bite"]},{"damage_healed":0,"gold_gain":99,"player_choice":"Stole From Cult","damage_taken":0,"max_hp_gain":0,"max_hp_loss":0,"event_name":"Nest","floor":22,"gold_loss":0},{"damage_healed":0,"gold_gain":0,"player_choice":"Fight","damage_taken":0,"max_hp_gain":0,"max_hp_loss":0,"event_name":"Colosseum","floor":28,"gold_loss":0},{"damage_healed":0,"gold_gain":0,"player_choice":"Fled From Nobs","damage_taken":0,"max_hp_gain":0,"max_hp_loss":0,"event_name":"Colosseum","floor":28,"gold_loss":0},{"damage_healed":0,"gold_gain":0,"player_choice":"Read","damage_taken":0,"max_hp_gain":0,"max_hp_loss":0,"event_name":"The Library","floor":31,"gold_loss":0,"cards_obtained":["Heavy Blade"]},{"damage_healed":0,"gold_gain":0,"player_choice":"Embrace Madness","damage_taken":8,"max_hp_gain":0,"max_hp_loss":0,"event_name":"Winding Halls","floor":37,"gold_loss":0,"cards_obtained":["Madness","Madness"]}],"is_beta":false,"boss_relics":[{"not_picked":["Snecko Eye","Sozu"],"picked":"Runic Pyramid"},{"not_picked":["Philosopher\u0027s Stone","Cursed Key"],"picked":"Fusion Hammer"}],"items_purged_floors":[],"is_endless":false,"potions_floor_spawned":[1,11,16,28,29,33,36],"killed_by":"Jaw Worm Horde","ascension_level":0}