{"gold_per_floor":[112,187,199,19,19,19,51,51,51,70,70,90,101,115,115,220,220,230,230,145,160,160,160,195,215,215,247,247,77,87,64,64,64],"floor_reached":33,"playtime":1272,"items_purged":["Strike_G","Strike_G"],"score":372,"play_id":"9c216eca-b37c-4cfc-ad89-9b8d070f4a4e","local_time":"20190224191948","is_ascension_mode":true,"campfire_choices":[{"data":"Dagger Spray","floor":6,"key":"SMITH"},{"data":"Neutralize","floor":8,"key":"SMITH"},{"floor":15,"key":"REST"},{"data":"Glass Knife","floor":23,"key":"SMITH"},{"floor":28,"key":"REST"},{"floor":32,"key":"REST"}],"neow_cost":"NONE","seed_source_timestamp":28675131931390,"circlet_count":0,"master_deck":["Defend_G","Defend_G+1","Defend_G+1","Defend_G","Defend_G","Strike_G+1","Strike_G","Survivor","Neutralize+1","Escape Plan","Dagger Spray+1","Accuracy","Dagger Spray+1","Deflect","Deflect","Deflect","Dagger Throw","Acrobatics","Glass Knife+1","Outmaneuver","Footwork","Infinite Blades","Dagger Spray+1","Noxious Fumes","Backflip+1","Cloak And Dagger","Dagger Throw"],"relics":["Ring of the Snake","NeowsBlessing","Whetstone","Ornamental Fan","Busted Crown","PreservedInsect","Meat on the Bone","Anchor","Dream Catcher"],"potions_floor_usage":[16,16,16,24,25,25],"damage_taken":[{"damage":0,"enemies":"2 Louse","floor":1,"turns":1},{"damage":0,"enemies":"Small Slimes","floor":3,"turns":1},{"damage":0,"enemies":"Lagavulin","floor":7,"turns":1},{"damage":0,"enemies":"Cultist","floor":10,"turns":3},{"damage":1,"enemies":"Blue Slaver","floor":12,"turns":4},{"damage":0,"enemies":"3 Louse","floor":13,"turns":2},{"damage":0,"enemies":"2 Fungi Beasts","floor":14,"turns":2},{"damage":63,"enemies":"Hexaghost","floor":16,"turns":19},{"damage":0,"enemies":"3 Byrds","floor":18,"turns":6},{"damage":7,"enemies":"Spheric Guardian","floor":21,"turns":4},{"damage":38,"enemies":"Gremlin Leader","floor":24,"turns":7},{"damage":0,"enemies":"Centurion and Healer","floor":25,"turns":6},{"damage":7,"enemies":"Slavers","floor":27,"turns":4},{"damage":17,"enemies":"Chosen and Byrds","floor":30,"turns":6},{"damage":71,"enemies":"Champ","floor":33,"turns":10}],"seed_played":"8362256266300852295","potions_obtained":[{"floor":1,"key":"Regen Potion"},{"floor":3,"key":"SkillPotion"},{"floor":10,"key":"Strength Potion"},{"floor":16,"key":"SteroidPotion"},{"floor":18,"key":"Energy Potion"},{"floor":24,"key":"Weak Potion"}],"is_trial":false,"path_per_floor":["M","?","M","$","?","R","E","R","T","M","?","M","M","M","R","B",null,"M","$","?","M","?","R","E","M","T","E","R","$","M","$","R","B"],"character_chosen":"THE_SILENT","items_purchased":["Accuracy","Dagger Spray","Noxious Fumes","Cloak And Dagger"],"campfire_rested":3,"item_purchase_floors":[4,4,29,31],"current_hp_per_floor":[70,59,59,59,59,59,59,59,59,59,45,44,44,44,65,11,70,70,70,70,63,50,50,12,24,24,29,51,51,46,46,68,0],"gold":64,"neow_bonus":"THREE_ENEMY_KILL","is_prod":false,"is_daily":false,"chose_seed":false,"campfire_upgraded":3,"win_rate":0,"timestamp":1551064788,"path_taken":["M","?","M","$","?","R","E","R","T","?","?","M","M","M","R","BOSS","M","$","?","M","?","R","E","M","T","E","R","$","M","$","R","BOSS"],"build_version":"2019-01-23","purchased_purges":2,"victory":false,"max_hp_per_floor":[70,70,70,70,70,70,70,70,70,70,70,70,70,70,70,70,70,70,70,70,70,75,75,75,75,75,75,75,75,75,75,75,75],"card_choices":[{"not_picked":["Sucker Punch","Poisoned Stab"],"picked":"Escape Plan","floor":1},{"not_picked":["Flying Knee","Setup"],"picked":"Dagger Spray","floor":3},{"not_picked":["Setup","Reflex"],"picked":"Deflect","floor":7},{"not_picked":["Reflex","Quick Slash"],"picked":"Deflect","floor":10},{"not_picked":["Reflex","Prepared"],"picked":"Deflect","floor":12},{"not_picked":["Unload","Prepared"],"picked":"Dagger Throw","floor":13},{"not_picked":["Setup","Prepared"],"picked":"Acrobatics","floor":14},{"not_picked":["Night Terror","A Thousand Cuts"],"picked":"Glass Knife","floor":16},{"not_picked":["Skewer"],"picked":"SKIP","floor":18},{"not_picked":[],"picked":"Outmaneuver","floor":21},{"not_picked":["Calculated Gamble+1"],"picked":"SKIP","floor":24},{"not_picked":[],"picked":"Footwork","floor":25},{"not_picked":[],"picked":"Infinite Blades","floor":27},{"not_picked":[],"picked":"Dagger Spray+1","floor":28},{"not_picked":[],"picked":"Backflip+1","floor":30},{"not_picked":[],"picked":"Dagger Throw","floor":32}],"player_experience":264742,"relics_obtained":[{"floor":7,"key":"Whetstone"},{"floor":9,"key":"Ornamental Fan"},{"floor":24,"key":"Meat on the Bone"},{"floor":26,"key":"Anchor"},{"floor":27,"key":"Dream Catcher"}],"event_choices":[{"damage_healed":0,"gold_gain":75,"player_choice":"Gather Gold","damage_taken":11,"max_hp_gain":0,"max_hp_loss":0,"event_name":"World of Goop","floor":2,"gold_loss":0},{"cards_removed":["Strike_G"],"damage_healed":0,"gold_gain":0,"player_choice":"Purged","damage_taken":0,"max_hp_gain":0,"max_hp_loss":0,"event_name":"Purifier","floor":5,"gold_loss":0},{"damage_healed":0,"gold_gain":0,"player_choice":"Entered Light","damage_taken":14,"max_hp_gain":0,"max_hp_loss":0,"event_name":"Shining Light","floor":11,"gold_loss":0,"cards_upgraded":["Defend_G","Defend_G"]},{"damage_healed":0,"gold_gain":0,"player_choice":"Obtained Relic","damage_taken":0,"relics_obtained":["PreservedInsect"],"max_hp_gain":0,"max_hp_loss":0,"event_name":"Addict","floor":20,"gold_loss":85},{"damage_healed":0,"gold_gain":0,"player_choice":"Shed Blood","damage_taken":18,"max_hp_gain":5,"max_hp_loss":0,"event_name":"Forgotten Altar","floor":22,"gold_loss":0}],"is_beta":false,"boss_relics":[{"not_picked":["Ring of the Serpent","White Beast Statue"],"picked":"Busted Crown"}],"items_purged_floors":[4,29],"is_endless":false,"potions_floor_spawned":[1,3,10,16,18,24],"killed_by":"Champ","ascension_level":4}