{"gold_per_floor":[109,74,349,369,369,394,166,181,181,213,213,231,231,258,258,356,356,367,292,292,109,124,124,154,154,204,230,242,242,253,263,263,263],"floor_reached":33,"playtime":1767,"items_purged":["Pain","Regret"],"score":443,"play_id":"ef581fd8-6eba-4410-9d1f-1b7c3cf81edd","local_time":"20181215000527","is_ascension_mode":true,"campfire_choices":[{"floor":11,"key":"REST"},{"floor":13,"key":"REST"},{"data":"Noxious Fumes","floor":15,"key":"SMITH"},{"floor":23,"key":"REST"},{"floor":25,"key":"REST"},{"floor":29,"key":"REST"},{"floor":32,"key":"REST"}],"neow_cost":"NONE","seed_source_timestamp":21697233621400,"circlet_count":0,"master_deck":["Defend_G","Defend_G","Defend_G","Defend_G","Defend_G","Strike_G","Strike_G","Strike_G","Strike_G","Survivor","Neutralize","Backstab","Noxious Fumes+1","Setup","Caltrops","Deadly Poison","Poisoned Stab","Phantasmal Killer","Normality","Parasite","Footwork+1","Crippling Poison","Dramatic Entrance","PiercingWail"],"relics":["Ring of the Snake","NeowsBlessing","WarpedTongs","Ice Cream","Snake Skull","Letter Opener","Oddly Smooth Stone","Blood Vial","Calling Bell","Omamori","Shuriken","Unceasing Top","Gremlin Horn","Juzu Bracelet","Sundial"],"potions_floor_usage":[14,16,24,24,30,33,33],"damage_taken":[{"damage":0,"enemies":"Jaw Worm","floor":1,"turns":1},{"damage":0,"enemies":"Cultist","floor":4,"turns":1},{"damage":0,"enemies":"Lagavulin","floor":6,"turns":1},{"damage":0,"enemies":"2 Louse","floor":8,"turns":2},{"damage":32,"enemies":"Gremlin Nob","floor":10,"turns":5},{"damage":3,"enemies":"Blue Slaver","floor":12,"turns":3},{"damage":3,"enemies":"Lagavulin","floor":14,"turns":6},{"damage":8,"enemies":"The Guardian","floor":16,"turns":8},{"damage":19,"enemies":"Shell Parasite","floor":18,"turns":7},{"damage":12,"enemies":"3 Byrds","floor":22,"turns":4},{"damage":20,"enemies":"Slavers","floor":24,"turns":5},{"damage":16,"enemies":"Gremlin Leader","floor":27,"turns":6},{"damage":13,"enemies":"Shelled Parasite and Fungi","floor":28,"turns":4},{"damage":15,"enemies":"3 Cultists","floor":30,"turns":5},{"damage":16,"enemies":"Snecko","floor":31,"turns":6},{"damage":66,"enemies":"Collector","floor":33,"turns":5}],"seed_played":"-6931326135347190571","potions_obtained":[{"floor":4,"key":"Ancient Potion"},{"floor":8,"key":"Energy Potion"},{"floor":10,"key":"Block Potion"},{"floor":16,"key":"Fire Potion"},{"floor":22,"key":"Block Potion"},{"floor":27,"key":"Swift Potion"},{"floor":28,"key":"Explosive Potion"}],"is_trial":false,"path_per_floor":["M","$","?","M","?","E","$","M","T","E","R","M","R","E","R","B",null,"M","?","?","$","M","R","E","R","T","E","M","R","M","M","R","B"],"character_chosen":"THE_SILENT","items_purchased":["Noxious Fumes","Snake Skull","Dramatic Entrance"],"campfire_rested":6,"item_purchase_floors":[2,7,21],"current_hp_per_floor":[63,63,63,63,63,63,63,63,63,31,52,49,70,67,67,61,68,51,51,51,51,41,62,44,65,65,51,40,61,48,34,55,0],"gold":263,"neow_bonus":"THREE_ENEMY_KILL","is_prod":false,"is_daily":false,"chose_seed":false,"campfire_upgraded":1,"win_rate":0,"timestamp":1544828727,"path_taken":["M","$","?","?","?","E","$","?","T","E","R","M","R","E","R","BOSS","M","?","?","$","?","R","E","R","T","E","M","R","M","M","R","BOSS"],"build_version":"2018-12-13","purchased_purges":2,"victory":false,"max_hp_per_floor":[70,70,70,70,70,70,70,70,70,70,70,70,70,70,70,70,70,70,70,70,70,70,70,70,70,70,70,70,70,70,70,70,70],"card_choices":[{"not_picked":["Backflip","Cloak And Dagger"],"picked":"Backstab","floor":1},{"not_picked":["Underhanded Strike","Prepared","Dagger Throw"],"picked":"SKIP","floor":4},{"not_picked":["Die Die Die","Underhanded Strike"],"picked":"Setup","floor":6},{"not_picked":["Masterful Stab","Cloak And Dagger"],"picked":"Caltrops","floor":8},{"not_picked":["Accuracy","Endless Agony"],"picked":"Deadly Poison","floor":10},{"not_picked":["Reflex","Skewer","Concentrate"],"picked":"SKIP","floor":12},{"not_picked":["PiercingWail","Underhanded Strike"],"picked":"Poisoned Stab","floor":14},{"not_picked":["Unload","Grand Finale"],"picked":"Phantasmal Killer","floor":16},{"not_picked":["Bane","Quick Slash"],"picked":"Footwork+1","floor":18},{"not_picked":["Quick Slash+1","Dodge and Roll+1","Outmaneuver"],"picked":"SKIP","floor":22},{"not_picked":["Outmaneuver","Dodge and Roll","Cloak And Dagger"],"picked":"SKIP","floor":24},{"not_picked":["Concentrate","Flying Knee","Outmaneuver"],"picked":"SKIP","floor":27},{"not_picked":["Cloak And Dagger","Bane","Wraith Form v2"],"picked":"SKIP","floor":28},{"not_picked":["Flying Knee","Slice","Underhanded Strike"],"picked":"SKIP","floor":30},{"not_picked":["Slice+1","Tactician"],"picked":"PiercingWail","floor":31}],"player_experience":1043155,"relics_obtained":[{"floor":6,"key":"Ice Cream"},{"floor":9,"key":"Letter Opener"},{"floor":10,"key":"Oddly Smooth Stone"},{"floor":14,"key":"Blood Vial"},{"floor":17,"key":"Omamori"},{"floor":17,"key":"Shuriken"},{"floor":17,"key":"Unceasing Top"},{"floor":24,"key":"Gremlin Horn"},{"floor":26,"key":"Juzu Bracelet"},{"floor":27,"key":"Sundial"}],"event_choices":[{"damage_healed":0,"gold_gain":275,"player_choice":"Desecrate","damage_taken":0,"max_hp_gain":0,"max_hp_loss":0,"event_name":"Golden Shrine","floor":3,"gold_loss":0,"cards_obtained":["Regret"]},{"damage_healed":0,"gold_gain":0,"player_choice":"Rummage","damage_taken":0,"relics_obtained":["WarpedTongs"],"max_hp_gain":0,"max_hp_loss":0,"event_name":"Accursed Blacksmith","floor":5,"gold_loss":0,"cards_obtained":["Pain"]},{"cards_removed":["Pain"],"damage_healed":0,"gold_gain":0,"player_choice":"Gave Gold","damage_taken":0,"max_hp_gain":0,"max_hp_loss":0,"event_name":"Beggar","floor":19,"gold_loss":75},{"damage_healed":0,"gold_gain":0,"cards_transformed":["Strike_G"],"player_choice":"Transformed","damage_taken":0,"max_hp_gain":0,"max_hp_loss":0,"event_name":"Transmorgrifier","floor":20,"gold_loss":0,"cards_obtained":["Crippling Poison"]}],"is_beta":false,"boss_relics":[{"not_picked":["Philosopher\u0027s Stone","Tiny House"],"picked":"Calling Bell"}],"items_purged_floors":[7,21],"is_endless":false,"potions_floor_spawned":[4,8,10,16,22,27,28],"killed_by":"Collector","ascension_level":7}