{"gold_per_floor":[12,12,12,12,28,28,57,57,80,80,90,15,15,79,79,202,202,223,27,27,0,16,16],"floor_reached":23,"playtime":1144,"items_purged":["Strike_R"],"score":269,"play_id":"d92211a0-d673-45de-aa53-c6a0db8fb816","local_time":"20181029213522","is_ascension_mode":true,"campfire_choices":[{"data":"Defend_R","floor":6,"key":"SMITH"},{"floor":8,"key":"REST"},{"floor":15,"key":"REST"}],"neow_cost":"NO_GOLD","seed_source_timestamp":758984628500,"circlet_count":0,"master_deck":["Strike_R","Strike_R","Strike_R","Strike_R","Defend_R","Defend_R","Defend_R","Defend_R+1","Bash+1","Thunderclap","Dropkick","Inflame","Injury","Reaper","Warcry","Limit Break","Shrug It Off+1","Heavy Blade"],"relics":["Burning Blood","Incense Burner","Dream Catcher","Golden Idol","Tiny Chest","Black Star","Brimstone","NlothsMask"],"potions_floor_usage":[18],"damage_taken":[{"damage":4,"enemies":"Jaw Worm","floor":1,"turns":5},{"damage":6,"enemies":"Cultist","floor":5,"turns":3},{"damage":26,"enemies":"Gremlin Nob","floor":7,"turns":4},{"damage":0,"enemies":"2 Louse","floor":11,"turns":2},{"damage":45,"enemies":"Lagavulin","floor":14,"turns":8},{"damage":61,"enemies":"Slime Boss","floor":16,"turns":14},{"damage":26,"enemies":"Chosen","floor":18,"turns":8},{"damage":28,"enemies":"Spheric Guardian","floor":22,"turns":4},{"damage":57,"enemies":"Book of Stabbing","floor":23,"turns":4}],"seed_played":"1980562518955891653","potions_obtained":[{"floor":11,"key":"Explosive Potion"},{"floor":14,"key":"Poison Potion"},{"floor":16,"key":"SpeedPotion"}],"is_trial":false,"path_per_floor":["M","$","?","$","M","R","E","R","T","?","M","$","?","E","R","B",null,"M","$","?","?","M"],"character_chosen":"IRONCLAD","items_purchased":["Brimstone"],"campfire_rested":2,"item_purchase_floors":[19],"current_hp_per_floor":[96,96,96,96,96,96,76,96,96,96,96,96,96,57,85,42,83,69,69,69,69,47,0],"gold":16,"neow_bonus":"TWENTY_PERCENT_HP_BONUS","is_prod":false,"is_daily":false,"chose_seed":false,"campfire_upgraded":1,"win_rate":0,"timestamp":1540845322,"path_taken":["M","$","?","$","?","R","E","R","T","?","M","$","?","E","R","BOSS","M","$","?","?","M","E"],"build_version":"2018-10-25v2","purchased_purges":1,"victory":false,"max_hp_per_floor":[96,96,96,96,96,96,96,96,96,96,96,96,96,96,96,96,96,96,96,96,96,96,96],"card_choices":[{"not_picked":["Sword Boomerang","Flex"],"picked":"Thunderclap","floor":1},{"not_picked":["Pommel Strike","Thunderclap"],"picked":"Dropkick","floor":5},{"not_picked":["Wild Strike","Intimidate"],"picked":"Inflame","floor":7},{"not_picked":["Sword Boomerang","Dropkick","Wild Strike"],"picked":"SKIP","floor":11},{"not_picked":["Anger","Exhume"],"picked":"Reaper","floor":14},{"not_picked":["Twin Strike","Wild Strike"],"picked":"Warcry","floor":15},{"not_picked":["Double Tap","Immolate"],"picked":"Limit Break","floor":16},{"not_picked":["Heavy Blade","Rage"],"picked":"Shrug It Off+1","floor":18},{"not_picked":["Anger","Havoc"],"picked":"Heavy Blade","floor":22}],"player_experience":801975,"relics_obtained":[{"floor":7,"key":"Incense Burner"},{"floor":9,"key":"Dream Catcher"},{"floor":14,"key":"Tiny Chest"}],"event_choices":[{"damage_healed":0,"gold_gain":0,"player_choice":"Upgraded","damage_taken":0,"max_hp_gain":0,"max_hp_loss":0,"event_name":"Upgrade Shrine","floor":3,"gold_loss":0,"cards_upgraded":["Bash"]},{"damage_healed":0,"gold_gain":0,"player_choice":"0 cards matched","damage_taken":0,"max_hp_gain":0,"max_hp_loss":0,"event_name":"Match and Keep!","floor":10,"gold_loss":0,"cards_obtained":[]},{"damage_healed":0,"gold_gain":0,"player_choice":"Take Wound","damage_taken":0,"relics_obtained":["Golden Idol"],"max_hp_gain":0,"max_hp_loss":0,"event_name":"Golden Idol","floor":13,"gold_loss":0,"cards_obtained":["Injury"]},{"damage_healed":0,"gold_gain":0,"player_choice":"Trade","damage_taken":0,"relics_obtained":["NlothsMask"],"max_hp_gain":0,"max_hp_loss":0,"event_name":"FaceTrader","floor":20,"gold_loss":0},{"damage_healed":0,"gold_gain":0,"player_choice":"Paid Fearfully","damage_taken":0,"max_hp_gain":0,"max_hp_loss":0,"event_name":"Masked Bandits","floor":21,"gold_loss":27}],"is_beta":false,"boss_relics":[{"not_picked":["Astrolabe","White Beast Statue"],"picked":"Black Star"}],"items_purged_floors":[12],"is_endless":false,"potions_floor_spawned":[11,14,16],"killed_by":"Book of Stabbing","ascension_level":5}