{"gold_per_floor":[114,129,79,94,150,180,180,80,135,135,135,150,165,180,180,280,280,295,295,310,310,325,325,355,355,380,395,410,425,440,0,0,100,100,115,115,115,130,145,45,45,45,45,75,90,105,120,135,135,135],"floor_reached":50,"playtime":2297,"items_purged":["Strike_R","Shame","Doubt"],"score":675,"play_id":"8819642b-aef2-4acd-9ec0-b0d65a9b71b4","local_time":"20190212220513","daily_mods":["Cursed Run","Uncertain Future","Night Terrors"],"is_ascension_mode":false,"campfire_choices":[{"data":"Heavy Blade","floor":7,"key":"SMITH"},{"data":"Bash","floor":10,"key":"SMITH"},{"floor":15,"key":"REST"},{"data":"Limit Break","floor":23,"key":"SMITH"},{"data":"Whirlwind","floor":25,"key":"SMITH"},{"floor":32,"key":"REST"},{"floor":42,"key":"REST"},{"floor":49,"key":"REST"}],"neow_cost":"","seed_source_timestamp":0,"circlet_count":0,"master_deck":["Strike_R+1","Strike_R+1","Strike_R+1","Defend_R","Defend_R","Defend_R","Defend_R","Bash+1","Evolve","Heavy Blade+1","Flex","Cleave+1","Shrug It Off","Barricade","Flame Barrier","Whirlwind+1","Limit Break+1","Sword Boomerang+1","Cleave+1","J.A.X.","Inflame","Writhe","Shrug It Off+1","Searing Blow+1","Seeing Red","Normality","Immolate","Anger+1","Dual Wield","Iron Wave+1","Normality","Armaments+1","Regret","Headbutt+1","Whirlwind+1","Cleave+1","Parasite","Iron Wave+1"],"special_seed":17940,"relics":["Cursed Key","Darkstone Periapt","Du-Vu Doll","Matryoshka","Vajra","Eternal Feather","Nloth\u0027s Gift","The Courier","Whetstone","Dream Catcher","Red Skull","Strawberry","Happy Flower","Fusion Hammer","Blood Vial","Bag of Marbles","Ancient Tea Set"],"potions_floor_usage":[16,33,48,50,50],"damage_taken":[{"damage":1,"enemies":"Jaw Worm","floor":1,"turns":3},{"damage":2,"enemies":"Small Slimes","floor":2,"turns":4},{"damage":0,"enemies":"2 Louse","floor":4,"turns":3},{"damage":27,"enemies":"Gremlin Nob","floor":6,"turns":4},{"damage":5,"enemies":"Lots of Slimes","floor":12,"turns":4},{"damage":0,"enemies":"2 Fungi Beasts","floor":13,"turns":3},{"damage":7,"enemies":"Blue Slaver","floor":14,"turns":2},{"damage":46,"enemies":"Slime Boss","floor":16,"turns":10},{"damage":20,"enemies":"2 Thieves","floor":18,"turns":3},{"damage":10,"enemies":"Spheric Guardian","floor":20,"turns":3},{"damage":3,"enemies":"Centurion and Healer","floor":22,"turns":3},{"damage":27,"enemies":"Book of Stabbing","floor":24,"turns":4},{"damage":9,"enemies":"Shelled Parasite and Fungi","floor":27,"turns":3},{"damage":0,"enemies":"Snake Plant","floor":28,"turns":2},{"damage":13,"enemies":"Snecko","floor":29,"turns":4},{"damage":15,"enemies":"3 Cultists","floor":30,"turns":4},{"damage":36,"enemies":"Automaton","floor":33,"turns":8},{"damage":0,"enemies":"3 Darklings","floor":35,"turns":1},{"damage":6,"enemies":"3 Shapes","floor":38,"turns":1},{"damage":0,"enemies":"Sphere and 2 Shapes","floor":39,"turns":1},{"damage":26,"enemies":"Nemesis","floor":44,"turns":3},{"damage":16,"enemies":"3 Darklings","floor":45,"turns":3},{"damage":2,"enemies":"Maw","floor":46,"turns":6},{"damage":0,"enemies":"Jaw Worm Horde","floor":47,"turns":2},{"damage":0,"enemies":"Writhing Mass","floor":48,"turns":2},{"damage":110,"enemies":"Time Eater","floor":50,"turns":9}],"seed_played":"420993889476971038","potions_obtained":[{"floor":1,"key":"Explosive Potion"},{"floor":2,"key":"Dexterity Potion"},{"floor":14,"key":"PowerPotion"},{"floor":16,"key":"Block Potion"},{"floor":20,"key":"SteroidPotion"},{"floor":38,"key":"AttackPotion"}],"is_trial":false,"path_per_floor":["M","M","?","M","?","E","R","$","T","R","?","M","M","M","R","B",null,"M","?","M","?","M","R","E","R","T","M","M","M","M","$","R","B",null,"M","?","?","M","M","$","T","R","T","E","M","M","M","M","R","B"],"character_chosen":"IRONCLAD","items_purchased":["Shrug It Off","Red Skull","Strawberry","Happy Flower"],"campfire_rested":4,"item_purchase_floors":[8,31,31,31],"current_hp_per_floor":[79,77,77,77,77,50,50,50,56,56,39,34,34,27,81,41,87,67,67,57,57,54,66,39,51,57,48,48,35,20,27,95,65,101,101,101,101,95,95,95,101,102,108,82,68,68,70,78,109,0],"gold":135,"neow_bonus":"","is_prod":false,"is_daily":true,"chose_seed":false,"campfire_upgraded":4,"win_rate":0,"timestamp":1550037913,"path_taken":["M","M","?","M","?","E","R","$","T","R","?","M","M","M","R","BOSS","M","?","?","?","M","R","E","R","T","M","M","M","M","$","R","BOSS","M","?","?","M","M","$","?","R","T","E","M","M","M","M","R","BOSS"],"build_version":"2019-01-23","purchased_purges":3,"victory":false,"max_hp_per_floor":[80,80,80,80,80,80,80,80,86,86,86,86,86,86,81,87,87,87,87,87,87,87,87,87,87,93,93,93,93,93,100,95,101,101,101,101,101,101,101,101,107,102,108,108,108,108,108,114,109,109],"card_choices":[{"not_picked":["Pummel","Warcry"],"picked":"Evolve","floor":1},{"not_picked":["Evolve","Headbutt"],"picked":"Heavy Blade","floor":2},{"not_picked":["Clothesline","Pummel"],"picked":"Flex","floor":4},{"not_picked":["Iron Wave","Flame Barrier"],"picked":"Cleave","floor":6},{"not_picked":["Flex","Anger"],"picked":"Barricade","floor":12},{"not_picked":["Iron Wave","Seeing Red"],"picked":"Flame Barrier","floor":13},{"not_picked":["Sword Boomerang","Warcry"],"picked":"Whirlwind","floor":14},{"not_picked":["Exhume","Berserk"],"picked":"Limit Break","floor":16},{"not_picked":["Clash","Body Slam+1"],"picked":"Sword Boomerang+1","floor":18},{"not_picked":["Reaper","Clothesline"],"picked":"Cleave+1","floor":20},{"not_picked":["Searing Blow","Perfected Strike","Thunderclap"],"picked":"SKIP","floor":22},{"not_picked":["Pommel Strike","Offering"],"picked":"Inflame","floor":24},{"not_picked":["Reckless Charge","Iron Wave"],"picked":"Shrug It Off+1","floor":27},{"not_picked":["Wild Strike","Anger"],"picked":"Searing Blow+1","floor":28},{"not_picked":["Juggernaut","True Grit","Anger"],"picked":"SKIP","floor":29},{"not_picked":["Feel No Pain","Headbutt","Warcry"],"picked":"SKIP","floor":30},{"not_picked":["Entrench","Second Wind+1"],"picked":"Seeing Red","floor":32},{"not_picked":["Exhume","Offering"],"picked":"Immolate","floor":33},{"not_picked":["Clash","Havoc"],"picked":"Anger+1","floor":35},{"not_picked":["Whirlwind","Headbutt+1"],"picked":"Dual Wield","floor":38},{"not_picked":["Twin Strike+1","Thunderclap"],"picked":"Iron Wave+1","floor":39},{"not_picked":["Warcry+1","Metallicize+1"],"picked":"Armaments+1","floor":42},{"not_picked":["Bloodletting","Offering"],"picked":"Headbutt+1","floor":44},{"not_picked":["Iron Wave","Clothesline","Perfected Strike"],"picked":"SKIP","floor":45},{"not_picked":["Clothesline+1","Clash+1"],"picked":"Whirlwind+1","floor":46},{"not_picked":["Body Slam","Clash+1"],"picked":"Cleave+1","floor":47},{"not_picked":["Barricade","Clothesline","Dark Embrace"],"picked":"SKIP","floor":48},{"not_picked":["Body Slam+1","Seeing Red"],"picked":"Iron Wave+1","floor":49}],"player_experience":249534,"relics_obtained":[{"floor":6,"key":"Matryoshka"},{"floor":9,"key":"Tiny Chest"},{"floor":9,"key":"Vajra"},{"floor":24,"key":"The Courier"},{"floor":26,"key":"Whetstone"},{"floor":26,"key":"Dream Catcher"},{"floor":41,"key":"Blood Vial"},{"floor":43,"key":"Bag of Marbles"},{"floor":44,"key":"Ancient Tea Set"}],"event_choices":[{"cards_removed":["Strike_R"],"damage_healed":0,"gold_gain":0,"player_choice":"Card Removal","damage_taken":0,"max_hp_gain":0,"max_hp_loss":0,"event_name":"The Cleric","floor":3,"gold_loss":50},{"damage_healed":0,"gold_gain":56,"player_choice":"Gained Gold","damage_taken":0,"max_hp_gain":0,"max_hp_loss":0,"event_name":"Golden Wing","floor":5,"gold_loss":0},{"damage_healed":0,"gold_gain":0,"player_choice":"Entered Light","damage_taken":17,"max_hp_gain":0,"max_hp_loss":0,"event_name":"Shining Light","floor":11,"gold_loss":0,"cards_upgraded":["Strike_R","Strike_R"]},{"damage_healed":0,"gold_gain":0,"player_choice":"Traded Relic","damage_taken":0,"relics_obtained":["Nloth\u0027s Gift"],"max_hp_gain":0,"max_hp_loss":0,"event_name":"N\u0027loth","floor":19,"relics_lost":["Tiny Chest"],"gold_loss":0},{"damage_healed":0,"gold_gain":0,"player_choice":"Obtain J.A.X.","damage_taken":0,"max_hp_gain":0,"max_hp_loss":0,"event_name":"Drug Dealer","floor":21,"gold_loss":0,"cards_obtained":["J.A.X."]},{"damage_healed":0,"gold_gain":0,"player_choice":"Ignored","damage_taken":0,"max_hp_gain":0,"max_hp_loss":0,"event_name":"Mysterious Sphere","floor":36,"gold_loss":0},{"damage_healed":0,"gold_gain":0,"player_choice":"Ignored","damage_taken":0,"max_hp_gain":0,"max_hp_loss":0,"event_name":"Tomb of Lord Red Mask","floor":37,"gold_loss":0}],"is_beta":false,"boss_relics":[{"not_picked":["Velvet Choker","Astrolabe"],"picked":"Eternal Feather"},{"not_picked":["Black Star","Coffee Dripper"],"picked":"Fusion Hammer"}],"items_purged_floors":[8,31,40],"is_endless":false,"potions_floor_spawned":[1,2,14,16,20,22,28,30,38,39,46,47],"killed_by":"Time Eater","ascension_level":0}