{"path_per_floor":["M","M","?","M","?","R","M","R","T","R","$","E","M","M","R","B",null,"M","$","?","?","M","R","M","?","T","T","?","E","R","M","R","B",null,"M","M","M","M","?","R","?","E","T","R","M","$","?","E","R","B"],"character_chosen":"IRONCLAD","items_purchased":["Bronze Scales","Double Tap","Orichalcum"],"gold_per_floor":[115,128,128,143,143,143,160,160,208,208,62,96,108,124,124,220,220,220,5,5,5,5,5,5,5,5,5,5,5,5,5,5,5,5,5,5,5,5,5,5,5,5,5,5,5,5,5,5,5,5],"floor_reached":51,"campfire_rested":4,"playtime":2902,"current_hp_per_floor":[74,74,67,60,65,65,40,65,65,65,65,56,65,41,68,22,94,59,59,59,43,43,71,66,66,66,66,66,68,100,100,100,87,106,109,111,104,99,99,99,99,104,104,104,112,112,97,105,105,46],"items_purged":[],"gold":5,"score":898,"play_id":"ce4136ee-ed67-479b-b517-e579a74d799c","local_time":"20180325153554","is_prod":false,"is_daily":false,"is_ascension_mode":true,"campfire_upgraded":6,"timestamp":1522017354,"path_taken":["M","M","?","?","?","R","M","R","T","R","$","E","M","M","R","BOSS","M","$","?","?","?","R","M","?","T","?","?","E","R","M","R","BOSS","M","M","?","M","?","R","?","E","T","R","?","?","?","E","R","BOSS"],"build_version":"2018-03-22v2","purchased_purges":0,"victory":true,"master_deck":["Strike_R","Strike_R","Strike_R","Defend_R","Defend_R","Defend_R","Defend_R+1","Bash","Second Wind+1","Demon Form+1","Pommel Strike","Heavy Blade+1","Cleave+1","Feed","Intimidate","Battle Trance","Barricade+1","Flame Barrier+1","Double Tap+1","Heavy Blade+1","True Grit+1","Impervious+1","Shrug It Off+1","Sentinel+1","Pommel Strike+1","Madness","Madness"],"max_hp_per_floor":[80,80,80,80,85,85,85,85,85,85,85,85,88,91,91,94,94,94,94,94,94,94,94,97,97,97,97,97,102,104,106,106,106,106,109,111,114,114,114,114,114,116,116,116,118,118,118,120,120,120],"relics":["Burning Blood","Dream Catcher","Bronze Scales","War Paint","Ectoplasm","Orichalcum","Enchiridion","Bag of Marbles","Bag of Preparation","Singing Bowl","Sozu","Matryoshka","Ancient Tea Set","Red Skull","Self Forming Clay"],"card_choices":[{"not_picked":["Body Slam","Hemokinesis"],"picked":"Demon Form","floor":1},{"not_picked":["Havoc","Twin Strike"],"picked":"Pommel Strike","floor":2},{"not_picked":["Sever Soul","Reckless Charge"],"picked":"Heavy Blade","floor":4},{"not_picked":["Anger","Clash"],"picked":"Cleave","floor":7},{"not_picked":["Twin Strike","Flex"],"picked":"Feed","floor":12},{"not_picked":["Reckless Charge","Armaments"],"picked":"Intimidate","floor":14},{"not_picked":["Heavy Blade","True Grit"],"picked":"Battle Trance","floor":15},{"not_picked":["Fiend Fire","Reaper"],"picked":"Barricade","floor":16},{"not_picked":["Searing Blow","Warcry"],"picked":"Flame Barrier","floor":18},{"not_picked":["Warcry","Combust"],"picked":"True Grit","floor":24},{"not_picked":["Berserk","Immolate"],"picked":"Impervious","floor":33},{"not_picked":["Havoc","Twin Strike"],"picked":"Shrug It Off","floor":35},{"not_picked":["Inflame","Shrug It Off"],"picked":"Sentinel","floor":37},{"not_picked":["Anger","Warcry"],"picked":"Pommel Strike","floor":38}],"player_experience":190687,"potions_floor_usage":[12,50,50,50],"damage_taken":[{"damage":12,"enemies":"Small Slimes","floor":1,"turns":4},{"damage":6,"enemies":"Cultist","floor":2,"turns":4},{"damage":13,"enemies":"Jaw Worm","floor":4,"turns":4},{"damage":31,"enemies":"Lots of Slimes","floor":7,"turns":5},{"damage":15,"enemies":"Gremlin Nob","floor":12,"turns":4},{"damage":0,"enemies":"3 Louse","floor":13,"turns":3},{"damage":33,"enemies":"Exordium Thugs","floor":14,"turns":5},{"damage":55,"enemies":"The Guardian","floor":16,"turns":8},{"damage":41,"enemies":"Chosen","floor":18,"turns":5},{"damage":6,"enemies":"Shell Parasite","floor":22,"turns":4},{"damage":14,"enemies":"Centurion and Healer","floor":24,"turns":4},{"damage":9,"enemies":"Book of Stabbing","floor":29,"turns":5},{"damage":8,"enemies":"Snake Plant","floor":31,"turns":2},{"damage":19,"enemies":"Champ","floor":33,"turns":9},{"damage":0,"enemies":"Orb Walker","floor":35,"turns":5},{"damage":2,"enemies":"3 Shapes","floor":36,"turns":6},{"damage":16,"enemies":"Sphere and 2 Shapes","floor":37,"turns":4},{"damage":11,"enemies":"3 Darklings","floor":38,"turns":5},{"damage":3,"enemies":"Nemesis","floor":42,"turns":7},{"damage":0,"enemies":"Maw","floor":45,"turns":8},{"damage":0,"enemies":"Giant Head","floor":48,"turns":6},{"damage":65,"enemies":"Awakened One","floor":50,"turns":10}],"event_choices":[{"event_name":"Golden Wing","player_choice":"Card Removal","floor":3,"damage_taken":0},{"event_name":"Big Fish","player_choice":"Donut","floor":5,"damage_taken":0},{"event_name":"Duplicator","player_choice":"One dupe","floor":20,"damage_taken":0},{"event_name":"Cursed Tome","player_choice":"Obtained Book","floor":21,"damage_taken":0},{"event_name":"Drug Dealer","player_choice":"Ignored","floor":25,"damage_taken":0},{"event_name":"Upgrade Shrine","player_choice":"Upgraded","floor":28,"damage_taken":0},{"event_name":"Upgrade Shrine","player_choice":"Upgraded","floor":39,"damage_taken":0},{"event_name":"Mysterious Sphere","player_choice":"Ignore","floor":41,"damage_taken":0},{"event_name":"Winding Halls","player_choice":"Embrace Madness","floor":47,"damage_taken":0}],"boss_relics":[{"not_picked":["Eternal Feather","Black Blood"],"picked":"Ectoplasm"},{"not_picked":["Runic Pyramid","Calling Bell"],"picked":"Sozu"}],"potions_floor_spawned":[2,7,12,24,29,31,37,42,48],"seed_played":"5309749759335020143","ascension_level":2,"is_trial":false}