{"gold_per_floor":[119,134,209,209,18,58,58,58],"floor_reached":8,"playtime":510,"items_purged":[],"score":59,"play_id":"c2c91c5e-4314-4ef0-9c85-7d1a0e48b9a7","local_time":"20181228150850","is_ascension_mode":true,"campfire_choices":[],"neow_cost":"NONE","seed_source_timestamp":92506437979690,"circlet_count":0,"master_deck":["Strike_B","Strike_B","Strike_B","Strike_B","Defend_B","Defend_B","Defend_B","Defend_B","Zap","Dualcast","Deep Breath","Hologram","Hologram","Chrysalis","Hologram","Double Energy"],"relics":["Cracked Core","Golden Idol","Art of War","Bag of Preparation"],"potions_floor_usage":[],"damage_taken":[{"damage":1,"enemies":"2 Louse","floor":1,"turns":2},{"damage":10,"enemies":"Small Slimes","floor":2,"turns":3},{"damage":6,"enemies":"Lagavulin","floor":6,"turns":8},{"damage":94,"enemies":"Gremlin Nob","floor":8,"turns":4}],"seed_played":"7320369063955843158","potions_obtained":[{"floor":6,"key":"Energy Potion"}],"is_trial":false,"path_per_floor":["M","M","?","?","$","E","?","E"],"character_chosen":"DEFECT","items_purchased":["Chrysalis","Hologram"],"campfire_rested":0,"item_purchase_floors":[5,5],"current_hp_per_floor":[74,64,53,53,53,47,47,0],"gold":58,"neow_bonus":"RANDOM_COLORLESS","is_prod":false,"is_daily":false,"chose_seed":false,"campfire_upgraded":0,"win_rate":0,"timestamp":1546038530,"path_taken":["M","M","?","?","$","E","?","E"],"build_version":"2018-12-20","purchased_purges":0,"victory":false,"max_hp_per_floor":[75,75,75,69,69,69,69,69],"card_choices":[{"not_picked":["Chaos","Compile Driver"],"picked":"Hologram","floor":1},{"not_picked":["Blizzard","Cold Snap"],"picked":"Hologram","floor":2},{"not_picked":["Sweeping Beam","Recycle"],"picked":"Double Energy","floor":6}],"player_experience":166355,"relics_obtained":[{"floor":6,"key":"Art of War"}],"event_choices":[{"damage_healed":0,"gold_gain":75,"player_choice":"Gather Gold","damage_taken":11,"max_hp_gain":0,"max_hp_loss":0,"event_name":"World of Goop","floor":3,"gold_loss":0},{"damage_healed":0,"gold_gain":0,"player_choice":"Lose Max HP","damage_taken":0,"relics_obtained":["Golden Idol"],"max_hp_gain":0,"max_hp_loss":6,"event_name":"Golden Idol","floor":4,"gold_loss":0},{"damage_healed":0,"gold_gain":0,"player_choice":"Gave Potion","damage_taken":0,"relics_obtained":["Bag of Preparation"],"max_hp_gain":0,"max_hp_loss":0,"event_name":"WeMeetAgain","floor":7,"gold_loss":0}],"is_beta":false,"boss_relics":[],"items_purged_floors":[],"is_endless":false,"potions_floor_spawned":[6],"killed_by":"Gremlin Nob","ascension_level":2}