{"gold_per_floor":[114,129,147,147,162,162,9,9,9,24,47,90,90,109,109,228,228,252,271,290,308,163,163,196,196,222,253,253,266,281,304,304,423,423,438,438,438,144,169,169,210,210,210,245,270,270,293,418,418,418],"floor_reached":50,"playtime":3483,"items_purged":["Bite"],"score":625,"play_id":"5edf1b10-7fbb-4014-896a-20666e2f4878","local_time":"20190504014442","is_ascension_mode":true,"campfire_choices":[{"data":"True Grit","floor":6,"key":"SMITH"},{"data":"Bash","floor":8,"key":"SMITH"},{"data":"Uppercut","floor":15,"key":"SMITH"},{"data":"Seeing Red","floor":23,"key":"SMITH"},{"data":"Metallicize","floor":28,"key":"SMITH"},{"data":"Bite","floor":32,"key":"SMITH"},{"data":"Demon Form","floor":40,"key":"SMITH"},{"data":"Bite","floor":42,"key":"SMITH"},{"floor":46,"key":"DIG"},{"floor":49,"key":"RECALL"}],"neow_cost":"NONE","seed_source_timestamp":1318477956903386,"circlet_count":0,"master_deck":["Defend_R","Defend_R","Defend_R+1","Defend_R","Bash+1","True Grit+1","Seeing Red+1","Battle Trance","Uppercut+1","Demon Form+1","Limit Break+1","Twin Strike+1","Intimidate+1","Shrug It Off+1","Bite+1","Bite+1","Bite+1","Bite","Metallicize+1","Impervious","Clumsy","Shockwave+1","Madness","Madness","Finesse","Shrug It Off+1","Shrug It Off+1"],"relics":["Burning Blood","Golden Idol","Omamori","Mercury Hourglass","Shuriken","Sozu","War Paint","Ginger","Art of War","The Courier","Calling Bell","Bronze Scales","Ornamental Fan","Bird Faced Urn","Membership Card","Matryoshka","Bottled Lightning","Red Skull","Shovel","Whetstone"],"potions_floor_usage":[],"damage_taken":[{"damage":2,"enemies":"2 Louse","floor":1,"turns":4},{"damage":4,"enemies":"Small Slimes","floor":2,"turns":7},{"damage":13,"enemies":"Cultist","floor":3,"turns":5},{"damage":2,"enemies":"Blue Slaver","floor":5,"turns":6},{"damage":0,"enemies":"Exordium Wildlife","floor":10,"turns":5},{"damage":3,"enemies":"Large Slime","floor":11,"turns":4},{"damage":16,"enemies":"Gremlin Nob","floor":12,"turns":4},{"damage":4,"enemies":"Blue Slaver","floor":14,"turns":4},{"damage":33,"enemies":"The Guardian","floor":16,"turns":10},{"damage":7,"enemies":"3 Byrds","floor":18,"turns":6},{"damage":20,"enemies":"Spheric Guardian","floor":19,"turns":4},{"damage":22,"enemies":"Snake Plant","floor":20,"turns":3},{"damage":5,"enemies":"Centurion and Healer","floor":21,"turns":4},{"damage":19,"enemies":"Gremlin Leader","floor":24,"turns":5},{"damage":29,"enemies":"Slavers","floor":27,"turns":5},{"damage":14,"enemies":"Snecko","floor":29,"turns":5},{"damage":21,"enemies":"Snake Plant","floor":30,"turns":4},{"damage":17,"enemies":"Centurion and Healer","floor":31,"turns":6},{"damage":19,"enemies":"Champ","floor":33,"turns":7},{"damage":12,"enemies":"3 Shapes","floor":35,"turns":5},{"damage":3,"enemies":"Orb Walker","floor":39,"turns":5},{"damage":41,"enemies":"Nemesis","floor":41,"turns":9},{"damage":5,"enemies":"Giant Head","floor":44,"turns":7},{"damage":16,"enemies":"Maw","floor":45,"turns":6},{"damage":27,"enemies":"Sphere and 2 Shapes","floor":47,"turns":5},{"damage":2,"enemies":"Mind Bloom Boss Battle","floor":48,"turns":7},{"damage":76,"enemies":"Donu and Deca","floor":50,"turns":6}],"seed_played":"-3036073465248675870","potions_obtained":[{"floor":2,"key":"SkillPotion"},{"floor":3,"key":"LiquidBronze"},{"floor":10,"key":"Energy Potion"}],"is_trial":false,"path_per_floor":["M","M","M","?","M","R","$","R","T","M","M","E","?","M","R","B",null,"M","M","M","M","$","R","E","?","T","E","R","M","M","M","R","B",null,"M","?","?","$","M","R","E","R","T","E","M","R","M","?","R","B"],"character_chosen":"IRONCLAD","items_purchased":["Omamori","War Paint","Membership Card","Matryoshka"],"campfire_rested":0,"item_purchase_floors":[7,22,38,38],"current_hp_per_floor":[88,88,81,59,63,63,63,63,63,69,72,62,62,64,64,37,88,87,73,57,58,58,58,45,45,45,38,38,44,41,46,46,55,61,61,53,53,53,61,61,39,39,39,57,61,61,54,61,61,0],"gold":418,"neow_bonus":"TEN_PERCENT_HP_BONUS","is_prod":false,"is_daily":false,"chose_seed":false,"campfire_upgraded":8,"win_rate":0,"timestamp":1556952282,"path_taken":["M","M","M","?","M","R","$","R","T","M","M","E","?","M","R","BOSS","M","?","M","M","$","R","E","?","T","E","R","M","M","M","R","BOSS","M","?","?","$","M","R","E","R","T","E","M","R","M","?","R","BOSS"],"build_version":"2019-01-23","purchased_purges":1,"victory":false,"max_hp_per_floor":[88,88,88,88,88,88,88,88,88,88,88,88,88,88,88,88,88,88,88,88,88,88,88,88,61,61,61,61,61,61,61,61,61,61,61,61,61,61,61,61,61,61,61,61,61,61,61,61,61,61],"card_choices":[{"not_picked":["Body Slam","Pummel"],"picked":"True Grit","floor":1},{"not_picked":["Warcry","Cleave"],"picked":"Seeing Red","floor":2},{"not_picked":["Second Wind","Combust","Iron Wave"],"picked":"SKIP","floor":3},{"not_picked":["Intimidate","Cleave"],"picked":"Battle Trance","floor":5},{"not_picked":["Blood for Blood","True Grit"],"picked":"Uppercut","floor":10},{"not_picked":["Perfected Strike","Carnage"],"picked":"Demon Form","floor":11},{"not_picked":["Clothesline","Juggernaut","Pommel Strike"],"picked":"SKIP","floor":12},{"not_picked":["Havoc","Sword Boomerang","Clothesline"],"picked":"SKIP","floor":14},{"not_picked":["Impervious","Double Tap"],"picked":"Limit Break","floor":16},{"not_picked":["Havoc","Body Slam","Burning Pact"],"picked":"SKIP","floor":18},{"not_picked":["Thunderclap","Reckless Charge"],"picked":"Twin Strike","floor":19},{"not_picked":["Dropkick","Thunderclap"],"picked":"Intimidate+1","floor":20},{"not_picked":["Double Tap","Clash","Twin Strike"],"picked":"SKIP","floor":21},{"not_picked":["Shockwave","Sentinel+1"],"picked":"Shrug It Off+1","floor":24},{"not_picked":["Burning Pact+1","Corruption"],"picked":"Metallicize","floor":27},{"not_picked":["Wild Strike","Warcry","Clash+1"],"picked":"SKIP","floor":29},{"not_picked":["Reckless Charge","Headbutt","Sword Boomerang+1"],"picked":"SKIP","floor":30},{"not_picked":["Reckless Charge","Shrug It Off","Battle Trance"],"picked":"SKIP","floor":31},{"not_picked":["Offering","Brutality"],"picked":"Impervious","floor":33},{"not_picked":["Cleave+1","Pommel Strike"],"picked":"Shockwave+1","floor":35},{"not_picked":["Panacea","Dramatic Entrance"],"picked":"Finesse","floor":37},{"not_picked":["Rupture+1","Iron Wave"],"picked":"Shrug It Off+1","floor":39},{"not_picked":["Body Slam+1","Dropkick","Perfected Strike"],"picked":"SKIP","floor":41},{"not_picked":["Blood for Blood","Feel No Pain","Inflame+1"],"picked":"SKIP","floor":44},{"not_picked":["Thunderclap","Rage"],"picked":"Shrug It Off+1","floor":45},{"not_picked":["Entrench","Heavy Blade","Sever Soul"],"picked":"SKIP","floor":47}],"player_experience":235686,"relics_obtained":[{"floor":9,"key":"Mercury Hourglass"},{"floor":12,"key":"Shuriken"},{"floor":24,"key":"Ginger"},{"floor":26,"key":"Art of War"},{"floor":27,"key":"The Courier"},{"floor":34,"key":"Bronze Scales"},{"floor":34,"key":"Ornamental Fan"},{"floor":34,"key":"Bird Faced Urn"},{"floor":41,"key":"Bottled Lightning"},{"floor":43,"key":"Red Skull"},{"floor":44,"key":"Shovel"},{"floor":46,"key":"Whetstone"}],"event_choices":[{"damage_healed":0,"gold_gain":0,"player_choice":"Take Damage","damage_taken":22,"relics_obtained":["Golden Idol"],"max_hp_gain":0,"max_hp_loss":0,"event_name":"Golden Idol","floor":4,"gold_loss":0},{"damage_healed":0,"gold_gain":0,"player_choice":"Got Potions","damage_taken":0,"max_hp_gain":0,"max_hp_loss":0,"event_name":"Lab","floor":13,"gold_loss":0},{"damage_healed":0,"gold_gain":0,"player_choice":"Became a vampire","damage_taken":0,"max_hp_gain":0,"max_hp_loss":27,"event_name":"Vampires","floor":25,"gold_loss":0,"cards_obtained":["Bite","Bite","Bite","Bite","Bite"]},{"damage_healed":0,"gold_gain":0,"player_choice":"Embrace Madness","damage_taken":8,"max_hp_gain":0,"max_hp_loss":0,"event_name":"Winding Halls","floor":36,"gold_loss":0,"cards_obtained":["Madness","Madness"]},{"damage_healed":0,"gold_gain":0,"player_choice":"Memory 1","damage_taken":0,"max_hp_gain":0,"max_hp_loss":0,"event_name":"SensoryStone","floor":37,"gold_loss":0},{"damage_healed":0,"gold_gain":0,"player_choice":"Fight","damage_taken":0,"max_hp_gain":0,"max_hp_loss":0,"event_name":"MindBloom","floor":48,"gold_loss":0}],"is_beta":false,"boss_relics":[{"not_picked":["White Beast Statue","Snecko Eye"],"picked":"Sozu"},{"not_picked":["Philosopher\u0027s Stone","Coffee Dripper"],"picked":"Calling Bell"}],"items_purged_floors":[38],"is_endless":false,"potions_floor_spawned":[2,3,10,12,19,20,21,29,35,44,47,48],"killed_by":"Donu and Deca","ascension_level":1}