{"gold_per_floor":[118,118,136,149,149,149,178,178,202,212,277,291,291,323,323,420,420,434,453,453,77,92,92,92,92,118,118,131,131,14,27,27,27],"floor_reached":33,"playtime":1577,"items_purged":[],"score":280,"play_id":"b49d0e6e-1a18-4873-8a47-215b86a7814d","local_time":"20190304080949","is_ascension_mode":false,"campfire_choices":[{"data":"Sunder","floor":6,"key":"SMITH"},{"data":"Doom and Gloom","floor":8,"key":"SMITH"},{"floor":15,"key":"REST"},{"floor":23,"key":"REST"},{"floor":25,"key":"REST"},{"floor":27,"key":"REST"},{"floor":29,"key":"RECALL"},{"data":"Buffer","floor":32,"key":"SMITH"}],"neow_cost":"NONE","seed_source_timestamp":261247699874191,"circlet_count":0,"master_deck":["Strike_B","Strike_B","Strike_B","Strike_B","Defend_B","Defend_B","Defend_B","Defend_B","Zap+1","Dualcast","Hologram","Sunder+1","Streamline","Doom and Gloom+1","Streamline","Electrodynamics+1","Ball Lightning","Leap","Thunder Strike","Streamline","Hologram","Mind Blast","Rebound","Ball Lightning","Ball Lightning","Storm","Ball Lightning","Buffer+1","Ball Lightning","Hello World","Conserve Battery+1"],"relics":["Eternal Feather","Centennial Puzzle","Dream Catcher","Orichalcum","Pen Nib","White Beast Statue","Toxic Egg 2","Vajra"],"potions_floor_usage":[12,14,14,22,31,31,31,33],"damage_taken":[{"damage":9,"enemies":"Small Slimes","floor":1,"turns":5},{"damage":7,"enemies":"2 Louse","floor":3,"turns":2},{"damage":1,"enemies":"Jaw Worm","floor":4,"turns":4},{"damage":15,"enemies":"Gremlin Nob","floor":7,"turns":4},{"damage":6,"enemies":"Exordium Wildlife","floor":10,"turns":2},{"damage":8,"enemies":"Exordium Thugs","floor":12,"turns":4},{"damage":12,"enemies":"Lagavulin","floor":14,"turns":5},{"damage":10,"enemies":"Slime Boss","floor":16,"turns":5},{"damage":22,"enemies":"Shell Parasite","floor":18,"turns":4},{"damage":26,"enemies":"Spheric Guardian","floor":19,"turns":6},{"damage":1,"enemies":"Colosseum Slavers","floor":20,"turns":2},{"damage":22,"enemies":"Chosen and Byrds","floor":22,"turns":5},{"damage":12,"enemies":"Centurion and Healer","floor":28,"turns":3},{"damage":15,"enemies":"Snake Plant","floor":31,"turns":2},{"damage":90,"enemies":"Champ","floor":33,"turns":8}],"seed_played":"6360727738992782414","potions_obtained":[{"floor":3,"key":"Swift Potion"},{"floor":7,"key":"Explosive Potion"},{"floor":10,"key":"Regen Potion"},{"floor":18,"key":"FearPotion"},{"floor":19,"key":"Block Potion"},{"floor":22,"key":"GamblersBrew"},{"floor":28,"key":"Poison Potion"},{"floor":31,"key":"Fruit Juice"}],"is_trial":false,"path_per_floor":["M","?","M","M","?","R","E","R","T","M","?","M","?","E","R","B",null,"M","M","?","$","M","R","T","R","T","R","M","R","$","M","R","B"],"character_chosen":"DEFECT","items_purchased":["Mind Blast","Toxic Egg 2","Rebound","Ball Lightning","Hello World"],"campfire_rested":4,"item_purchase_floors":[21,21,21,30,30],"current_hp_per_floor":[66,59,52,51,51,57,42,48,48,42,42,46,31,19,50,40,75,53,27,26,26,4,38,38,75,75,75,63,75,75,65,80,0],"gold":27,"neow_bonus":"BOSS_RELIC","is_prod":false,"is_daily":false,"chose_seed":false,"campfire_upgraded":3,"win_rate":0,"timestamp":1551715789,"path_taken":["M","?","M","M","?","R","E","R","T","M","?","M","?","E","R","BOSS","M","M","?","$","M","R","?","R","T","R","M","R","$","?","R","BOSS"],"build_version":"2019-01-23","purchased_purges":0,"victory":false,"max_hp_per_floor":[75,75,75,75,75,75,75,75,75,75,75,75,75,75,75,75,75,75,75,75,75,75,75,75,75,75,75,75,75,75,80,80,80],"card_choices":[{"not_picked":["Sweeping Beam","Scrape"],"picked":"Hologram","floor":1},{"not_picked":["Sweeping Beam","Auto Shields"],"picked":"Sunder","floor":3},{"not_picked":["Cold Snap","Compile Driver"],"picked":"Streamline","floor":4},{"not_picked":["Auto Shields","Coolheaded"],"picked":"Doom and Gloom","floor":7},{"not_picked":["Storm","Double Energy"],"picked":"Streamline","floor":10},{"not_picked":["Coolheaded","Stack"],"picked":"Electrodynamics","floor":12},{"not_picked":["Stack","Leap"],"picked":"Ball Lightning","floor":14},{"not_picked":["Coolheaded","Heatsinks"],"picked":"Leap","floor":15},{"not_picked":["Creative AI","Machine Learning"],"picked":"Thunder Strike","floor":16},{"not_picked":["Conserve Battery","Compile Driver+1"],"picked":"Streamline","floor":18},{"not_picked":["Redo","Lockon"],"picked":"Hologram","floor":19},{"not_picked":["Compile Driver","Hyperbeam"],"picked":"Ball Lightning","floor":22},{"not_picked":["Genetic Algorithm+1","Barrage"],"picked":"Ball Lightning","floor":23},{"not_picked":["Go for the Eyes","Beam Cell+1"],"picked":"Storm","floor":25},{"not_picked":["Rebound+1","Beam Cell"],"picked":"Ball Lightning","floor":27},{"not_picked":["Blizzard+1","Gash"],"picked":"Buffer","floor":28},{"not_picked":["Go for the Eyes","Gash"],"picked":"Conserve Battery+1","floor":31}],"player_experience":945974,"relics_obtained":[{"floor":7,"key":"Dream Catcher"},{"floor":9,"key":"Orichalcum"},{"floor":14,"key":"Pen Nib"},{"floor":26,"key":"Vajra"}],"event_choices":[{"damage_healed":0,"gold_gain":0,"player_choice":"Success","damage_taken":7,"relics_obtained":["Centennial Puzzle"],"max_hp_gain":0,"max_hp_loss":0,"event_name":"Scrap Ooze","floor":2,"gold_loss":0},{"damage_healed":0,"gold_gain":0,"player_choice":"Leave","damage_taken":0,"max_hp_gain":0,"max_hp_loss":0,"event_name":"The Cleric","floor":5,"gold_loss":0},{"damage_healed":0,"gold_gain":65,"player_choice":"Gained Gold","damage_taken":0,"max_hp_gain":0,"max_hp_loss":0,"event_name":"Golden Wing","floor":11,"gold_loss":0},{"damage_healed":0,"gold_gain":0,"player_choice":"Entered Light","damage_taken":15,"max_hp_gain":0,"max_hp_loss":0,"event_name":"Shining Light","floor":13,"gold_loss":0,"cards_upgraded":["Electrodynamics","Zap"]},{"damage_healed":0,"gold_gain":0,"player_choice":"Fight","damage_taken":0,"max_hp_gain":0,"max_hp_loss":0,"event_name":"Colosseum","floor":20,"gold_loss":0},{"damage_healed":0,"gold_gain":0,"player_choice":"Fled From Nobs","damage_taken":0,"max_hp_gain":0,"max_hp_loss":0,"event_name":"Colosseum","floor":20,"gold_loss":0}],"is_beta":false,"boss_relics":[{"not_picked":["Ectoplasm","Calling Bell"],"picked":"White Beast Statue"}],"items_purged_floors":[],"is_endless":false,"potions_floor_spawned":[3,7,10,18,19,20,22,28,31],"killed_by":"Champ","ascension_level":0}