{"gold_per_floor":[114,126,126,141,157,177,195,195,195,212,212],"floor_reached":11,"playtime":421,"items_purged":[],"score":72,"play_id":"5b382e38-4e4c-4406-865a-c1e6215cbcbe","local_time":"20190514014501","is_ascension_mode":true,"campfire_choices":[{"floor":8,"key":"REST"}],"neow_cost":"NONE","seed_source_timestamp":132642888035241,"circlet_count":0,"master_deck":["Strike_R","Strike_R","Strike_R","Strike_R","Strike_R","Defend_R","Defend_R","Defend_R","Defend_R","Bash","Feel No Pain","Pain","Body Slam","Seeing Red","Warcry","Entrench"],"relics":["Burning Blood","WarpedTongs","Gremlin Horn"],"potions_floor_usage":[],"damage_taken":[{"damage":6,"enemies":"Jaw Worm","floor":1,"turns":5},{"damage":13,"enemies":"Cultist","floor":2,"turns":5},{"damage":3,"enemies":"2 Louse","floor":4,"turns":2},{"damage":32,"enemies":"Gremlin Gang","floor":5,"turns":8},{"damage":28,"enemies":"Exordium Wildlife","floor":6,"turns":9},{"damage":11,"enemies":"Looter","floor":7,"turns":3},{"damage":11,"enemies":"Exordium Thugs","floor":10,"turns":6},{"damage":58,"enemies":"Gremlin Nob","floor":11,"turns":5}],"seed_played":"1396801550113995348","potions_obtained":[{"floor":1,"key":"Ancient Potion"},{"floor":4,"key":"Dexterity Potion"}],"is_trial":false,"path_per_floor":["M","M","?","M","M","M","M","R","T","M","E"],"character_chosen":"IRONCLAD","items_purchased":[],"campfire_rested":1,"item_purchase_floors":[],"current_hp_per_floor":[88,81,81,84,58,36,31,57,57,52,0],"gold":212,"neow_bonus":"TEN_PERCENT_HP_BONUS","is_prod":false,"is_daily":false,"chose_seed":false,"campfire_upgraded":0,"win_rate":0,"timestamp":1557812701,"path_taken":["M","M","?","M","M","?","M","R","T","M","E"],"build_version":"2019-01-23","purchased_purges":0,"victory":false,"max_hp_per_floor":[88,88,88,88,88,88,88,88,88,88,88],"card_choices":[{"not_picked":["Cleave","Fire Breathing"],"picked":"Feel No Pain","floor":1},{"not_picked":["Sword Boomerang","Spot Weakness","Whirlwind"],"picked":"SKIP","floor":2},{"not_picked":["Bloodletting","Perfected Strike"],"picked":"Body Slam","floor":4},{"not_picked":["Blood for Blood","Pummel","Warcry"],"picked":"SKIP","floor":5},{"not_picked":["Bloodletting","Blood for Blood"],"picked":"Seeing Red","floor":6},{"not_picked":["Anger","Fire Breathing"],"picked":"Warcry","floor":7},{"not_picked":["Offering","Evolve"],"picked":"Entrench","floor":10}],"player_experience":62152,"relics_obtained":[{"floor":9,"key":"Gremlin Horn"}],"event_choices":[{"damage_healed":0,"gold_gain":0,"player_choice":"Rummage","damage_taken":0,"relics_obtained":["WarpedTongs"],"max_hp_gain":0,"max_hp_loss":0,"event_name":"Accursed Blacksmith","floor":3,"gold_loss":0,"cards_obtained":["Pain"]}],"is_beta":false,"boss_relics":[],"items_purged_floors":[],"is_endless":false,"potions_floor_spawned":[1,4],"killed_by":"Gremlin Nob","ascension_level":1}