{"gold_per_floor":[118,293,308,322,322,351,351,351,428,445,445,465,478,513,513,608,658,668,132,150,167,86,86,103,128,128,128,128,4,4,4,4,100,100,115,160,170,215,228,228,240,240,240,256,291,291,310,325,325,325],"floor_reached":51,"playtime":2870,"items_purged":["Parasite"],"score":956,"play_id":"19edbc12-c9aa-43a2-bbe5-44faa741d142","local_time":"20181030014733","is_ascension_mode":true,"campfire_choices":[{"floor":8,"key":"REST"},{"floor":15,"key":"REST"},{"floor":23,"key":"REST"},{"floor":28,"key":"REST"},{"data":"Seek","floor":30,"key":"SMITH"},{"data":"RitualDagger","floor":32,"key":"SMITH"},{"floor":40,"key":"REST"},{"floor":42,"key":"REST"},{"floor":46,"key":"REST"},{"data":"Seek","floor":49,"key":"SMITH"}],"neow_cost":"NONE","seed_source_timestamp":14151940016400,"circlet_count":0,"master_deck":["Strike_B+1","Strike_B","Strike_B","Defend_B","Defend_B","Defend_B","Defend_B","Zap","Dualcast","Redo","Conserve Battery","Redo","Loop+1","Stack","Static Discharge+1","Hologram","Self Repair+1","Buffer+1","Melter","Static Discharge+1","Apotheosis","Turbo","Storm+1","Capacitor+1","Lockon+1","Redo+1","Seek+1","Turbo","Storm+1","Purity","RitualDagger+1","Seek+1","Defragment+1","Barrage","Stack","Defragment+1","Reprogram+1","Redo+1","Self Repair+1","Beam Cell+1","Self Repair+1"],"relics":["Cracked Core","DataDisk","Frozen Egg 2","Mercury Hourglass","Spirit Poop","Sundial","FossilizedHelix","Tiny House","Mango","Dream Catcher","Pear","Inserter","Incense Burner","Oddly Smooth Stone","Molten Egg 2","Pen Nib"],"potions_floor_usage":[6,6,14,16,25,33,37,41,47,47,50,50],"damage_taken":[{"damage":5,"enemies":"Small Slimes","floor":1,"turns":2},{"damage":13,"enemies":"Jaw Worm","floor":3,"turns":4},{"damage":0,"enemies":"2 Louse","floor":4,"turns":2},{"damage":23,"enemies":"Gremlin Nob","floor":6,"turns":4},{"damage":20,"enemies":"Gremlin Gang","floor":10,"turns":3},{"damage":6,"enemies":"Exordium Thugs","floor":12,"turns":4},{"damage":8,"enemies":"3 Louse","floor":13,"turns":2},{"damage":5,"enemies":"3 Sentries","floor":14,"turns":3},{"damage":21,"enemies":"Hexaghost","floor":16,"turns":6},{"damage":0,"enemies":"Spheric Guardian","floor":18,"turns":1},{"damage":7,"enemies":"Chosen","floor":20,"turns":4},{"damage":27,"enemies":"Shelled Parasite and Fungi","floor":21,"turns":5},{"damage":7,"enemies":"Cultist and Chosen","floor":24,"turns":4},{"damage":18,"enemies":"Book of Stabbing","floor":25,"turns":3},{"damage":4,"enemies":"Champ","floor":33,"turns":9},{"damage":11,"enemies":"3 Shapes","floor":35,"turns":4},{"damage":39,"enemies":"2 Orb Walkers","floor":36,"turns":4},{"damage":0,"enemies":"3 Darklings","floor":37,"turns":4},{"damage":0,"enemies":"Spire Growth","floor":39,"turns":4},{"damage":26,"enemies":"Jaw Worm Horde","floor":41,"turns":3},{"damage":7,"enemies":"Transient","floor":44,"turns":5},{"damage":37,"enemies":"Nemesis","floor":45,"turns":7},{"damage":0,"enemies":"Spire Growth","floor":47,"turns":3},{"damage":0,"enemies":"Jaw Worm Horde","floor":48,"turns":4},{"damage":68,"enemies":"Donu and Deca","floor":50,"turns":7}],"seed_played":"3327330060318755736","potions_obtained":[{"floor":1,"key":"FocusPotion"},{"floor":4,"key":"Block Potion"},{"floor":12,"key":"Fire Potion"},{"floor":14,"key":"Explosive Potion"},{"floor":17,"key":"Swift Potion"},{"floor":18,"key":"Swift Potion"},{"floor":33,"key":"SpeedPotion"},{"floor":36,"key":"SkillPotion"},{"floor":41,"key":"Fire Potion"},{"floor":44,"key":"Fire Potion"},{"floor":47,"key":"Regen Potion"},{"floor":48,"key":"Weak Potion"}],"is_trial":false,"path_per_floor":["M","?","M","M","T","E","?","R","T","M","?","M","M","E","R","B",null,"M","$","M","M","$","R","M","E","T","?","R","$","R","?","R","B",null,"M","?","M","T","M","R","M","R","T","M","E","R","M","M","R","B"],"character_chosen":"DEFECT","items_purchased":["Apotheosis","Mango","Capacitor+1","Storm+1","Purity"],"campfire_rested":7,"item_purchase_floors":[19,19,22,29,29],"current_hp_per_floor":[63,63,50,50,50,27,27,49,49,29,47,41,33,28,50,39,71,71,85,88,71,71,91,91,73,83,83,101,101,101,95,95,101,101,90,51,51,51,51,81,55,85,85,88,61,91,101,101,101,47],"gold":325,"neow_bonus":"RANDOM_COMMON_RELIC","is_prod":false,"is_daily":false,"chose_seed":false,"campfire_upgraded":3,"win_rate":0,"timestamp":1540860453,"path_taken":["M","?","?","M","?","E","?","R","T","M","?","M","?","E","R","BOSS","M","$","M","M","$","R","M","E","T","?","R","$","R","?","R","BOSS","M","?","M","?","M","R","M","R","T","?","E","R","?","?","R","BOSS"],"build_version":"2018-10-25v2","purchased_purges":1,"victory":true,"max_hp_per_floor":[75,75,75,75,75,75,75,75,75,75,75,75,75,75,75,75,80,80,91,91,91,91,91,91,91,101,101,101,101,101,101,101,101,101,101,101,101,101,101,101,101,101,101,101,101,101,101,101,101,101],"card_choices":[{"not_picked":["Aggregate","Compile Driver"],"picked":"Redo","floor":1},{"not_picked":["BootSequence","Fusion"],"picked":"Conserve Battery","floor":3},{"not_picked":["Streamline","Compile Driver"],"picked":"Redo","floor":4},{"not_picked":["Go for the Eyes","Glacier"],"picked":"Loop+1","floor":6},{"not_picked":["Cold Snap","Fusion"],"picked":"Stack","floor":10},{"not_picked":["Conserve Battery","Cold Snap"],"picked":"Static Discharge+1","floor":12},{"not_picked":["Stack","Thunder Strike"],"picked":"Hologram","floor":13},{"not_picked":["Sunder","Force Field"],"picked":"Self Repair+1","floor":14},{"not_picked":["Machine Learning+1","Hyperbeam"],"picked":"Buffer+1","floor":16},{"not_picked":["Conserve Battery","Glacier"],"picked":"Melter","floor":17},{"not_picked":["Barrage","Go for the Eyes"],"picked":"Static Discharge+1","floor":18},{"not_picked":["Stack","Aggregate"],"picked":"Turbo","floor":20},{"not_picked":["Chill","Streamline"],"picked":"Storm+1","floor":21},{"not_picked":["Genetic Algorithm+1","Rebound+1"],"picked":"Lockon+1","floor":24},{"not_picked":["Skim","Conserve Battery"],"picked":"Redo+1","floor":25},{"not_picked":["Undo","Sweeping Beam"],"picked":"Turbo","floor":28},{"not_picked":["Multi-Cast","Hyperbeam"],"picked":"Seek","floor":33},{"not_picked":["Cold Snap","Leap+1"],"picked":"Defragment+1","floor":35},{"not_picked":["Reinforced Body+1","Ball Lightning"],"picked":"Barrage","floor":36},{"not_picked":["Recycle","Steam Power"],"picked":"Stack","floor":37},{"not_picked":["Rebound","Loop+1"],"picked":"Defragment+1","floor":39},{"not_picked":["Steam","Sweeping Beam+1"],"picked":"Reprogram+1","floor":40},{"not_picked":["Streamline+1","Cold Snap+1","Multi-Cast"],"picked":"SKIP","floor":41},{"not_picked":["Beam Cell+1","FTL+1"],"picked":"Redo+1","floor":42},{"not_picked":["Auto Shields+1","Conserve Battery"],"picked":"Self Repair+1","floor":44},{"not_picked":["Ball Lightning+1","Rainbow"],"picked":"Beam Cell+1","floor":45},{"not_picked":["Barrage+1","Redo"],"picked":"Self Repair+1","floor":46},{"not_picked":["Hello World+1","Compile Driver+1","Rebound+1"],"picked":"SKIP","floor":47},{"not_picked":["Go for the Eyes+1","Static Discharge+1","Redo"],"picked":"SKIP","floor":48}],"player_experience":808311,"relics_obtained":[{"floor":5,"key":"Frozen Egg 2"},{"floor":6,"key":"Mercury Hourglass"},{"floor":9,"key":"Sundial"},{"floor":14,"key":"FossilizedHelix"},{"floor":25,"key":"Dream Catcher"},{"floor":26,"key":"Pear"},{"floor":36,"key":"Incense Burner"},{"floor":38,"key":"Oddly Smooth Stone"},{"floor":43,"key":"Molten Egg 2"},{"floor":45,"key":"Pen Nib"}],"event_choices":[{"damage_healed":0,"gold_gain":175,"player_choice":"AGREE","damage_taken":0,"max_hp_gain":0,"max_hp_loss":0,"event_name":"Liars Game","floor":2,"gold_loss":0,"cards_obtained":["Doubt"]},{"cards_removed":["Doubt"],"damage_healed":0,"gold_gain":0,"player_choice":"Offered Curse","damage_taken":0,"relics_obtained":["Spirit Poop"],"max_hp_gain":0,"max_hp_loss":0,"event_name":"Bonfire Elementals","floor":7,"gold_loss":0},{"damage_healed":18,"gold_gain":0,"player_choice":"Healed and dodged fight","damage_taken":0,"max_hp_gain":0,"max_hp_loss":0,"event_name":"Mushrooms","floor":11,"gold_loss":0,"cards_obtained":["Parasite"]},{"damage_healed":0,"gold_gain":0,"cards_transformed":["Strike_B"],"player_choice":"Transformed","damage_taken":0,"max_hp_gain":0,"max_hp_loss":0,"event_name":"Transmorgrifier","floor":27,"gold_loss":0,"cards_obtained":["Seek"]},{"damage_healed":0,"gold_gain":0,"player_choice":"Joined the Cult","damage_taken":6,"max_hp_gain":0,"max_hp_loss":0,"event_name":"Nest","floor":31,"gold_loss":0,"cards_obtained":["RitualDagger"]},{"damage_healed":0,"gold_gain":0,"player_choice":"Fight","damage_taken":0,"max_hp_gain":0,"max_hp_loss":0,"event_name":"Mysterious Sphere","floor":36,"gold_loss":0}],"is_beta":false,"boss_relics":[{"not_picked":["Sozu","Runic Dome"],"picked":"Tiny House"},{"not_picked":["Pandora\u0027s Box","Busted Crown"],"picked":"Inserter"}],"items_purged_floors":[19],"is_endless":false,"potions_floor_spawned":[1,4,12,14,18,33,36,41,44,47,48],"ascension_level":6}