{"gold_per_floor":[113,113,38,38,54,87,87,12,12,30,80,80,91,91,91,165,165,177,177,177,124,138,138],"floor_reached":23,"playtime":430,"items_purged":["Strike_G"],"score":424,"play_id":"7755cba4-f4a0-4834-b1b9-cdfe965307f1","local_time":"20190514155420","is_ascension_mode":true,"campfire_choices":[{"data":"Caltrops","floor":7.0,"key":"SMITH"},{"data":"Deadly Poison","floor":12,"key":"SMITH"},{"data":"Neutralize","floor":15,"key":"SMITH"}],"neow_cost":"NONE","seed_source_timestamp":348112935603278,"circlet_count":0,"master_deck":["AscendersBane","Defend_G","Defend_G","Defend_G","Survivor","Neutralize+1","Caltrops+1","Backflip","Deadly Poison+1","Adrenaline","Crippling Poison","Underhanded Strike","PiercingWail"],"special_seed":0,"relics":["Ring of the Snake","NeowsBlessing","Vajra","Mummified Hand","Whetstone","Empty Cage","Sundial"],"potions_floor_usage":[16],"damage_taken":[{"damage":0.0,"enemies":"Small Slimes","floor":1.0,"turns":1.0},{"damage":0.0,"enemies":"Jaw Worm","floor":5.0,"turns":1.0},{"damage":0.0,"enemies":"3 Sentries","floor":6.0,"turns":2.0},{"damage":0.0,"enemies":"2 Louse","floor":10.0,"turns":2.0},{"damage":0,"enemies":"2 Fungi Beasts","floor":13,"turns":3},{"damage":12,"enemies":"Hexaghost","floor":16,"turns":9},{"damage":3,"enemies":"Shell Parasite","floor":18,"turns":4},{"damage":11,"enemies":"Chosen","floor":22,"turns":5},{"damage":52,"enemies":"Slavers","floor":23,"turns":4}],"seed_played":"-7923514389530970440","potions_obtained":[{"floor":1.0,"key":"Weak Potion"},{"floor":13,"key":"Strength Potion"},{"floor":22,"key":"Weak Potion"}],"is_trial":false,"path_per_floor":["M","?","$","?","M","E","R","?","T","M","?","R","M","T","R","B",null,"M","?","?","$","M","E"],"character_chosen":"THE_SILENT","items_purchased":["PiercingWail"],"campfire_rested":0,"item_purchase_floors":[21],"current_hp_per_floor":[59,59,59,59,59,59,59,59,59,59,53,53,53,53,53,41,60,57,57,57,57,46,0],"gold":138,"neow_bonus":"THREE_ENEMY_KILL","is_prod":false,"is_daily":false,"chose_seed":false,"campfire_upgraded":3,"win_rate":0,"timestamp":1557820460,"path_taken":["M","?","$","?","M","E","R","?","T","M","?","R","?","?","R","BOSS","M","?","?","$","M","E"],"build_version":"2019-01-23","purchased_purges":1,"victory":false,"max_hp_per_floor":[66,66,66,66,66,66,66,66,66,66,66,66,66,66,66,66,66,66,66,66,66,66,66],"card_choices":[{"not_picked":["Sucker Punch","Acrobatics"],"picked":"Caltrops","floor":1.0},{"not_picked":["Distraction","Sucker Punch","Dagger Spray"],"picked":"SKIP","floor":5.0},{"not_picked":["Reflex","Quick Slash"],"picked":"Deadly Poison","floor":6.0},{"not_picked":["Backflip","Blade Dance","All Out Attack"],"picked":"SKIP","floor":10.0},{"not_picked":["Masterful Stab","Accuracy","Dodge and Roll"],"picked":"SKIP","floor":13},{"not_picked":["Burst","Doppelganger"],"picked":"Adrenaline","floor":16},{"not_picked":["Sucker Punch","Dagger Throw"],"picked":"Crippling Poison","floor":18},{"not_picked":["Riddle With Holes","Masterful Stab","Flying Knee"],"picked":"SKIP","floor":22}],"player_experience":1679141,"relics_obtained":[{"floor":6.0,"key":"Vajra"},{"floor":9.0,"key":"Mummified Hand"},{"floor":14,"key":"Whetstone"}],"event_choices":[{"damage_healed":0.0,"max_hp_gain":0.0,"max_hp_loss":0.0,"gold_gain":0.0,"cards_transformed":["Strike_G"],"event_name":"Living Wall","player_choice":"Change","floor":2.0,"gold_loss":0.0,"damage_taken":0.0,"cards_obtained":["Backflip"]},{"damage_healed":0.0,"max_hp_gain":0.0,"max_hp_loss":0.0,"gold_gain":0.0,"event_name":"Liars Game","player_choice":"Ignored","floor":4.0,"gold_loss":0.0,"damage_taken":0.0},{"cards_removed":["Strike_G"],"damage_healed":0.0,"max_hp_gain":0.0,"max_hp_loss":0.0,"gold_gain":0.0,"event_name":"The Cleric","player_choice":"Card Removal","floor":8.0,"gold_loss":75.0,"damage_taken":0.0},{"damage_healed":0,"gold_gain":50,"player_choice":"Touch","damage_taken":6,"max_hp_gain":0,"max_hp_loss":0,"event_name":"FaceTrader","floor":11,"gold_loss":0},{"damage_healed":0,"gold_gain":0,"cards_transformed":["Strike_G","Defend_G"],"player_choice":"Became Test Subject","damage_taken":0,"max_hp_gain":0,"max_hp_loss":0,"event_name":"Drug Dealer","floor":19,"gold_loss":0,"cards_obtained":["Deadly Poison","Underhanded Strike"]},{"cards_removed":["Deadly Poison"],"damage_healed":0,"gold_gain":0,"player_choice":"Gave Card","damage_taken":0,"relics_obtained":["Sundial"],"max_hp_gain":0,"max_hp_loss":0,"event_name":"WeMeetAgain","floor":20,"gold_loss":0}],"is_beta":false,"boss_relics":[{"not_picked":["Ring of the Serpent","Black Star"],"picked":"Empty Cage"}],"items_purged_floors":[3],"is_endless":false,"potions_floor_spawned":[1,13,22],"killed_by":"Slavers","ascension_level":20}