{"gold_per_floor":[115,115,115,128,144,171,185,217,217,227,254,354,365,382,382,477,477,417,29,29,29,29,29,29,29,29,29,29,29,29,29,29,29,29,29,29,29,29,29,29,29,29,29,29,29,29,29,29,29,29,29,29,29,29,29],"floor_reached":56,"playtime":4613,"items_purged":[],"score":1418,"play_id":"eebaac2e-1e68-4ed4-9452-45c9be29473a","local_time":"20190404122350","is_ascension_mode":true,"campfire_choices":[{"data":"Rupture","floor":15,"key":"SMITH"},{"data":"Demon Form","floor":23,"key":"SMITH"},{"data":"Feel No Pain","floor":25,"key":"SMITH"},{"data":"True Grit","floor":30,"key":"SMITH"},{"data":"Armaments","floor":32,"key":"SMITH"},{"data":"Corruption","floor":40,"key":"SMITH"},{"floor":47,"key":"RECALL"},{"data":"Shrug It Off","floor":49,"key":"SMITH"},{"data":"Offering","floor":52,"key":"SMITH"}],"neow_cost":"TEN_PERCENT_HP_LOSS","seed_source_timestamp":311356464324900,"circlet_count":0,"master_deck":["Strike_R","Strike_R","Strike_R","Strike_R","Defend_R","Defend_R+1","Defend_R","Defend_R+1","Bash","Shrug It Off+1","Metallicize","Clothesline","Power Through","Wild Strike","Demon Form+1","Combust","Twin Strike","Rupture+1","Rampage","Offering+1","Shockwave","Feel No Pain+1","Armaments+1","Corruption+1","True Grit+1","Second Wind","Limit Break","Corruption+1","Pummel","Impervious+1","Shrug It Off+1","Madness+1","Madness+1","Armaments+1"],"relics":["Burning Blood","StoneCalendar","Dream Catcher","Meat on the Bone","Bottled Flame","Blue Candle","Ectoplasm","Dead Branch","Singing Bowl","Boot","Bird Faced Urn","Black Star","Toxic Egg 2","Smiling Mask","Anchor","Unceasing Top","Kunai"],"potions_floor_usage":[6,50,55,55,55,55],"damage_taken":[{"damage":9,"enemies":"2 Louse","floor":1,"turns":5},{"damage":3,"enemies":"Jaw Worm","floor":4,"turns":5},{"damage":1,"enemies":"Small Slimes","floor":5,"turns":5},{"damage":21,"enemies":"Gremlin Nob","floor":6,"turns":5},{"damage":5,"enemies":"Red Slaver","floor":7,"turns":5},{"damage":9,"enemies":"Lagavulin","floor":8,"turns":7},{"damage":6,"enemies":"Blue Slaver","floor":10,"turns":5},{"damage":30,"enemies":"3 Sentries","floor":11,"turns":7},{"damage":19,"enemies":"Gremlin Gang","floor":13,"turns":7},{"damage":11,"enemies":"Looter","floor":14,"turns":4},{"damage":30,"enemies":"Hexaghost","floor":16,"turns":10},{"damage":18,"enemies":"2 Thieves","floor":18,"turns":4},{"damage":7,"enemies":"Shell Parasite","floor":20,"turns":4},{"damage":13,"enemies":"Snecko","floor":21,"turns":3},{"damage":6,"enemies":"Gremlin Leader","floor":24,"turns":7},{"damage":17,"enemies":"Book of Stabbing","floor":27,"turns":4},{"damage":21,"enemies":"Snake Plant","floor":28,"turns":5},{"damage":16,"enemies":"Sentry and Sphere","floor":31,"turns":5},{"damage":34,"enemies":"Collector","floor":33,"turns":4},{"damage":23,"enemies":"3 Darklings","floor":35,"turns":6},{"damage":25,"enemies":"Orb Walker","floor":38,"turns":5},{"damage":6,"enemies":"3 Darklings","floor":39,"turns":5},{"damage":37,"enemies":"Nemesis","floor":41,"turns":6},{"damage":24,"enemies":"Transient","floor":42,"turns":5},{"damage":16,"enemies":"Spire Growth","floor":44,"turns":6},{"damage":6,"enemies":"4 Shapes","floor":48,"turns":6},{"damage":31,"enemies":"Donu and Deca","floor":50,"turns":6},{"damage":3,"enemies":"Shield and Spear","floor":54,"turns":5},{"damage":75,"enemies":"The Heart","floor":55,"turns":7}],"seed_played":"8015061941350591957","potions_obtained":[{"floor":4,"key":"Energy Potion"},{"floor":6,"key":"BloodPotion"},{"floor":11,"key":"PowerPotion"},{"floor":16,"key":"Dexterity Potion"},{"floor":33,"key":"EntropicBrew"},{"floor":39,"key":"Block Potion"}],"is_trial":false,"path_per_floor":["M","?","?","M","M","E","M","E","T","M","E","?","M","M","R","B",null,"M","$","M","M","?","R","E","R","T","E","M","$","R","M","R","B",null,"M","?","$","M","M","R","E","M","T","M","?","?","R","M","R","B",null,"R","$","E","B",null],"character_chosen":"IRONCLAD","items_purchased":["Dead Branch","Feel No Pain"],"campfire_rested":0,"item_purchase_floors":[19,19],"current_hp_per_floor":[69,55,48,51,56,41,42,39,39,51,39,39,38,45,45,33,72,60,60,59,52,52,52,52,52,52,55,54,54,54,56,56,52,74,71,71,71,60,74,74,59,57,57,59,49,51,51,69,69,72,82,82,82,82,45],"gold":29,"neow_bonus":"ONE_RARE_RELIC","is_prod":false,"is_daily":false,"chose_seed":false,"campfire_upgraded":8,"win_rate":0,"timestamp":1554405830,"path_taken":["M","?","?","M","M","E","M","E","T","M","E","?","?","M","R","BOSS","M","$","M","M","?","R","E","R","T","E","M","$","R","?","R","BOSS","M","?","$","M","M","R","E","?","T","M","?","?","R","M","R","BOSS","R","$","E","BOSS"],"build_version":"2019-01-23","purchased_purges":0,"victory":true,"max_hp_per_floor":[72,72,72,72,72,72,72,72,72,72,72,72,72,72,72,72,72,72,72,72,72,72,72,72,72,72,74,74,74,74,74,74,74,74,76,76,76,76,76,76,76,76,76,78,78,80,80,82,82,82,82,82,82,82,82],"card_choices":[{"not_picked":["Iron Wave","True Grit"],"picked":"Shrug It Off","floor":1},{"not_picked":["Armaments","Cleave"],"picked":"Metallicize","floor":4},{"not_picked":["Pommel Strike","Body Slam"],"picked":"Clothesline","floor":5},{"not_picked":["Intimidate","Perfected Strike"],"picked":"Power Through","floor":6},{"not_picked":["Perfected Strike","Clothesline"],"picked":"Wild Strike","floor":7},{"not_picked":["Iron Wave","Heavy Blade"],"picked":"Demon Form","floor":8},{"not_picked":["Wild Strike","Havoc"],"picked":"Combust","floor":10},{"not_picked":["Clash","Sword Boomerang"],"picked":"Twin Strike","floor":11},{"not_picked":["Flex","Wild Strike"],"picked":"Rupture","floor":13},{"not_picked":["Juggernaut","Headbutt"],"picked":"Rampage","floor":14},{"not_picked":["Impervious","Exhume"],"picked":"Offering","floor":16},{"not_picked":["Sever Soul","Seeing Red"],"picked":"Shockwave","floor":18},{"not_picked":["Sword Boomerang","Sentinel"],"picked":"Armaments","floor":20},{"not_picked":["Headbutt","Shockwave","Armaments+1"],"picked":"SKIP","floor":21},{"not_picked":["Feel No Pain","Exhume"],"picked":"Corruption+1","floor":24},{"not_picked":["Blood for Blood","Heavy Blade+1","Rage"],"picked":"Singing Bowl","floor":27},{"not_picked":["Iron Wave","Combust+1"],"picked":"True Grit","floor":28},{"not_picked":["Heavy Blade+1","Cleave"],"picked":"Second Wind","floor":31},{"not_picked":["Barricade","Feed"],"picked":"Limit Break","floor":33},{"not_picked":["Anger","Metallicize+1","Thunderclap"],"picked":"Singing Bowl","floor":35},{"not_picked":["Cleave","Evolve"],"picked":"Corruption","floor":38},{"not_picked":["Clash+1","Twin Strike"],"picked":"Pummel","floor":39},{"not_picked":["Wild Strike+1","Ghostly Armor+1"],"picked":"Impervious+1","floor":41},{"not_picked":["Twin Strike","Thunderclap"],"picked":"Shrug It Off+1","floor":42},{"not_picked":["Sever Soul","Combust+1","Carnage+1"],"picked":"Singing Bowl","floor":44},{"not_picked":["Magnetism","Swift Strike","HandOfGreed"],"picked":"Singing Bowl","floor":46},{"not_picked":["Sever Soul","Pommel Strike","Hemokinesis"],"picked":"Singing Bowl","floor":48},{"not_picked":["Searing Blow","Twin Strike+1"],"picked":"Armaments+1","floor":54}],"player_experience":277769,"relics_obtained":[{"floor":6,"key":"Dream Catcher"},{"floor":8,"key":"Meat on the Bone"},{"floor":9,"key":"Bottled Flame"},{"floor":11,"key":"Blue Candle"},{"floor":24,"key":"Singing Bowl"},{"floor":26,"key":"Boot"},{"floor":27,"key":"Bird Faced Urn"},{"floor":41,"key":"Smiling Mask"},{"floor":41,"key":"Anchor"},{"floor":54,"key":"Unceasing Top"},{"floor":54,"key":"Kunai"}],"event_choices":[{"damage_healed":0,"gold_gain":0,"player_choice":"Entered Light","damage_taken":14,"max_hp_gain":0,"max_hp_loss":0,"event_name":"Shining Light","floor":2,"gold_loss":0,"cards_upgraded":["Defend_R","Defend_R"]},{"cards_removed":["Strike_R"],"damage_healed":0,"gold_gain":0,"player_choice":"Card Removal","damage_taken":7,"max_hp_gain":0,"max_hp_loss":0,"event_name":"Golden Wing","floor":3,"gold_loss":0},{"damage_healed":0,"gold_gain":100,"player_choice":"Pray","damage_taken":0,"max_hp_gain":0,"max_hp_loss":0,"event_name":"Golden Shrine","floor":12,"gold_loss":0},{"damage_healed":0,"gold_gain":0,"player_choice":"Got Potions","damage_taken":0,"max_hp_gain":0,"max_hp_loss":0,"event_name":"Lab","floor":22,"gold_loss":0},{"damage_healed":0,"gold_gain":0,"player_choice":"Gave Potion","damage_taken":0,"relics_obtained":["Toxic Egg 2"],"max_hp_gain":0,"max_hp_loss":0,"event_name":"WeMeetAgain","floor":36,"gold_loss":0},{"damage_healed":0,"gold_gain":0,"player_choice":"Embrace Madness","damage_taken":10,"max_hp_gain":0,"max_hp_loss":0,"event_name":"Winding Halls","floor":45,"gold_loss":0,"cards_obtained":["Madness","Madness"]},{"damage_healed":0,"gold_gain":0,"player_choice":"Memory 1","damage_taken":0,"max_hp_gain":0,"max_hp_loss":0,"event_name":"SensoryStone","floor":46,"gold_loss":0}],"is_beta":false,"boss_relics":[{"not_picked":["Coffee Dripper","Runic Pyramid"],"picked":"Ectoplasm"},{"not_picked":["Eternal Feather","Black Blood"],"picked":"Black Star"}],"items_purged_floors":[],"is_endless":false,"potions_floor_spawned":[4,6,11,16,21,28,33,39,44,48],"ascension_level":3}