{"gold_per_floor":[114,114,30,46,66,66,82,82,82,82,98,113,113,113,113,212,262,276,276,10,26,42,42,60,78,104,115,115,133,133,133,133,133],"floor_reached":33,"playtime":4625,"items_purged":["Strike_G"],"score":266,"play_id":"a67e6df2-1fe1-4c64-a69a-fcf47ac72bc5","local_time":"20190504134240","is_ascension_mode":false,"campfire_choices":[{"data":"Defend_G","floor":6,"key":"SMITH"},{"data":"Defend_G","floor":8,"key":"SMITH"},{"floor":13,"key":"REST"},{"floor":15,"key":"REST"},{"floor":23,"key":"REST"},{"floor":28,"key":"REST"},{"floor":32,"key":"REST"}],"neow_cost":"TEN_PERCENT_HP_LOSS","seed_source_timestamp":0,"circlet_count":0,"master_deck":["Defend_G+1","Defend_G+1","Defend_G","Defend_G","Defend_G","Survivor","Neutralize+1","Adrenaline","Endless Agony","After Image","Noxious Fumes+1","Poisoned Stab","Dodge and Roll","Terror","Sucker Punch+1","Quick Slash","Outmaneuver","Die Die Die","Leg Sweep","Endless Agony","Defend_G+1","PiercingWail","Endless Agony+1","Flying Knee","Blade Dance+1","Bullet Time","Dodge and Roll","Necronomicurse","Bite","Bite","Bite","Bite","Bite"],"special_seed":0,"relics":["Ring of the Snake","Bottled Tornado","Calipers","Tiny House","TwistedFunnel","Bronze Scales","Necronomicon"],"potions_floor_usage":[16],"damage_taken":[{"damage":3,"enemies":"Jaw Worm","floor":1,"turns":5},{"damage":0,"enemies":"Cultist","floor":4,"turns":3},{"damage":1,"enemies":"2 Louse","floor":5,"turns":3},{"damage":7,"enemies":"Blue Slaver","floor":7,"turns":3},{"damage":0,"enemies":"Looter","floor":11,"turns":3},{"damage":1,"enemies":"Lots of Slimes","floor":12,"turns":5},{"damage":17,"enemies":"Slime Boss","floor":16,"turns":15},{"damage":11,"enemies":"3 Byrds","floor":18,"turns":8},{"damage":1,"enemies":"2 Thieves","floor":21,"turns":5},{"damage":4,"enemies":"Centurion and Healer","floor":22,"turns":8},{"damage":7,"enemies":"Snecko","floor":24,"turns":8},{"damage":12,"enemies":"Snake Plant","floor":25,"turns":7},{"damage":4,"enemies":"Centurion and Healer","floor":27,"turns":7},{"damage":11,"enemies":"Shelled Parasite and Fungi","floor":29,"turns":4},{"damage":70,"enemies":"Collector","floor":33,"turns":9}],"seed_played":"8417954974775863777","potions_obtained":[{"floor":1,"key":"Dexterity Potion"},{"floor":5,"key":"PowerPotion"},{"floor":7,"key":"Fire Potion"},{"floor":16,"key":"Dexterity Potion"},{"floor":17,"key":"Fire Potion"},{"floor":22,"key":"GamblersBrew"},{"floor":29,"key":"Explosive Potion"}],"is_trial":false,"path_per_floor":["M","?","$","M","M","R","M","R","T","?","M","M","R","?","R","B",null,"M","?","$","M","M","R","M","M","T","M","R","M","?","?","R","B"],"character_chosen":"THE_SILENT","items_purchased":["Noxious Fumes","Poisoned Stab","TwistedFunnel"],"campfire_rested":5,"item_purchase_floors":[3,3,20],"current_hp_per_floor":[60,60,60,60,59,59,52,52,52,39,39,38,56,38,56,39,68,57,57,57,56,52,68,61,49,49,45,65,54,38,38,47,0],"gold":133,"neow_bonus":"THREE_RARE_CARDS","is_prod":false,"is_daily":false,"chose_seed":false,"campfire_upgraded":2,"win_rate":0.0,"timestamp":1556991760,"path_taken":["M","?","$","M","M","R","?","R","T","?","M","M","R","?","R","BOSS","M","?","$","M","M","R","M","?","T","M","R","M","?","?","R","BOSS"],"build_version":"2019-01-23","purchased_purges":1,"victory":false,"max_hp_per_floor":[63,63,63,63,63,63,63,63,63,63,63,63,63,63,63,63,68,68,68,68,68,68,68,68,68,68,68,68,68,68,47,47,47],"card_choices":[{"not_picked":["After Image","Malaise"],"picked":"Adrenaline","floor":0.0},{"not_picked":["Infinite Blades","Deflect"],"picked":"Endless Agony","floor":1},{"not_picked":["Prepared","Riddle With Holes"],"picked":"Dodge and Roll","floor":4},{"not_picked":["Flying Knee","Predator"],"picked":"Terror","floor":5},{"not_picked":["Footwork","Prepared"],"picked":"Sucker Punch","floor":7},{"not_picked":["Expertise","Bane"],"picked":"Quick Slash","floor":11},{"not_picked":["Dodge and Roll","Blade Dance"],"picked":"Outmaneuver","floor":12},{"not_picked":["Phantasmal Killer","Unload"],"picked":"Die Die Die","floor":16},{"not_picked":["Catalyst","Deadly Poison"],"picked":"Leg Sweep","floor":17},{"not_picked":["Prepared+1","Footwork+1"],"picked":"Endless Agony","floor":18},{"not_picked":["Deadly Poison","Bane"],"picked":"PiercingWail","floor":21},{"not_picked":["Eviscerate","Poisoned Stab"],"picked":"Endless Agony+1","floor":22},{"not_picked":["Prepared","Eviscerate"],"picked":"Flying Knee","floor":24},{"not_picked":["Calculated Gamble","Poisoned Stab"],"picked":"Blade Dance+1","floor":25},{"not_picked":["Poisoned Stab","Dagger Spray"],"picked":"Bullet Time","floor":27},{"not_picked":["Catalyst","Underhanded Strike+1"],"picked":"Dodge and Roll","floor":29}],"player_experience":49310,"relics_obtained":[{"floor":9,"key":"Bottled Tornado"},{"floor":26,"key":"Bronze Scales"},{"floor":30,"key":"Necronomicon"}],"event_choices":[{"damage_healed":0,"gold_gain":0,"cards_transformed":["Strike_G"],"player_choice":"Transformed","damage_taken":0,"max_hp_gain":0,"max_hp_loss":0,"event_name":"Transmorgrifier","floor":2,"gold_loss":0,"cards_obtained":["After Image"]},{"damage_healed":0,"gold_gain":0,"player_choice":"Entered Light","damage_taken":13,"max_hp_gain":0,"max_hp_loss":0,"event_name":"Shining Light","floor":10,"gold_loss":0,"cards_upgraded":["Sucker Punch","Neutralize"]},{"damage_healed":0,"gold_gain":0,"player_choice":"Success","damage_taken":18,"relics_obtained":["Calipers"],"max_hp_gain":0,"max_hp_loss":0,"event_name":"Scrap Ooze","floor":14,"gold_loss":0},{"damage_healed":0,"gold_gain":0,"player_choice":"Copied","damage_taken":0,"max_hp_gain":0,"max_hp_loss":0,"event_name":"Duplicator","floor":19,"gold_loss":0,"cards_obtained":["Defend_G"]},{"damage_healed":0,"gold_gain":0,"player_choice":"Obtained Book","damage_taken":16,"max_hp_gain":0,"max_hp_loss":0,"event_name":"Cursed Tome","floor":30,"gold_loss":0},{"damage_healed":0,"gold_gain":0,"player_choice":"Became a vampire","damage_taken":0,"max_hp_gain":0,"max_hp_loss":21,"event_name":"Vampires","floor":31,"gold_loss":0,"cards_obtained":["Bite","Bite","Bite","Bite","Bite"]}],"is_beta":false,"boss_relics":[{"not_picked":["Velvet Choker","Eternal Feather"],"picked":"Tiny House"}],"items_purged_floors":[20],"is_endless":false,"potions_floor_spawned":[1,5,7,16,22,24,29],"killed_by":"Collector","ascension_level":0}