{"path_per_floor":["M","?","?","M","M","R","E","?","T","R","M","E","R","M","R","B",null,"M","M","M","?","$","R","M","M","T","R","M","R","E","$","R","B",null,"M","$","$","?","M","R","M","R","T","R","M","$","M","M","R"],"character_chosen":"THE_SILENT","items_purchased":["Cloak And Dagger","Infinite Blades","Bag of Marbles","Well Laid Plans","Cloak And Dagger","Flying Knee","Infinite Blades","Infinite Blades","Sucker Punch"],"gold_per_floor":[11,11,11,24,43,43,68,68,68,68,78,109,109,125,125,229,229,246,264,277,277,30,30,49,59,59,59,77,77,110,30,30,130,130,141,51,13,13,26,26,41,41,41,41,57,31,41,60,60],"floor_reached":50,"campfire_rested":8,"playtime":4418,"current_hp_per_floor":[84,84,84,82,82,82,23,28,42,72,62,58,88,88,88,55,103,100,95,61,95,95,95,66,61,61,91,67,97,74,74,103,38,103,98,98,98,85,58,88,56,86,86,86,86,86,53,22,52],"items_purged":[],"gold":60,"score":499,"play_id":"793a4888-e821-425b-9950-20e8f3cbff9c","is_prod":false,"is_daily":false,"is_ascension_mode":false,"campfire_upgraded":4,"path_taken":["M","?","?","M","M","R","E","?","T","R","M","E","R","M","R","BOSS","M","M","?","?","?","R","M","M","T","R","?","R","E","$","R","BOSS","M","?","$","?","?","R","M","R","T","R","?","?","M","M","R","BOSS"],"build_version":"2018-02-15-PROD1","purchased_purges":0,"victory":false,"master_deck":["Defend_G","Defend_G","Defend_G","Defend_G","Defend_G","Strike_G","Strike_G","Strike_G","Strike_G","Survivor","Neutralize+1","Backflip","Accuracy+1","Slice","Skewer","Storm of Steel+1","Finisher","Dagger Throw","After Image","Calculated Gamble+1","PiercingWail","Backstab+1","Cloak And Dagger","Infinite Blades","Sucker Punch+1","Prepared","Adrenaline","Phantasmal Killer","Well Laid Plans","Cloak And Dagger","Glass Knife","Dagger Throw+1","Flying Knee","Infinite Blades","Infinite Blades","Madness","Madness","Deflect","Terror+1","Outmaneuver","Sucker Punch","Cloak And Dagger+1","Acrobatics+1"],"max_hp_per_floor":[84,84,84,84,84,84,84,89,103,103,103,103,103,103,103,103,103,103,103,103,103,103,103,103,103,103,103,103,103,103,103,103,103,103,103,103,103,103,103,103,103,103,103,103,103,103,103,103,103],"relics":["Ring of the Snake","Mummified Hand","Mango","Bronze Scales","Sozu","Bag of Marbles","Ginger","Bottled Flame","The Specimen","Thread and Needle"],"card_choices":[{"not_picked":["Dagger Spray","Deflect"],"picked":"Backflip"},{"not_picked":["Poisoned Stab","Masterful Stab"],"picked":"Accuracy"},{"not_picked":["Dodge and Roll","Dagger Spray"],"picked":"Slice"},{"not_picked":["Deflect","Dodge and Roll"],"picked":"Skewer"},{"not_picked":["Crippling Poison","Terror"],"picked":"Storm of Steel"},{"not_picked":["A Thousand Cuts","Backflip"],"picked":"Finisher"},{"not_picked":["Flechettes","Dagger Spray"],"picked":"Dagger Throw"},{"not_picked":["Die Die Die","Corpse Explosion"],"picked":"After Image"},{"not_picked":["Bane","Deadly Poison"],"picked":"Calculated Gamble"},{"not_picked":["Dagger Spray","Acrobatics"],"picked":"PiercingWail"},{"not_picked":["Dodge and Roll","Deadly Poison"],"picked":"Backstab"},{"not_picked":["Riddle With Holes","Reflex"],"picked":"Sucker Punch"},{"not_picked":["Underhanded Strike","Deadly Poison"],"picked":"Prepared"},{"not_picked":["Prepared","Dagger Throw"],"picked":"Adrenaline"},{"not_picked":["Masterful Stab","Catalyst"],"picked":"Phantasmal Killer"},{"not_picked":["Venomology","Burst"],"picked":"Glass Knife"},{"not_picked":["Backflip","Well Laid Plans"],"picked":"Dagger Throw"},{"not_picked":["Slice","Well Laid Plans"],"picked":"Deflect"},{"not_picked":["Flechettes","Malaise"],"picked":"Terror"},{"not_picked":["Quick Slash","PiercingWail"],"picked":"Outmaneuver"},{"not_picked":["Terror","PiercingWail"],"picked":"Cloak And Dagger"},{"not_picked":["Riddle With Holes","Slice"],"picked":"Acrobatics"}],"player_experience":65112,"potions_floor_usage":[12,16],"damage_taken":[{"damage":0,"enemies":"Jaw Worm","floor":1,"turns":6},{"damage":2,"enemies":"Cultist","floor":4,"turns":5},{"damage":0,"enemies":"Small Slimes","floor":5,"turns":6},{"damage":59,"enemies":"Gremlin Nob","floor":7,"turns":7},{"damage":10,"enemies":"2 Fungi Beasts","floor":11,"turns":5},{"damage":16,"enemies":"Lagavulin","floor":12,"turns":5},{"damage":0,"enemies":"Looter","floor":14,"turns":3},{"damage":33,"enemies":"Hexaghost","floor":16,"turns":9},{"damage":3,"enemies":"Spheric Guardian","floor":18,"turns":4},{"damage":5,"enemies":"Chosen","floor":19,"turns":5},{"damage":34,"enemies":"3 Cultists","floor":20,"turns":6},{"damage":29,"enemies":"Snake Plant","floor":24,"turns":3},{"damage":5,"enemies":"Sentry and Sphere","floor":25,"turns":5},{"damage":24,"enemies":"Chosen and Byrds","floor":28,"turns":6},{"damage":23,"enemies":"Book of Stabbing","floor":30,"turns":5},{"damage":65,"enemies":"Champ","floor":33,"turns":12},{"damage":5,"enemies":"3 Shapes","floor":35,"turns":5},{"damage":27,"enemies":"3 Darklings","floor":39,"turns":6},{"damage":32,"enemies":"Sphere and 2 Shapes","floor":41,"turns":5},{"damage":0,"enemies":"Maw","floor":45,"turns":6},{"damage":33,"enemies":"4 Shapes","floor":47,"turns":7},{"damage":31,"enemies":"Sphere and 2 Shapes","floor":48,"turns":7},{"damage":53,"enemies":"Donu and Deca","floor":50,"turns":7}],"event_choices":[{"event_name":"The Cleric","player_choice":"Leave","floor":2,"damage_taken":0},{"event_name":"Living Wall","player_choice":"Forget","floor":3,"damage_taken":0},{"event_name":"Big Fish","player_choice":"Donut","floor":8,"damage_taken":0},{"event_name":"The Library","player_choice":"Heal","floor":21,"damage_taken":0},{"event_name":"Winding Halls","player_choice":"Embrace Madness","floor":38,"damage_taken":0}],"boss_relics":[{"not_picked":["White Beast Statue","Velvet Choker"],"picked":"Sozu"},{"not_picked":["Runic Dome","Snecko Eye"],"picked":"The Specimen"}],"potions_floor_spawned":[11,12,14,20,25,33,39,45,48],"seed_played":"2550511168211337175","killed_by":"Donu and Deca","ascension_level":0,"is_trial":false}