{"gold_per_floor":[111,81,101,42,62,62,87,87,112,139,139,153,153,181,181,181],"floor_reached":16,"playtime":307,"items_purged":[],"score":316,"play_id":"ac18bcf3-da9d-4580-8cb8-a493fd1ee912","local_time":"20190513230146","is_ascension_mode":true,"campfire_choices":[{"data":"Chaos","floor":6.0,"key":"SMITH"},{"data":"Defragment","floor":8.0,"key":"SMITH"},{"data":"Recycle","floor":15.0,"key":"SMITH"}],"neow_cost":"NONE","seed_source_timestamp":287296176096186,"circlet_count":0,"master_deck":["AscendersBane","Strike_B","Strike_B","Strike_B","Defend_B","Defend_B","Defend_B","Defend_B","Zap","Dualcast","Defragment+1","Chaos+1","Coolheaded","Recycle+1","Cold Snap","Ball Lightning","White Noise","Amplify"],"special_seed":0,"relics":["Cracked Core","NeowsBlessing","Dream Catcher","PreservedInsect","Symbiotic Virus","Odd Mushroom"],"potions_floor_usage":[16,16],"damage_taken":[{"damage":0.0,"enemies":"Small Slimes","floor":1.0,"turns":1.0},{"damage":0.0,"enemies":"Cultist","floor":3.0,"turns":1.0},{"damage":0.0,"enemies":"2 Louse","floor":5.0,"turns":1.0},{"damage":22.0,"enemies":"3 Sentries","floor":7.0,"turns":8.0},{"damage":21.0,"enemies":"Gremlin Nob","floor":10.0,"turns":4.0},{"damage":3.0,"enemies":"Exordium Wildlife","floor":12.0,"turns":4.0},{"damage":16.0,"enemies":"The Mushroom Lair","floor":14.0,"turns":4.0},{"damage":4,"enemies":"The Guardian","floor":16,"turns":3}],"seed_played":"-2596847168136257782","potions_obtained":[{"floor":2.0,"key":"FocusPotion"},{"floor":2.0,"key":"SpeedPotion"},{"floor":5.0,"key":"AttackPotion"},{"floor":12.0,"key":"LiquidBronze"},{"floor":14.0,"key":"PowerPotion"}],"is_trial":false,"path_per_floor":["M","?","M","$","M","R","E","R","T","E","?","M","?","?","R","B"],"character_chosen":"DEFECT","items_purchased":["Coolheaded"],"campfire_rested":0,"item_purchase_floors":[4],"current_hp_per_floor":[64,64,64,64,64,64,42,42,42,21,21,18,18,2,2,0],"gold":181,"neow_bonus":"THREE_ENEMY_KILL","is_prod":false,"is_daily":false,"chose_seed":false,"campfire_upgraded":3,"win_rate":0,"timestamp":1557759706,"path_taken":["M","?","?","$","M","R","E","R","T","E","?","M","?","?","R","BOSS"],"build_version":"2019-01-23","purchased_purges":0,"victory":false,"max_hp_per_floor":[71,71,71,71,71,71,71,71,71,71,71,71,71,71,71,71],"card_choices":[{"not_picked":["Stack","Tempest"],"picked":"Defragment","floor":1.0},{"not_picked":["Redo","Darkness"],"picked":"Chaos","floor":3.0},{"not_picked":["Darkness","Ball Lightning"],"picked":"Recycle","floor":5.0},{"not_picked":["Gash","Force Field"],"picked":"Cold Snap","floor":7.0},{"not_picked":["Hologram","White Noise"],"picked":"Ball Lightning","floor":10.0},{"not_picked":["Static Discharge","Ball Lightning"],"picked":"White Noise","floor":12.0},{"not_picked":["Stack","Sweeping Beam"],"picked":"Amplify","floor":14.0}],"player_experience":1658332,"relics_obtained":[{"floor":7.0,"key":"Dream Catcher"},{"floor":9.0,"key":"PreservedInsect"},{"floor":10.0,"key":"Symbiotic Virus"},{"floor":14.0,"key":"Odd Mushroom"}],"event_choices":[{"damage_healed":0.0,"max_hp_gain":0.0,"max_hp_loss":0.0,"gold_gain":0.0,"event_name":"The Woman in Blue","player_choice":"Bought 2 Potions","floor":2.0,"gold_loss":0.0,"damage_taken":0.0},{"cards_removed":["Strike_B"],"damage_healed":0.0,"max_hp_gain":0.0,"max_hp_loss":0.0,"gold_gain":0.0,"event_name":"Living Wall","player_choice":"Forget","floor":11.0,"gold_loss":0.0,"damage_taken":0.0},{"damage_healed":0.0,"max_hp_gain":0.0,"max_hp_loss":0.0,"gold_gain":0.0,"event_name":"Liars Game","player_choice":"Ignored","floor":13.0,"gold_loss":0.0,"damage_taken":0.0},{"damage_healed":0.0,"max_hp_gain":0.0,"max_hp_loss":0.0,"gold_gain":0.0,"event_name":"Mushrooms","player_choice":"Fought Mushrooms","floor":14.0,"gold_loss":0.0,"damage_taken":0.0}],"is_beta":false,"boss_relics":[],"items_purged_floors":[],"is_endless":false,"potions_floor_spawned":[3,5,12,14],"killed_by":"The Guardian","ascension_level":20}