{"gold_per_floor":[114,42,117,117,170,170,194,51,51,68,68,99,115,147,147,244,244,257,257,257,33,50,50,60,73,97,97,0,11,11,11,11,11],"floor_reached":33,"playtime":2888,"items_purged":["Defend_R"],"score":467,"play_id":"491edde7-437a-4127-a619-6a24332f8848","local_time":"20190315225220","is_ascension_mode":true,"campfire_choices":[{"data":"Cleave","floor":6,"key":"SMITH"},{"data":"Flame Barrier","floor":11,"key":"SMITH"},{"data":"Bash","floor":15,"key":"SMITH"},{"floor":23,"key":"REST"},{"floor":27,"key":"REST"},{"floor":32,"key":"REST"}],"neow_cost":"NONE","seed_source_timestamp":100067080284600,"circlet_count":0,"master_deck":["AscendersBane","Defend_R","Defend_R","Defend_R","Bash+1","Cleave+1","Bludgeon","Flame Barrier+1","Power Through","Headbutt","Spot Weakness","Limit Break","Pommel Strike","Bite","Bite","Bite","Bite","Bite","Headbutt+1","True Grit"],"relics":["Black Blood","Whetstone","Odd Mushroom","Vajra","Darkstone Periapt","PreservedInsect","Lantern","Regal Pillow","Blood Vial","Pear"],"potions_floor_usage":[12,25,33],"damage_taken":[{"damage":1,"enemies":"Jaw Worm","floor":1,"turns":5},{"damage":19,"enemies":"The Mushroom Lair","floor":7,"turns":4},{"damage":0,"enemies":"Small Slimes","floor":10,"turns":4},{"damage":4,"enemies":"3 Sentries","floor":12,"turns":5},{"damage":0,"enemies":"2 Louse","floor":13,"turns":3},{"damage":0,"enemies":"Gremlin Nob","floor":14,"turns":2},{"damage":37,"enemies":"Slime Boss","floor":16,"turns":9},{"damage":16,"enemies":"Spheric Guardian","floor":18,"turns":5},{"damage":27,"enemies":"Colosseum Slavers","floor":19,"turns":5},{"damage":29,"enemies":"3 Byrds","floor":22,"turns":5},{"damage":24,"enemies":"Snecko","floor":24,"turns":5},{"damage":78,"enemies":"Cultist and Chosen","floor":25,"turns":7},{"damage":42,"enemies":"Chosen and Byrds","floor":29,"turns":8},{"damage":110,"enemies":"Champ","floor":33,"turns":16}],"seed_played":"8725259362007399476","potions_obtained":[{"floor":1,"key":"Strength Potion"},{"floor":10,"key":"Energy Potion"},{"floor":14,"key":"FairyPotion"},{"floor":24,"key":"PowerPotion"},{"floor":29,"key":"AttackPotion"}],"is_trial":false,"path_per_floor":["M","$","?","?","?","R","?","$","T","M","R","E","M","E","R","B",null,"M","?","?","$","M","R","M","M","T","R","?","M","$","?","R","B"],"character_chosen":"IRONCLAD","items_purchased":["Bludgeon","Vajra","Regal Pillow"],"campfire_rested":3,"item_purchase_floors":[2,8,21],"current_hp_per_floor":[77,77,66,66,66,66,53,53,53,59,59,61,67,73,73,42,71,65,48,48,48,35,56,46,17,17,48,48,30,30,40,66,0],"gold":11,"neow_bonus":"RANDOM_COMMON_RELIC","is_prod":false,"is_daily":false,"chose_seed":false,"campfire_upgraded":3,"win_rate":0,"timestamp":1552686740,"path_taken":["M","$","?","?","?","R","?","$","T","M","R","E","M","E","R","BOSS","M","?","?","$","M","R","M","M","T","R","?","?","$","?","R","BOSS"],"build_version":"2019-01-23","purchased_purges":1,"victory":false,"max_hp_per_floor":[80,80,80,80,80,80,80,80,80,80,80,80,80,80,80,80,80,80,80,56,56,56,56,56,56,56,56,56,56,56,66,66,66],"card_choices":[{"not_picked":["Clothesline","Flex"],"picked":"Cleave","floor":1},{"not_picked":["Cleave","Clash"],"picked":"Flame Barrier","floor":7},{"not_picked":["Second Wind","Iron Wave"],"picked":"Power Through","floor":10},{"not_picked":["Flex","Clothesline"],"picked":"Headbutt","floor":12},{"not_picked":["Searing Blow","Headbutt","Combust"],"picked":"SKIP","floor":13},{"not_picked":["Wild Strike","Sword Boomerang"],"picked":"Spot Weakness","floor":14},{"not_picked":["Exhume","Juggernaut"],"picked":"Limit Break","floor":16},{"not_picked":["Metallicize","Hemokinesis"],"picked":"Pommel Strike","floor":18},{"not_picked":["Body Slam","Perfected Strike"],"picked":"Headbutt+1","floor":22},{"not_picked":["Shockwave","Whirlwind","Body Slam"],"picked":"SKIP","floor":24},{"not_picked":["Shrug It Off","Entrench"],"picked":"True Grit","floor":25},{"not_picked":["Perfected Strike","Anger","Whirlwind"],"picked":"SKIP","floor":29}],"player_experience":1517201,"relics_obtained":[{"floor":7,"key":"Odd Mushroom"},{"floor":9,"key":"Darkstone Periapt"},{"floor":12,"key":"PreservedInsect"},{"floor":14,"key":"Lantern"},{"floor":26,"key":"Blood Vial"}],"event_choices":[{"damage_healed":0,"gold_gain":75,"player_choice":"Gather Gold","damage_taken":11,"max_hp_gain":0,"max_hp_loss":0,"event_name":"World of Goop","floor":3,"gold_loss":0},{"cards_removed":["Strike_R"],"damage_healed":0,"gold_gain":0,"player_choice":"Forget","damage_taken":0,"max_hp_gain":0,"max_hp_loss":0,"event_name":"Living Wall","floor":4,"gold_loss":0},{"damage_healed":0,"gold_gain":53,"player_choice":"Gained Gold","damage_taken":0,"max_hp_gain":0,"max_hp_loss":0,"event_name":"Golden Wing","floor":5,"gold_loss":0},{"damage_healed":0,"gold_gain":0,"player_choice":"Fought Mushrooms","damage_taken":0,"max_hp_gain":0,"max_hp_loss":0,"event_name":"Mushrooms","floor":7,"gold_loss":0},{"damage_healed":0,"gold_gain":0,"player_choice":"Fight","damage_taken":0,"max_hp_gain":0,"max_hp_loss":0,"event_name":"Colosseum","floor":19,"gold_loss":0},{"damage_healed":0,"gold_gain":0,"player_choice":"Fled From Nobs","damage_taken":0,"max_hp_gain":0,"max_hp_loss":0,"event_name":"Colosseum","floor":19,"gold_loss":0},{"damage_healed":0,"gold_gain":0,"player_choice":"Became a vampire","damage_taken":0,"max_hp_gain":0,"max_hp_loss":24,"event_name":"Vampires","floor":20,"gold_loss":0,"cards_obtained":["Bite","Bite","Bite","Bite","Bite"]},{"damage_healed":0,"gold_gain":0,"player_choice":"Paid Fearfully","damage_taken":0,"max_hp_gain":0,"max_hp_loss":0,"event_name":"Masked Bandits","floor":28,"gold_loss":97},{"damage_healed":0,"gold_gain":0,"player_choice":"Opened","damage_taken":0,"relics_obtained":["Pear"],"max_hp_gain":0,"max_hp_loss":0,"event_name":"The Mausoleum","floor":31,"gold_loss":0}],"is_beta":false,"boss_relics":[{"not_picked":["Eternal Feather","Astrolabe"],"picked":"Black Blood"}],"items_purged_floors":[21],"is_endless":false,"potions_floor_spawned":[1,10,14,18,24,29],"killed_by":"Champ","ascension_level":12}