{"gold_per_floor":[116,40,40,58,58,58,91,91,91,129,94,13,13,52,52,182,182,152,0,0,0,20,20],"floor_reached":23,"playtime":1174,"items_purged":[],"score":284,"play_id":"b0d617f8-a70b-4fc8-9cc7-b4e04427e18a","local_time":"20190110203713","is_ascension_mode":true,"campfire_choices":[{"floor":6,"key":"REST"},{"floor":13,"key":"REST"},{"floor":15,"key":"REST"}],"neow_cost":"CURSE","seed_source_timestamp":64164774550700,"circlet_count":0,"master_deck":["Zap+1","Dualcast","Redo","Self Repair","Recycle","Redo+1","Injury","Redo+1","Defragment","Fission+1","Barrage","Loop","Heatsinks","Cold Snap","Barrage","Gash","Lockon","Consume+1","Undo+1","Turbo+1"],"relics":["Cracked Core","Ice Cream","Toxic Egg 2","Golden Idol","Bottled Lightning","Blood Vial","Boot","Pandora\u0027s Box","Darkstone Periapt"],"potions_floor_usage":[10,16,18],"damage_taken":[{"damage":7,"enemies":"Jaw Worm","floor":1,"turns":3},{"damage":18,"enemies":"Small Slimes","floor":4,"turns":3},{"damage":27,"enemies":"Lagavulin","floor":7,"turns":8},{"damage":17,"enemies":"3 Sentries","floor":10,"turns":7},{"damage":55,"enemies":"Gremlin Nob","floor":14,"turns":5},{"damage":47,"enemies":"The Guardian","floor":16,"turns":12},{"damage":29,"enemies":"2 Thieves","floor":18,"turns":5},{"damage":30,"enemies":"3 Byrds","floor":22,"turns":5},{"damage":29,"enemies":"Slavers","floor":23,"turns":1}],"seed_played":"-7791684995494491697","potions_obtained":[{"floor":7,"key":"Fire Potion"},{"floor":10,"key":"Regen Potion"},{"floor":14,"key":"SteroidPotion"}],"is_trial":false,"path_per_floor":["M","$","?","M","?","R","E","?","T","E","?","$","R","E","R","B",null,"M","?","T","$","M","E"],"character_chosen":"DEFECT","items_purchased":["Self Repair","Defragment"],"campfire_rested":3,"item_purchase_floors":[2,12],"current_hp_per_floor":[61,61,46,35,35,57,37,37,37,27,45,45,67,21,43,20,61,41,41,41,41,20,0],"gold":20,"neow_bonus":"ONE_RARE_RELIC","is_prod":false,"is_daily":false,"chose_seed":false,"campfire_upgraded":0,"win_rate":0,"timestamp":1547149033,"path_taken":["M","$","?","M","?","R","E","?","T","E","?","?","R","E","R","BOSS","M","?","?","$","M","E"],"build_version":"2019-01-03v4","purchased_purges":0,"victory":false,"max_hp_per_floor":[75,75,75,75,75,75,75,75,75,75,75,75,75,75,75,75,75,75,75,75,75,75,75],"card_choices":[{"not_picked":["Gash","Sweeping Beam"],"picked":"Redo","floor":1},{"not_picked":["Beam Cell","Aggregate"],"picked":"Recycle","floor":4},{"not_picked":["Streamline","Heatsinks"],"picked":"Redo","floor":7},{"not_picked":["Storm","Turbo+1"],"picked":"Redo+1","floor":10},{"not_picked":["Steam Power+1","Reboot+1","Hello World"],"picked":"SKIP","floor":14},{"not_picked":["Echo Form","Seek+1"],"picked":"Fission+1","floor":16},{"not_picked":["Reinforced Body+1","Capacitor+1"],"picked":"Undo+1","floor":18},{"not_picked":["Leap+1","Hologram+1"],"picked":"Turbo+1","floor":22}],"player_experience":1084353,"relics_obtained":[{"floor":7,"key":"Toxic Egg 2"},{"floor":9,"key":"Bottled Lightning"},{"floor":10,"key":"Blood Vial"},{"floor":14,"key":"Boot"},{"floor":20,"key":"Darkstone Periapt"}],"event_choices":[{"damage_healed":0,"gold_gain":0,"player_choice":"Entered Light","damage_taken":15,"max_hp_gain":0,"max_hp_loss":0,"event_name":"Shining Light","floor":3,"gold_loss":0,"cards_upgraded":["Zap","Defend_B"]},{"cards_removed":["Shame"],"damage_healed":0,"gold_gain":0,"player_choice":"Forget","damage_taken":0,"max_hp_gain":0,"max_hp_loss":0,"event_name":"Living Wall","floor":5,"gold_loss":0},{"damage_healed":0,"gold_gain":0,"player_choice":"Take Wound","damage_taken":0,"relics_obtained":["Golden Idol"],"max_hp_gain":0,"max_hp_loss":0,"event_name":"Golden Idol","floor":8,"gold_loss":0,"cards_obtained":["Injury"]},{"damage_healed":18,"gold_gain":0,"player_choice":"Healed","damage_taken":0,"max_hp_gain":0,"max_hp_loss":0,"event_name":"The Cleric","floor":11,"gold_loss":35},{"damage_healed":0,"gold_gain":0,"player_choice":"Paid Fearfully","damage_taken":0,"max_hp_gain":0,"max_hp_loss":0,"event_name":"Masked Bandits","floor":19,"gold_loss":152}],"is_beta":false,"boss_relics":[{"not_picked":["Runic Dome","Lizard Tail"],"picked":"Pandora\u0027s Box"}],"items_purged_floors":[],"is_endless":false,"potions_floor_spawned":[7,10,14],"killed_by":"Slavers","ascension_level":8}