{"gold_per_floor":[115,127,127,138,10,10,43,43,43,43,55,69,103,116,116,188,188,203,303,147,167,217,217,230,230],"floor_reached":25,"playtime":867,"items_purged":["Strike_B"],"score":426,"play_id":"0252d3c1-6a96-4107-874b-7d89162dfa38","local_time":"20190514194631","is_ascension_mode":true,"campfire_choices":[{"data":"Zap","floor":6.0,"key":"SMITH"},{"data":"Dualcast","floor":8.0,"key":"SMITH"},{"data":"Defragment","floor":15.0,"key":"SMITH"},{"data":"Coolheaded","floor":23.0,"key":"SMITH"}],"neow_cost":"NONE","seed_source_timestamp":361203090362558,"circlet_count":0,"master_deck":["AscendersBane","Strike_B","Strike_B","Defend_B","Defend_B","Defend_B","Defend_B","Zap+1","Dualcast+1","Coolheaded+1","Conserve Battery","Cold Snap","Go for the Eyes","Melter","BootSequence","Self Repair","Hello World","Defragment+1","Echo Form","Chill+1","Heatsinks","Heatsinks+1"],"special_seed":0,"relics":["Cracked Core","NeowsBlessing","Emotion Chip","Dead Branch","Bottled Lightning","Nuclear Battery","Shovel"],"potions_floor_usage":[],"damage_taken":[{"damage":0.0,"enemies":"2 Louse","floor":1.0,"turns":1.0},{"damage":0.0,"enemies":"Cultist","floor":2.0,"turns":1.0},{"damage":0.0,"enemies":"Small Slimes","floor":4.0,"turns":1.0},{"damage":32.0,"enemies":"Gremlin Nob","floor":7.0,"turns":4.0},{"damage":0.0,"enemies":"Exordium Wildlife","floor":11.0,"turns":5.0},{"damage":2.0,"enemies":"Blue Slaver","floor":12.0,"turns":3.0},{"damage":1.0,"enemies":"Lagavulin","floor":13.0,"turns":6.0},{"damage":0.0,"enemies":"Large Slime","floor":14.0,"turns":5.0},{"damage":3.0,"enemies":"The Guardian","floor":16.0,"turns":10.0},{"damage":0.0,"enemies":"Spheric Guardian","floor":18.0,"turns":3.0},{"damage":12.0,"enemies":"Colosseum Slavers","floor":19.0,"turns":5.0},{"damage":55.0,"enemies":"Colosseum Nobs","floor":19.0,"turns":5.0},{"damage":8.0,"enemies":"Chosen","floor":21.0,"turns":6.0},{"damage":2.0,"enemies":"Snake Plant","floor":24.0,"turns":5.0},{"damage":26,"enemies":"Slavers","floor":25,"turns":3}],"seed_played":"8440778313383793561","potions_obtained":[{"floor":2.0,"key":"Strength Potion"},{"floor":7.0,"key":"Poison Potion"},{"floor":19.0,"key":"FearPotion"}],"is_trial":false,"path_per_floor":["M","M","?","M","$","R","E","R","T","$","M","M","E","M","R","B",null,"M","?","$","M","?","R","M","E"],"character_chosen":"DEFECT","items_purchased":["Melter","BootSequence","Heatsinks"],"campfire_rested":0,"item_purchase_floors":[5,5,20],"current_hp_per_floor":[64,64,64,64,64,64,32,32,32,32,39,37,43,50,50,54,67,67,21,21,20,20,20,25,0],"gold":230,"neow_bonus":"THREE_ENEMY_KILL","is_prod":false,"is_daily":false,"chose_seed":false,"campfire_upgraded":4,"win_rate":0,"timestamp":1557834391,"path_taken":["M","M","?","M","$","R","E","R","T","$","M","M","E","?","R","BOSS","M","?","$","M","?","R","M","E"],"build_version":"2019-01-23","purchased_purges":1,"victory":false,"max_hp_per_floor":[71,71,71,71,71,71,71,71,71,71,71,71,71,71,71,71,71,71,71,71,71,71,71,71,71],"card_choices":[{"not_picked":["Conserve Battery","Aggregate"],"picked":"Coolheaded","floor":1.0},{"not_picked":["Steam","Stack"],"picked":"Conserve Battery","floor":2.0},{"not_picked":["Sweeping Beam","Steam"],"picked":"Go for the Eyes","floor":4.0},{"not_picked":["Turbo","Beam Cell"],"picked":"Self Repair","floor":7.0},{"not_picked":["Force Field","Hyperbeam","Conserve Battery"],"picked":"SKIP","floor":11.0},{"not_picked":["Conserve Battery","Go for the Eyes","Rebound"],"picked":"SKIP","floor":12.0},{"not_picked":["Amplify","Steam"],"picked":"Hello World","floor":13.0},{"not_picked":["Self Repair","Beam Cell"],"picked":"Defragment","floor":14.0},{"not_picked":["Amplify","Core Surge"],"picked":"Echo Form","floor":16.0},{"not_picked":["Streamline+1","Go for the Eyes","Stack"],"picked":"SKIP","floor":18.0},{"not_picked":["Cold Snap","Rebound"],"picked":"Chill+1","floor":19.0},{"not_picked":["Sweeping Beam","Double Energy"],"picked":"Heatsinks+1","floor":21.0},{"not_picked":["Rebound","Conserve Battery","Leap"],"picked":"SKIP","floor":24.0}],"player_experience":1685933,"relics_obtained":[{"floor":7.0,"key":"Emotion Chip"},{"floor":9.0,"key":"Dead Branch"},{"floor":13.0,"key":"Bottled Lightning"},{"floor":19.0,"key":"Shovel"}],"event_choices":[{"damage_healed":0.0,"max_hp_gain":0.0,"max_hp_loss":0.0,"gold_gain":0.0,"cards_transformed":["Strike_B"],"event_name":"Transmorgrifier","player_choice":"Transformed","floor":3.0,"gold_loss":0.0,"damage_taken":0.0,"cards_obtained":["Cold Snap"]},{"damage_healed":0.0,"max_hp_gain":0.0,"max_hp_loss":0.0,"gold_gain":0.0,"event_name":"Colosseum","player_choice":"Fight","floor":19.0,"gold_loss":0.0,"damage_taken":0.0},{"damage_healed":0.0,"max_hp_gain":0.0,"max_hp_loss":0.0,"gold_gain":0.0,"event_name":"Colosseum","player_choice":"Fought Nobs","floor":19.0,"gold_loss":0.0,"damage_taken":0.0},{"damage_healed":0.0,"max_hp_gain":0.0,"max_hp_loss":0.0,"gold_gain":100.0,"event_name":"The Joust","player_choice":"Bet on Murderer","floor":22.0,"gold_loss":50.0,"damage_taken":0.0}],"is_beta":false,"boss_relics":[{"not_picked":["Fusion Hammer","Orrery"],"picked":"Nuclear Battery"}],"items_purged_floors":[20],"is_endless":false,"potions_floor_spawned":[2,7,12,16,19,19],"killed_by":"Slavers","ascension_level":20}