{"gold_per_floor":[115,115,40,40,54,86,96,110,182,182,202,217,193,193,193,269,269,282,131,131,131],"floor_reached":21,"playtime":739,"items_purged":["Regret"],"score":329,"play_id":"b7142630-194a-4817-8e79-168fd3cc0c0c","local_time":"20190413182714","is_ascension_mode":true,"campfire_choices":[{"floor":10,"key":"REST"},{"floor":15,"key":"REST"}],"neow_cost":"NONE","seed_source_timestamp":236934671267600,"circlet_count":0,"master_deck":["AscendersBane","Defend_R","Defend_R","Defend_R","Defend_R","Bash","Demon Form","Havoc","Fiend Fire","Body Slam","Anger","Entrench","Rage","Exhume","Impervious","Bite","Bite","Bite","Bite","Bite"],"relics":["Burning Blood","Peace Pipe","Omamori","Pear","Dodecahedron","Philosopher\u0027s Stone","Orichalcum"],"potions_floor_usage":[7,8,16,21,21],"damage_taken":[{"damage":15,"enemies":"Small Slimes","floor":1,"turns":5},{"damage":18,"enemies":"Jaw Worm","floor":5,"turns":4},{"damage":16,"enemies":"Gremlin Nob","floor":6,"turns":3},{"damage":6,"enemies":"Cultist","floor":7,"turns":3},{"damage":33,"enemies":"Large Slime","floor":8,"turns":6},{"damage":20,"enemies":"Exordium Wildlife","floor":11,"turns":3},{"damage":6,"enemies":"Blue Slaver","floor":12,"turns":4},{"damage":55,"enemies":"Hexaghost","floor":16,"turns":8},{"damage":23,"enemies":"Chosen","floor":18,"turns":6},{"damage":66,"enemies":"3 Byrds","floor":21,"turns":5}],"seed_played":"8691114202307378894","potions_obtained":[{"floor":5,"key":"AttackPotion"},{"floor":7,"key":"BloodPotion"},{"floor":8,"key":"LiquidBronze"},{"floor":16,"key":"Energy Potion"},{"floor":18,"key":"EssenceOfSteel"}],"is_trial":false,"path_per_floor":["M","?","$","?","M","E","M","M","T","R","M","M","?","T","R","B",null,"M","$","?","M"],"character_chosen":"IRONCLAD","items_purchased":["Orichalcum"],"campfire_rested":2,"item_purchase_floors":[19],"current_hp_per_floor":[59,59,59,59,47,37,37,17,27,52,38,38,38,38,63,14,67,50,50,50,0],"gold":131,"neow_bonus":"ONE_RANDOM_RARE_CARD","is_prod":false,"is_daily":false,"chose_seed":false,"campfire_upgraded":0,"win_rate":0,"timestamp":1555172834,"path_taken":["M","?","$","?","M","E","M","?","T","R","M","M","?","?","R","BOSS","M","$","?","M"],"build_version":"2019-01-23","purchased_purges":1,"victory":false,"max_hp_per_floor":[75,75,75,75,75,75,75,75,85,85,85,85,85,85,85,85,85,85,85,59,59],"card_choices":[{"not_picked":["Wild Strike","True Grit"],"picked":"Havoc","floor":1},{"not_picked":["Iron Wave","Ghostly Armor"],"picked":"Body Slam","floor":5},{"not_picked":["Hemokinesis","Heavy Blade","Shockwave"],"picked":"SKIP","floor":6},{"not_picked":["Perfected Strike","Iron Wave"],"picked":"Anger","floor":7},{"not_picked":["Evolve","True Grit"],"picked":"Entrench","floor":8},{"not_picked":["Heavy Blade","Pommel Strike"],"picked":"Rage","floor":11},{"not_picked":["Flex","Thunderclap"],"picked":"Exhume","floor":12},{"not_picked":["Berserk","Reaper"],"picked":"Impervious","floor":16},{"not_picked":["Entrench","Thunderclap","Sword Boomerang"],"picked":"SKIP","floor":18}],"player_experience":1689702,"relics_obtained":[{"floor":6,"key":"Omamori"},{"floor":9,"key":"Pear"},{"floor":14,"key":"Dodecahedron"}],"event_choices":[{"damage_healed":0,"gold_gain":0,"player_choice":"Box","damage_taken":0,"relics_obtained":["Peace Pipe"],"max_hp_gain":0,"max_hp_loss":0,"event_name":"Big Fish","floor":2,"gold_loss":0,"cards_obtained":["Regret"]},{"damage_healed":0,"gold_gain":0,"player_choice":"1 cards matched","damage_taken":0,"max_hp_gain":0,"max_hp_loss":0,"event_name":"Match and Keep!","floor":4,"gold_loss":0,"cards_obtained":["Fiend Fire"]},{"damage_healed":0,"gold_gain":0,"player_choice":"Left Gold","damage_taken":0,"max_hp_gain":0,"max_hp_loss":0,"event_name":"World of Goop","floor":13,"gold_loss":24},{"damage_healed":0,"gold_gain":0,"player_choice":"Became a vampire","damage_taken":0,"max_hp_gain":0,"max_hp_loss":26,"event_name":"Vampires","floor":20,"gold_loss":0,"cards_obtained":["Bite","Bite","Bite","Bite","Bite"]}],"is_beta":false,"boss_relics":[{"not_picked":["Coffee Dripper","Snecko Eye"],"picked":"Philosopher\u0027s Stone"}],"items_purged_floors":[3],"is_endless":false,"potions_floor_spawned":[5,7,8,16,18],"killed_by":"3 Byrds","ascension_level":14}