{"gold_per_floor":[116,126,137,212,230,230,200,200,277,277,290,306,306,187,187,263,263,239,239,239,239],"floor_reached":21,"playtime":417,"items_purged":["Strike_R"],"score":358,"play_id":"529eb33e-3ce6-4b11-b46d-ba36661a5acf","local_time":"20190513161805","is_ascension_mode":true,"campfire_choices":[{"data":"Body Slam","floor":6,"key":"SMITH"},{"data":"Flame Barrier","floor":10,"key":"SMITH"},{"data":"Battle Trance","floor":13,"key":"SMITH"},{"data":"Feel No Pain","floor":15,"key":"SMITH"}],"neow_cost":"NONE","seed_source_timestamp":263167650221829,"circlet_count":0,"master_deck":["AscendersBane","Strike_R","Strike_R","Strike_R","Strike_R","Defend_R","Defend_R","Defend_R","Defend_R","Bash","Body Slam+1","Flame Barrier+1","Battle Trance+1","Feel No Pain+1","Juggernaut","Armaments"],"relics":["Burning Blood","NeowsBlessing","White Beast Statue"],"potions_floor_usage":[5,8,16,16],"damage_taken":[{"damage":0,"enemies":"Cultist","floor":1,"turns":1},{"damage":0,"enemies":"Jaw Worm","floor":2,"turns":1},{"damage":0,"enemies":"Small Slimes","floor":3,"turns":1},{"damage":36,"enemies":"Exordium Wildlife","floor":5,"turns":7},{"damage":0,"enemies":"Gremlin Nob","floor":8,"turns":1},{"damage":17,"enemies":"Large Slime","floor":11,"turns":6},{"damage":6,"enemies":"Looter","floor":12,"turns":4},{"damage":26,"enemies":"Hexaghost","floor":16,"turns":9},{"damage":25,"enemies":"2 Thieves","floor":18,"turns":4},{"damage":4,"enemies":"Colosseum Slavers","floor":21,"turns":2}],"seed_played":"-7787281371735461317","potions_obtained":[{"floor":2,"key":"AttackPotion"},{"floor":7,"key":"FearPotion"},{"floor":7,"key":"SmokeBomb"},{"floor":11,"key":"Strength Potion"},{"floor":18,"key":"Weak Potion"}],"is_trial":false,"path_per_floor":["M","M","M","?","M","R","?","E","T","R","M","M","R","$","R","B",null,"M","?","?","?"],"character_chosen":"IRONCLAD","items_purchased":["Feel No Pain"],"campfire_rested":0,"item_purchase_floors":[14],"current_hp_per_floor":[74,75,75,64,34,34,34,40,40,40,29,29,29,29,29,9,59,40,40,19,15],"gold":239,"neow_bonus":"THREE_ENEMY_KILL","is_prod":false,"is_daily":false,"chose_seed":false,"campfire_upgraded":4,"win_rate":0,"timestamp":1557735485,"path_taken":["M","M","?","?","M","R","?","E","T","R","M","?","R","$","R","BOSS","M","?","?","?"],"build_version":"2019-01-23","purchased_purges":1,"victory":false,"max_hp_per_floor":[75,75,75,75,75,75,75,75,75,75,75,75,75,75,75,75,75,75,75,80,80],"card_choices":[{"not_picked":["Perfected Strike","Shrug It Off"],"picked":"Body Slam","floor":1},{"not_picked":["Combust","Clothesline","Anger"],"picked":"SKIP","floor":2},{"not_picked":["Sword Boomerang","Clothesline"],"picked":"Flame Barrier","floor":3},{"not_picked":["Havoc","Sword Boomerang","Cleave"],"picked":"SKIP","floor":5},{"not_picked":["Sentinel","Clash"],"picked":"Battle Trance","floor":11},{"not_picked":["Heavy Blade","Headbutt","Body Slam"],"picked":"SKIP","floor":12},{"not_picked":["Exhume","Offering"],"picked":"Juggernaut","floor":16},{"not_picked":["Sword Boomerang","Wild Strike","Flex+1"],"picked":"SKIP","floor":18}],"player_experience":1640074,"relics_obtained":[],"event_choices":[{"damage_healed":0,"gold_gain":75,"player_choice":"Gather Gold","damage_taken":11,"max_hp_gain":0,"max_hp_loss":0,"event_name":"World of Goop","floor":4,"gold_loss":0},{"damage_healed":0,"gold_gain":0,"player_choice":"Bought 2 Potions","damage_taken":0,"max_hp_gain":0,"max_hp_loss":0,"event_name":"The Woman in Blue","floor":7,"gold_loss":0},{"damage_healed":0,"gold_gain":0,"player_choice":"Read","damage_taken":0,"max_hp_gain":0,"max_hp_loss":0,"event_name":"The Library","floor":19,"gold_loss":0,"cards_obtained":["Armaments"]},{"damage_healed":0,"gold_gain":0,"player_choice":"Shed Blood","damage_taken":26,"max_hp_gain":5,"max_hp_loss":0,"event_name":"Forgotten Altar","floor":20,"gold_loss":0},{"damage_healed":0,"gold_gain":0,"player_choice":"Fight","damage_taken":0,"max_hp_gain":0,"max_hp_loss":0,"event_name":"Colosseum","floor":21,"gold_loss":0}],"is_beta":false,"boss_relics":[{"not_picked":["Snecko Eye","Ectoplasm"],"picked":"White Beast Statue"}],"items_purged_floors":[14],"is_endless":false,"potions_floor_spawned":[2,11,12,18],"killed_by":"Colosseum Slavers","ascension_level":20}