{"gold_per_floor":[362,2,19,37,112,112,122,122,145,162,188,188,63,63,63,158,158,174,174],"floor_reached":19,"playtime":1308,"items_purged":["Strike_R","Strike_R"],"score":217,"play_id":"9e429589-355c-41e8-b249-99b129531b54","local_time":"20190426182457","is_ascension_mode":true,"campfire_choices":[{"data":"True Grit","floor":6,"key":"SMITH"},{"data":"Shrug It Off","floor":8,"key":"SMITH"},{"data":"Wild Strike","floor":12,"key":"SMITH"},{"data":"Rage","floor":15,"key":"SMITH"}],"neow_cost":"TEN_PERCENT_HP_LOSS","seed_source_timestamp":1330529010369600,"circlet_count":0,"master_deck":["Strike_R","Strike_R","Strike_R","Defend_R","Defend_R","Defend_R","Defend_R","Bash","Wild Strike+1","Shrug It Off+1","True Grit+1","Bloodletting","Body Slam+1","Headbutt+1","Rage+1","Armaments+1","Feed+1","Rupture"],"relics":["Burning Blood","Molten Egg 2","Strawberry","Lantern","Sozu"],"potions_floor_usage":[16,19,19],"damage_taken":[{"damage":6,"enemies":"2 Louse","floor":1,"turns":2},{"damage":0,"enemies":"Small Slimes","floor":3,"turns":3},{"damage":0,"enemies":"Cultist","floor":4,"turns":3},{"damage":13,"enemies":"Large Slime","floor":7,"turns":8},{"damage":9,"enemies":"Red Slaver","floor":10,"turns":3},{"damage":18,"enemies":"Gremlin Nob","floor":11,"turns":4},{"damage":45,"enemies":"Hexaghost","floor":16,"turns":12},{"damage":39,"enemies":"Spheric Guardian","floor":18,"turns":8},{"damage":33,"enemies":"Masked Bandits","floor":19,"turns":4}],"seed_played":"1734253800543279567","potions_obtained":[{"floor":1,"key":"Poison Potion"},{"floor":11,"key":"Swift Potion"},{"floor":16,"key":"Fire Potion"}],"is_trial":false,"path_per_floor":["M","$","M","M","?","R","M","R","T","M","E","R","$","?","R","B",null,"M","?"],"character_chosen":"IRONCLAD","items_purchased":["Molten Egg 2","Shrug It Off","Armaments"],"campfire_rested":0,"item_purchase_floors":[2,2,13],"current_hp_per_floor":[72,72,72,72,61,61,54,54,61,58,46,46,46,46,46,7,61,32,0],"gold":174,"neow_bonus":"TWO_FIFTY_GOLD","is_prod":false,"is_daily":false,"chose_seed":false,"campfire_upgraded":4,"win_rate":0,"timestamp":1556328297,"path_taken":["M","$","M","M","?","R","M","R","T","M","E","R","$","?","R","BOSS","M","?"],"build_version":"2019-01-23","purchased_purges":2,"victory":false,"max_hp_per_floor":[72,72,72,72,72,72,72,72,79,79,79,79,79,79,79,79,79,83,83],"card_choices":[{"not_picked":["Blood for Blood","Warcry"],"picked":"Wild Strike","floor":1},{"not_picked":["Shrug It Off","Havoc"],"picked":"True Grit","floor":3},{"not_picked":["Body Slam+1","Warcry"],"picked":"Bloodletting","floor":4},{"not_picked":["Iron Wave+1","Blood for Blood+1"],"picked":"Body Slam+1","floor":7},{"not_picked":["Pommel Strike+1","Dropkick+1"],"picked":"Headbutt+1","floor":10},{"not_picked":["Iron Wave+1","Sword Boomerang+1"],"picked":"Rage","floor":11},{"not_picked":["Brutality","Juggernaut"],"picked":"Feed+1","floor":16},{"not_picked":["Anger+1","True Grit"],"picked":"Rupture","floor":18}],"player_experience":376567,"relics_obtained":[{"floor":9,"key":"Strawberry"},{"floor":11,"key":"Lantern"}],"event_choices":[{"damage_healed":0,"gold_gain":75,"player_choice":"Gather Gold","damage_taken":11,"max_hp_gain":0,"max_hp_loss":0,"event_name":"World of Goop","floor":5,"gold_loss":0},{"damage_healed":0,"gold_gain":0,"player_choice":"Grow","damage_taken":0,"max_hp_gain":0,"max_hp_loss":0,"event_name":"Living Wall","floor":14,"gold_loss":0,"cards_upgraded":["Armaments"]},{"damage_healed":0,"gold_gain":0,"player_choice":"Fought Bandits","damage_taken":0,"max_hp_gain":0,"max_hp_loss":0,"event_name":"Masked Bandits","floor":19,"gold_loss":0}],"is_beta":false,"boss_relics":[{"not_picked":["Velvet Choker","Philosopher\u0027s Stone"],"picked":"Sozu"}],"items_purged_floors":[2,13],"is_endless":false,"potions_floor_spawned":[1,11,16],"killed_by":"Masked Bandits","ascension_level":6}