{"gold_per_floor":[112,112,112,139,159,194,194,194,194,194,209,209,209,209],"floor_reached":14,"playtime":438,"items_purged":[],"score":211,"play_id":"ec2f3eec-f0fa-4877-b8f4-082d7744bf86","local_time":"20190510171527","is_ascension_mode":true,"campfire_choices":[{"data":"Malaise","floor":7,"key":"SMITH"},{"data":"Bouncing Flask","floor":10,"key":"SMITH"}],"neow_cost":"NONE","seed_source_timestamp":43107718962222,"circlet_count":0,"master_deck":["AscendersBane","Defend_G","Defend_G","Defend_G","Defend_G","Defend_G","Strike_G","Strike_G","Strike_G","Strike_G","Survivor","Neutralize","Bouncing Flask+1","Caltrops","Malaise+1","Expertise","Phantasmal Killer"],"relics":["Ring of the Snake","NeowsBlessing","Golden Idol","Pear","Smiling Mask","Pen Nib","Du-Vu Doll","Frozen Egg 2"],"potions_floor_usage":[14],"damage_taken":[{"damage":0,"enemies":"Small Slimes","floor":1,"turns":1},{"damage":0,"enemies":"2 Louse","floor":5,"turns":1},{"damage":0,"enemies":"Gremlin Nob","floor":6,"turns":1},{"damage":7,"enemies":"Jaw Worm","floor":11,"turns":3},{"damage":25,"enemies":"3 Sentries","floor":14,"turns":5}],"seed_played":"8166997475873045468","potions_obtained":[{"floor":5,"key":"Strength Potion"},{"floor":6,"key":"EssenceOfSteel"}],"is_trial":false,"path_per_floor":["M","?","?","T","M","E","R","?","T","R","M","?","?","E"],"character_chosen":"THE_SILENT","items_purchased":[],"campfire_rested":0,"item_purchase_floors":[],"current_hp_per_floor":[59,36,35,35,35,35,35,35,35,35,28,28,28,3],"gold":209,"neow_bonus":"THREE_ENEMY_KILL","is_prod":false,"is_daily":false,"chose_seed":false,"campfire_upgraded":2,"win_rate":0,"timestamp":1557533727,"path_taken":["M","?","?","?","M","E","R","?","T","R","?","?","?","E"],"build_version":"2019-01-23","purchased_purges":0,"victory":false,"max_hp_per_floor":[66,66,76,76,76,76,76,76,76,76,76,76,76,76],"card_choices":[{"not_picked":["Underhanded Strike","Dagger Spray"],"picked":"Bouncing Flask","floor":1},{"not_picked":["Slice","Blade Dance"],"picked":"Caltrops","floor":5},{"not_picked":["Predator","Backflip"],"picked":"Malaise","floor":6},{"not_picked":["Deadly Poison","Blade Dance"],"picked":"Expertise","floor":11}],"player_experience":1687999,"relics_obtained":[{"floor":4,"key":"Smiling Mask"},{"floor":6,"key":"Pen Nib"},{"floor":9,"key":"Frozen Egg 2"}],"event_choices":[{"damage_healed":0,"gold_gain":0,"player_choice":"Take Damage","damage_taken":23,"relics_obtained":["Golden Idol"],"max_hp_gain":0,"max_hp_loss":0,"event_name":"Golden Idol","floor":2,"gold_loss":0},{"damage_healed":0,"gold_gain":0,"player_choice":"Success","damage_taken":11,"relics_obtained":["Pear"],"max_hp_gain":0,"max_hp_loss":0,"event_name":"Scrap Ooze","floor":3,"gold_loss":0},{"damage_healed":0,"gold_gain":0,"player_choice":"Gave Potion","damage_taken":0,"relics_obtained":["Du-Vu Doll"],"max_hp_gain":0,"max_hp_loss":0,"event_name":"WeMeetAgain","floor":8,"gold_loss":0},{"damage_healed":0,"gold_gain":0,"cards_transformed":["Strike_G"],"player_choice":"Change","damage_taken":0,"max_hp_gain":0,"max_hp_loss":0,"event_name":"Living Wall","floor":12,"gold_loss":0,"cards_obtained":["Phantasmal Killer"]},{"damage_healed":0,"gold_gain":0,"player_choice":"Ignored","damage_taken":0,"max_hp_gain":0,"max_hp_loss":0,"event_name":"Shining Light","floor":13,"gold_loss":0}],"is_beta":false,"boss_relics":[],"items_purged_floors":[],"is_endless":false,"potions_floor_spawned":[5,6],"killed_by":"3 Sentries","ascension_level":18}