{"gold_per_floor":[116,116,135,211,223,223,298,326,353,353,353,364,390,403,403,508,508,528,539,539,454,379,379,256,256,256,268,311,336,114,140,140,140],"floor_reached":33,"playtime":1408,"items_purged":["Bite"],"score":378,"play_id":"5f55e033-93a0-4811-97e2-e3cf494ffc6f","local_time":"20190428163422","is_ascension_mode":true,"campfire_choices":[{"data":"Zap","floor":6,"key":"SMITH"},{"floor":10,"key":"REST"},{"floor":15,"key":"REST"},{"data":"Conserve Battery","floor":23,"key":"SMITH"},{"data":"Conserve Battery","floor":25,"key":"SMITH"},{"data":"Undo","floor":27,"key":"SMITH"},{"data":"Doom and Gloom","floor":32,"key":"SMITH"}],"neow_cost":"NONE","seed_source_timestamp":1496597481544900,"circlet_count":0,"master_deck":["Defend_B","Defend_B","Defend_B","Defend_B","Zap+1","Dualcast","Streamline","Skim","Cold Snap","Coolheaded","Conserve Battery+1","Doom and Gloom","Undo+1","Multi-Cast","Leap","Self Repair+1","Bite","Bite","Bite","Conserve Battery+1","Cold Snap+1","Go for the Eyes+1","Doom and Gloom+1","Capacitor"],"relics":["Cracked Core","Pen Nib","Oddly Smooth Stone","Juzu Bracelet","Vajra","Coffee Dripper","FossilizedHelix","MawBank","Singing Bowl","ClockworkSouvenir","Anchor"],"potions_floor_usage":[33,33],"damage_taken":[{"damage":2,"enemies":"Jaw Worm","floor":1,"turns":4},{"damage":15,"enemies":"Small Slimes","floor":3,"turns":3},{"damage":0,"enemies":"Cultist","floor":5,"turns":2},{"damage":26,"enemies":"Gremlin Nob","floor":8,"turns":4},{"damage":0,"enemies":"Large Slime","floor":12,"turns":5},{"damage":16,"enemies":"Lagavulin","floor":13,"turns":6},{"damage":9,"enemies":"2 Fungi Beasts","floor":14,"turns":3},{"damage":11,"enemies":"Slime Boss","floor":16,"turns":9},{"damage":4,"enemies":"Chosen","floor":18,"turns":5},{"damage":34,"enemies":"2 Thieves","floor":19,"turns":4},{"damage":31,"enemies":"Slavers","floor":28,"turns":6},{"damage":0,"enemies":"Centurion and Healer","floor":29,"turns":10},{"damage":9,"enemies":"Gremlin Leader","floor":31,"turns":7},{"damage":50,"enemies":"Automaton","floor":33,"turns":6}],"seed_played":"7917145412112787361","potions_obtained":[{"floor":3,"key":"Dexterity Potion"},{"floor":5,"key":"SpeedPotion"},{"floor":8,"key":"Fire Potion"}],"is_trial":false,"path_per_floor":["M","?","M","?","M","R","?","E","T","R","?","M","E","M","R","B",null,"M","M","?","?","?","R","$","R","T","R","E","M","$","E","R","B"],"character_chosen":"DEFECT","items_purchased":["Conserve Battery","ClockworkSouvenir","Doom and Gloom"],"campfire_rested":2,"item_purchase_floors":[24,30,30],"current_hp_per_floor":[66,71,56,56,56,56,45,19,19,43,43,43,27,18,42,31,68,64,30,30,30,30,30,30,30,30,30,17,43,43,46,46,0],"gold":140,"neow_bonus":"RANDOM_COMMON_RELIC","is_prod":false,"is_daily":false,"chose_seed":false,"campfire_upgraded":5,"win_rate":0,"timestamp":1556494462,"path_taken":["M","?","M","?","M","R","?","E","T","R","?","M","E","M","R","BOSS","M","M","?","?","?","R","$","R","T","R","E","M","$","E","R","BOSS"],"build_version":"2019-01-23","purchased_purges":1,"victory":false,"max_hp_per_floor":[75,80,80,80,80,80,80,80,80,80,80,80,80,80,80,80,80,80,80,56,56,56,56,56,56,56,56,56,56,56,56,56,56],"card_choices":[{"not_picked":["Rebound","Undo"],"picked":"Streamline","floor":1},{"not_picked":["Stack","Turbo"],"picked":"Skim","floor":3},{"not_picked":["Chaos","Steam"],"picked":"Cold Snap","floor":5},{"not_picked":["White Noise","Force Field"],"picked":"Coolheaded","floor":8},{"not_picked":["Heatsinks","Gash"],"picked":"Conserve Battery","floor":12},{"not_picked":["Hello World","Reinforced Body"],"picked":"Doom and Gloom","floor":13},{"not_picked":["Go for the Eyes","Auto Shields"],"picked":"Undo","floor":14},{"not_picked":["Core Surge","Seek"],"picked":"Multi-Cast","floor":16},{"not_picked":["Compile Driver","Tempest"],"picked":"Leap","floor":18},{"not_picked":["Go for the Eyes","Gash"],"picked":"Self Repair+1","floor":19},{"not_picked":["Conserve Battery","Redo"],"picked":"Cold Snap+1","floor":28},{"not_picked":["Rebound+1","Stack"],"picked":"Go for the Eyes+1","floor":29},{"not_picked":["Rebound","Doom and Gloom"],"picked":"Capacitor","floor":31}],"player_experience":393813,"relics_obtained":[{"floor":8,"key":"Oddly Smooth Stone"},{"floor":9,"key":"Juzu Bracelet"},{"floor":13,"key":"Vajra"},{"floor":26,"key":"MawBank"},{"floor":28,"key":"Singing Bowl"},{"floor":31,"key":"Anchor"}],"event_choices":[{"damage_healed":0,"gold_gain":0,"player_choice":"Donut","damage_taken":0,"max_hp_gain":5,"max_hp_loss":0,"event_name":"Big Fish","floor":2,"gold_loss":0},{"damage_healed":0,"gold_gain":76,"player_choice":"Gained Gold","damage_taken":0,"max_hp_gain":0,"max_hp_loss":0,"event_name":"Golden Wing","floor":4,"gold_loss":0},{"damage_healed":0,"gold_gain":75,"player_choice":"Gather Gold","damage_taken":11,"max_hp_gain":0,"max_hp_loss":0,"event_name":"World of Goop","floor":7,"gold_loss":0},{"cards_removed":["Strike_B"],"damage_healed":0,"gold_gain":0,"player_choice":"Offered Basic","damage_taken":0,"max_hp_gain":0,"max_hp_loss":0,"event_name":"Bonfire Elementals","floor":11,"gold_loss":0},{"damage_healed":0,"gold_gain":0,"player_choice":"Became a vampire","damage_taken":0,"max_hp_gain":0,"max_hp_loss":24,"event_name":"Vampires","floor":20,"gold_loss":0,"cards_obtained":["Bite","Bite","Bite","Bite","Bite"]},{"damage_healed":0,"gold_gain":0,"player_choice":"Obtained Relic","damage_taken":0,"relics_obtained":["FossilizedHelix"],"max_hp_gain":0,"max_hp_loss":0,"event_name":"Addict","floor":21,"gold_loss":85},{"cards_removed":["Bite"],"damage_healed":0,"gold_gain":0,"player_choice":"Gave Gold","damage_taken":0,"max_hp_gain":0,"max_hp_loss":0,"event_name":"Beggar","floor":22,"gold_loss":75}],"is_beta":false,"boss_relics":[{"not_picked":["Busted Crown","FrozenCore"],"picked":"Coffee Dripper"}],"items_purged_floors":[24],"is_endless":false,"potions_floor_spawned":[3,5,8,12,18,31],"killed_by":"Automaton","ascension_level":6}