{"gold_per_floor":[119,119,44,59,71,105,70,70,117,141,153,198,19,46,46,120,120,133,149,149,159,159],"floor_reached":22,"playtime":1004,"items_purged":["Defend_R"],"score":320,"play_id":"d057f56d-50dd-4537-bde5-722a9ff629a1","local_time":"20190322000326","is_ascension_mode":true,"campfire_choices":[{"data":"Rampage","floor":11,"key":"SMITH"},{"floor":15,"key":"REST"}],"neow_cost":"PERCENT_DAMAGE","seed_source_timestamp":125491904213100,"circlet_count":0,"master_deck":["AscendersBane","Strike_R","Strike_R","Defend_R","Defend_R","Bash","True Grit","Battle Trance","Whirlwind","Clash","Rampage+1","Carnage","Inflame","Feed","Juggernaut","Limit Break","Flex"],"relics":["Burning Blood","Potion Belt","MawBank","Bottled Flame","Odd Mushroom","Velvet Choker"],"potions_floor_usage":[19,19,22,22,22],"damage_taken":[{"damage":1,"enemies":"2 Louse","floor":1,"turns":5},{"damage":7,"enemies":"Cultist","floor":4,"turns":3},{"damage":5,"enemies":"Jaw Worm","floor":5,"turns":5},{"damage":47,"enemies":"3 Sentries","floor":6,"turns":9},{"damage":26,"enemies":"Exordium Thugs","floor":10,"turns":5},{"damage":31,"enemies":"Lagavulin","floor":12,"turns":6},{"damage":21,"enemies":"The Mushroom Lair","floor":14,"turns":3},{"damage":41,"enemies":"The Guardian","floor":16,"turns":10},{"damage":30,"enemies":"Shell Parasite","floor":18,"turns":5},{"damage":23,"enemies":"Chosen","floor":19,"turns":5},{"damage":31,"enemies":"Snake Plant","floor":21,"turns":3},{"damage":13,"enemies":"Centurion and Healer","floor":22,"turns":3}],"seed_played":"6569224781767002561","potions_obtained":[{"floor":5,"key":"Swift Potion"},{"floor":12,"key":"SpeedPotion"},{"floor":16,"key":"LiquidBronze"},{"floor":18,"key":"Strength Potion"},{"floor":21,"key":"PowerPotion"}],"is_trial":false,"path_per_floor":["M","?","$","M","M","E","?","?","T","M","R","E","$","?","R","B",null,"M","M","?","M","M"],"character_chosen":"IRONCLAD","items_purchased":["Inflame","Feed"],"campfire_rested":1,"item_purchase_floors":[13,13],"current_hp_per_floor":[56,56,56,55,56,15,35,90,90,70,70,45,45,30,57,22,73,49,32,32,10,0],"gold":159,"neow_bonus":"TRANSFORM_TWO_CARDS","is_prod":false,"is_daily":false,"chose_seed":false,"campfire_upgraded":1,"win_rate":0,"timestamp":1553209406,"path_taken":["M","?","$","M","M","E","?","?","T","?","R","E","$","?","R","BOSS","M","M","?","?","M"],"build_version":"2019-01-23","purchased_purges":1,"victory":false,"max_hp_per_floor":[80,80,80,80,80,80,80,90,90,90,90,90,90,90,90,90,90,90,90,90,93,93],"card_choices":[{"not_picked":["Perfected Strike","Pommel Strike"],"picked":"Battle Trance","floor":1},{"not_picked":["Entrench","Havoc"],"picked":"Whirlwind","floor":4},{"not_picked":["Pommel Strike","Warcry"],"picked":"Clash","floor":5},{"not_picked":["Havoc","Reckless Charge"],"picked":"Rampage","floor":6},{"not_picked":["Hemokinesis","Havoc"],"picked":"Carnage","floor":10},{"not_picked":["Flame Barrier","Intimidate","Uppercut"],"picked":"SKIP","floor":12},{"not_picked":["Feed","Brutality"],"picked":"Juggernaut","floor":16},{"not_picked":["Armaments","Headbutt","Heavy Blade"],"picked":"SKIP","floor":18},{"not_picked":["Rupture+1","Second Wind","Flex"],"picked":"SKIP","floor":19},{"not_picked":["Ghostly Armor","Iron Wave+1"],"picked":"Flex","floor":21}],"player_experience":1559101,"relics_obtained":[{"floor":6,"key":"Potion Belt"},{"floor":9,"key":"MawBank"},{"floor":12,"key":"Bottled Flame"},{"floor":14,"key":"Odd Mushroom"}],"event_choices":[{"cards_removed":["Strike_R"],"damage_healed":0,"gold_gain":0,"player_choice":"Forget","damage_taken":0,"max_hp_gain":0,"max_hp_loss":0,"event_name":"Living Wall","floor":2,"gold_loss":0},{"damage_healed":20,"gold_gain":0,"player_choice":"Healed","damage_taken":0,"max_hp_gain":0,"max_hp_loss":0,"event_name":"The Cleric","floor":7,"gold_loss":35},{"cards_removed":["Offering"],"damage_healed":45,"gold_gain":0,"player_choice":"Offered Rare","damage_taken":0,"max_hp_gain":10,"max_hp_loss":0,"event_name":"Bonfire Elementals","floor":8,"gold_loss":0},{"damage_healed":0,"gold_gain":0,"player_choice":"Fought Mushrooms","damage_taken":0,"max_hp_gain":0,"max_hp_loss":0,"event_name":"Mushrooms","floor":14,"gold_loss":0},{"damage_healed":0,"gold_gain":0,"cards_transformed":["Defend_R"],"player_choice":"Transformed","damage_taken":0,"max_hp_gain":0,"max_hp_loss":0,"event_name":"Transmorgrifier","floor":20,"gold_loss":0,"cards_obtained":["Limit Break"]}],"is_beta":false,"boss_relics":[{"not_picked":["Ectoplasm","Snecko Eye"],"picked":"Velvet Choker"}],"items_purged_floors":[3],"is_endless":false,"potions_floor_spawned":[5,12,16,18,21],"killed_by":"Centurion and Healer","ascension_level":13}