{"gold_per_floor":[118,136,136,136,148,177,177,3,78,78,113,188,188,203,203,203],"floor_reached":16,"playtime":437,"items_purged":[],"score":216,"play_id":"58330fe0-7eca-4878-b600-b26eaf7d53df","local_time":"20190513233803","is_ascension_mode":true,"campfire_choices":[{"data":"Zap","floor":7.0,"key":"SMITH"},{"data":"Recycle","floor":13,"key":"SMITH"},{"data":"Dualcast","floor":15,"key":"SMITH"}],"neow_cost":"NONE","seed_source_timestamp":289506519484083,"circlet_count":0,"master_deck":["AscendersBane","Strike_B","Strike_B","Strike_B","Defend_B","Defend_B","Defend_B","Defend_B","Zap+1","Dualcast+1","Melter","Tempest","Cold Snap","Cold Snap","Ball Lightning","Undo","Conserve Battery","Recycle+1","Coolheaded"],"special_seed":0,"relics":["Black Star","Ancient Tea Set","Regal Pillow","Bottled Flame","Gremlin Horn","Pen Nib","Bottled Lightning"],"potions_floor_usage":[16,16],"damage_taken":[{"damage":0.0,"enemies":"2 Louse","floor":1.0,"turns":2.0},{"damage":10.0,"enemies":"Small Slimes","floor":2.0,"turns":4.0},{"damage":2.0,"enemies":"Jaw Worm","floor":5.0,"turns":5.0},{"damage":17.0,"enemies":"Lagavulin","floor":6.0,"turns":8.0},{"damage":9,"enemies":"3 Sentries","floor":11,"turns":7},{"damage":0,"enemies":"Exordium Wildlife","floor":14,"turns":3},{"damage":9,"enemies":"Hexaghost","floor":16,"turns":10}],"seed_played":"-7423747393954258154","potions_obtained":[{"floor":1.0,"key":"Weak Potion"},{"floor":2.0,"key":"FocusPotion"},{"floor":14,"key":"Weak Potion"}],"is_trial":false,"path_per_floor":["M","M","?","?","M","E","R","$","T","?","E","?","R","M","R","B"],"character_chosen":"DEFECT","items_purchased":["Ball Lightning","Undo","Conserve Battery"],"campfire_rested":0,"item_purchase_floors":[8,8,8],"current_hp_per_floor":[64,54,59,48,46,29,29,29,29,29,20,9,9,9,9,0],"gold":203,"neow_bonus":"BOSS_RELIC","is_prod":false,"is_daily":false,"chose_seed":false,"campfire_upgraded":3,"win_rate":0,"timestamp":1557761883,"path_taken":["M","M","?","?","M","E","R","$","T","?","E","?","R","M","R","BOSS"],"build_version":"2019-01-23","purchased_purges":0,"victory":false,"max_hp_per_floor":[71,71,76,76,76,76,76,76,76,76,76,76,76,76,76,76],"card_choices":[{"not_picked":["Beam Cell","Compile Driver"],"picked":"Melter","floor":1.0},{"not_picked":["Coolheaded","Stack"],"picked":"Tempest","floor":2.0},{"not_picked":["Chill","Scrape"],"picked":"Cold Snap","floor":5.0},{"not_picked":["Steam","Melter"],"picked":"Cold Snap","floor":6.0},{"not_picked":["Turbo","Auto Shields"],"picked":"Recycle","floor":11},{"not_picked":["Stack","Beam Cell"],"picked":"Coolheaded","floor":14}],"player_experience":1660219,"relics_obtained":[{"floor":6.0,"key":"Regal Pillow"},{"floor":6.0,"key":"Bottled Flame"},{"floor":9.0,"key":"Gremlin Horn"},{"floor":11,"key":"Pen Nib"},{"floor":11,"key":"Bottled Lightning"}],"event_choices":[{"damage_healed":0.0,"max_hp_gain":5.0,"max_hp_loss":0.0,"gold_gain":0.0,"event_name":"Big Fish","player_choice":"Donut","floor":3.0,"gold_loss":0.0,"damage_taken":0.0},{"damage_healed":0.0,"max_hp_gain":0.0,"max_hp_loss":0.0,"gold_gain":0.0,"event_name":"Scrap Ooze","player_choice":"Success","floor":4.0,"gold_loss":0.0,"damage_taken":11.0,"relics_obtained":["Ancient Tea Set"]},{"cards_removed":["Strike_B"],"damage_healed":0,"gold_gain":0,"player_choice":"Forget","damage_taken":0,"max_hp_gain":0,"max_hp_loss":0,"event_name":"Living Wall","floor":10,"gold_loss":0},{"damage_healed":0,"gold_gain":75,"player_choice":"Gather Gold","damage_taken":11,"max_hp_gain":0,"max_hp_loss":0,"event_name":"World of Goop","floor":12,"gold_loss":0}],"is_beta":false,"boss_relics":[],"items_purged_floors":[],"is_endless":false,"potions_floor_spawned":[1,2,14],"killed_by":"Hexaghost","ascension_level":20}