{"gold_per_floor":[111,182,357,357,374,403,403,416,416,436,450,470,490,521,521,625,625,645,677,688,125,125],"floor_reached":22,"playtime":1796,"items_purged":["Doubt"],"score":268,"play_id":"205d5a46-9c7e-448a-81a6-602933379cc9","local_time":"20181230180007","is_ascension_mode":true,"campfire_choices":[{"data":"Chill","floor":7,"key":"SMITH"},{"floor":15,"key":"RECALL"}],"neow_cost":"NONE","seed_source_timestamp":274293822454733,"circlet_count":0,"master_deck":["Strike_B","Strike_B","Strike_B","Strike_B","Defend_B","Defend_B","Defend_B","Defend_B","Zap","Dualcast","Sunder","Go for the Eyes","Chill+1","Redo","Coolheaded","Sweeping Beam","Creative AI","Hologram","Steam Power","Machine Learning","Redo","Rip and Tear","Beam Cell","Cold Snap","Coolheaded","Sweeping Beam+1","Rebound","Redo","Mind Blast","Capacitor","Darkness"],"relics":["Cracked Core","NeowsBlessing","Shuriken","Ornamental Fan","Orrery","Red Mask","Cables"],"potions_floor_usage":[4,11,12,14,19],"damage_taken":[{"damage":0,"enemies":"2 Louse","floor":1,"turns":1},{"damage":0,"enemies":"Jaw Worm","floor":5,"turns":1},{"damage":0,"enemies":"Gremlin Nob","floor":6,"turns":1},{"damage":0,"enemies":"Small Slimes","floor":8,"turns":3},{"damage":7,"enemies":"Gremlin Gang","floor":10,"turns":5},{"damage":0,"enemies":"2 Fungi Beasts","floor":11,"turns":2},{"damage":4,"enemies":"Exordium Wildlife","floor":12,"turns":6},{"damage":26,"enemies":"Exordium Thugs","floor":13,"turns":10},{"damage":12,"enemies":"3 Sentries","floor":14,"turns":5},{"damage":29,"enemies":"Slime Boss","floor":16,"turns":9},{"damage":21,"enemies":"Spheric Guardian","floor":18,"turns":6},{"damage":19,"enemies":"Masked Bandits","floor":19,"turns":8},{"damage":32,"enemies":"Chosen","floor":20,"turns":7},{"damage":14,"enemies":"Snake Plant","floor":22,"turns":2}],"seed_played":"-3431626113864440583","potions_obtained":[{"floor":1,"key":"GamblersBrew"},{"floor":4,"key":"Fruit Juice"},{"floor":4,"key":"Weak Potion"},{"floor":4,"key":"EssenceOfSteel"},{"floor":11,"key":"Fruit Juice"},{"floor":13,"key":"Fire Potion"},{"floor":14,"key":"PowerPotion"}],"is_trial":false,"path_per_floor":["M","?","?","?","M","E","R","M","T","M","M","M","M","E","R","B",null,"M","?","M","$","M"],"character_chosen":"DEFECT","items_purchased":["Cables","Mind Blast","Capacitor","Darkness"],"campfire_rested":0,"item_purchase_floors":[21,21,21,21],"current_hp_per_floor":[75,75,75,80,80,80,80,80,80,73,78,74,48,36,36,7,85,64,45,13,13,0],"gold":125,"neow_bonus":"THREE_ENEMY_KILL","is_prod":false,"is_daily":false,"chose_seed":false,"campfire_upgraded":1,"win_rate":0,"timestamp":1546221607,"path_taken":["M","?","?","?","M","E","R","M","T","M","M","M","?","E","R","BOSS","M","?","M","$","M"],"build_version":"2018-12-20","purchased_purges":1,"victory":false,"max_hp_per_floor":[75,75,75,80,80,80,80,80,80,80,85,85,85,85,85,85,85,85,85,85,85,85],"card_choices":[{"not_picked":["Storm","Streamline"],"picked":"Sunder","floor":1},{"not_picked":["Blizzard","Stack"],"picked":"Go for the Eyes","floor":5},{"not_picked":["Beam Cell","Go for the Eyes"],"picked":"Chill","floor":6},{"not_picked":["Cold Snap","Tempest"],"picked":"Redo","floor":8},{"not_picked":["Leap","Gash"],"picked":"Coolheaded","floor":10},{"not_picked":["Streamline","Rebound"],"picked":"Sweeping Beam","floor":11},{"not_picked":["Undo","Hello World"],"picked":"Creative AI","floor":12},{"not_picked":["FTL","Beam Cell"],"picked":"Hologram","floor":13},{"not_picked":["Conserve Battery","Recycle"],"picked":"Steam Power","floor":14},{"not_picked":["Thunder Strike","Hyperbeam"],"picked":"Machine Learning","floor":16},{"not_picked":["Sweeping Beam","Scrape"],"picked":"Redo","floor":17},{"not_picked":["Gash","Reprogram"],"picked":"Rip and Tear","floor":17},{"not_picked":["Loop","Stack"],"picked":"Beam Cell","floor":17},{"not_picked":["Reprogram","Coolheaded"],"picked":"Cold Snap","floor":17},{"not_picked":["Compile Driver","Leap"],"picked":"Coolheaded","floor":17},{"not_picked":["Conserve Battery","Rebound"],"picked":"Sweeping Beam+1","floor":18},{"not_picked":["Leap","Thunder Strike"],"picked":"Rebound","floor":19},{"not_picked":["Turbo","Conserve Battery+1"],"picked":"Redo","floor":20}],"player_experience":264455,"relics_obtained":[{"floor":6,"key":"Shuriken"},{"floor":14,"key":"Ornamental Fan"},{"floor":19,"key":"Red Mask"}],"event_choices":[{"damage_healed":0,"gold_gain":71,"player_choice":"Gained Gold","damage_taken":0,"max_hp_gain":0,"max_hp_loss":0,"event_name":"Golden Wing","floor":2,"gold_loss":0},{"damage_healed":0,"gold_gain":175,"player_choice":"AGREE","damage_taken":0,"max_hp_gain":0,"max_hp_loss":0,"event_name":"Liars Game","floor":3,"gold_loss":0,"cards_obtained":["Doubt"]},{"damage_healed":0,"gold_gain":0,"player_choice":"Got Potions","damage_taken":0,"max_hp_gain":0,"max_hp_loss":0,"event_name":"Lab","floor":4,"gold_loss":0},{"damage_healed":0,"gold_gain":0,"player_choice":"Fought Bandits","damage_taken":0,"max_hp_gain":0,"max_hp_loss":0,"event_name":"Masked Bandits","floor":19,"gold_loss":0}],"is_beta":false,"boss_relics":[{"not_picked":["Busted Crown","Sozu"],"picked":"Orrery"}],"items_purged_floors":[21],"is_endless":false,"potions_floor_spawned":[1,8,11,13,14],"killed_by":"Snake Plant","ascension_level":4}