{"gold_per_floor":[114,114,129,144,23,23,38,68,68,68,83,83,98,128,128,228,228,243,168,168,183,83,113,113,113,113,0,0,0,15,30,30,30],"floor_reached":33,"playtime":2000,"items_purged":["Pain","Barricade"],"score":275,"play_id":"e1aa5007-cea7-45dd-8bf3-20bc94045e97","local_time":"20190106163935","daily_mods":["Draft","Red Cards","Elite Swarm"],"is_ascension_mode":false,"campfire_choices":[{"data":"Armaments","floor":6,"key":"SMITH"},{"floor":10,"key":"REST"},{"data":"Rampage","floor":12,"key":"SMITH"},{"data":"Hyperbeam","floor":15,"key":"SMITH"},{"data":"Seek","floor":28,"key":"SMITH"},{"floor":32,"key":"REST"}],"neow_cost":"","seed_source_timestamp":872910000356237,"circlet_count":0,"master_deck":["Sweeping Beam","Ball Lightning","Headbutt","Armaments+1","Warcry","Rebound","Headbutt","Rebound","Cleave","Gash","Thunderclap","Rage","Rampage+1","Metallicize","Hologram","Reaper","Seek+1","Turbo","Hyperbeam+1","Offering","Flex","Fission","Steam"],"special_seed":17903,"relics":["Cracked Core","WarpedTongs","Cables","Darkstone Periapt","Bottled Tornado","Runic Pyramid","Potion Belt","Mummified Hand"],"potions_floor_usage":[8,8,16,16,23,23,33],"damage_taken":[{"damage":0,"enemies":"2 Louse","floor":1,"turns":2},{"damage":5,"enemies":"Cultist","floor":3,"turns":2},{"damage":6,"enemies":"Jaw Worm","floor":4,"turns":2},{"damage":4,"enemies":"Looter","floor":7,"turns":3},{"damage":15,"enemies":"Lagavulin","floor":8,"turns":4},{"damage":0,"enemies":"Large Slime","floor":11,"turns":3},{"damage":14,"enemies":"Exordium Thugs","floor":13,"turns":3},{"damage":1,"enemies":"Gremlin Nob","floor":14,"turns":3},{"damage":24,"enemies":"Hexaghost","floor":16,"turns":8},{"damage":6,"enemies":"Spheric Guardian","floor":18,"turns":2},{"damage":15,"enemies":"2 Thieves","floor":21,"turns":3},{"damage":27,"enemies":"Slavers","floor":23,"turns":2},{"damage":19,"enemies":"Shelled Parasite and Fungi","floor":30,"turns":2},{"damage":7,"enemies":"Cultist and Chosen","floor":31,"turns":3},{"damage":60,"enemies":"Champ","floor":33,"turns":6}],"seed_played":"8694291460791302925","potions_obtained":[{"floor":4,"key":"Poison Potion"},{"floor":7,"key":"LiquidBronze"},{"floor":11,"key":"LiquidBronze"},{"floor":14,"key":"AttackPotion"},{"floor":16,"key":"PowerPotion"},{"floor":21,"key":"Strength Potion"},{"floor":23,"key":"Dexterity Potion"},{"floor":31,"key":"Swift Potion"}],"is_trial":false,"path_per_floor":["M","?","M","M","$","R","M","E","T","R","M","R","M","E","R","B",null,"M","?","?","M","$","E","$","?","T","?","R","?","M","M","R","B"],"character_chosen":"DEFECT","items_purchased":["Hologram"],"campfire_rested":2,"item_purchase_floors":[5],"current_hp_per_floor":[75,75,70,64,64,64,60,45,45,67,67,67,59,58,58,39,75,69,69,69,58,58,31,31,31,31,31,31,31,19,16,38,0],"gold":30,"neow_bonus":"","is_prod":false,"is_daily":true,"chose_seed":false,"campfire_upgraded":4,"win_rate":0,"timestamp":1546821575,"path_taken":["M","?","?","M","?","R","M","E","T","R","M","R","?","E","R","BOSS","M","?","?","?","$","E","?","?","T","?","R","?","M","M","R","BOSS"],"build_version":"2019-01-03v4","purchased_purges":2,"victory":false,"max_hp_per_floor":[75,75,75,75,75,75,75,75,75,75,75,75,75,75,75,75,75,75,75,75,75,75,75,75,75,75,75,75,75,75,75,75,75],"card_choices":[{"not_picked":["Beam Cell","Flex"],"picked":"Sweeping Beam","floor":0},{"not_picked":["Steam","Clothesline"],"picked":"Ball Lightning","floor":0},{"not_picked":["Whirlwind","Anger"],"picked":"Headbutt","floor":0},{"not_picked":["Compile Driver","Sentinel"],"picked":"Armaments","floor":0},{"not_picked":["Scrape","True Grit"],"picked":"Warcry","floor":0},{"not_picked":["Tempest","Sever Soul"],"picked":"Rebound","floor":0},{"not_picked":["Leap","True Grit"],"picked":"Headbutt","floor":0},{"not_picked":["Flame Barrier","Perfected Strike"],"picked":"Rebound","floor":0},{"not_picked":["Pommel Strike","Turbo"],"picked":"Cleave","floor":0},{"not_picked":["Burning Pact","Body Slam"],"picked":"Gash","floor":0},{"not_picked":["Hello World","Pommel Strike"],"picked":"Thunderclap","floor":0},{"not_picked":["Turbo","Glacier"],"picked":"Armaments","floor":0},{"not_picked":["Twin Strike","Turbo"],"picked":"Go for the Eyes","floor":0},{"not_picked":["Disarm","Thunderclap"],"picked":"Rage","floor":0},{"not_picked":["Perfected Strike","Consume"],"picked":"Rampage","floor":0},{"not_picked":["Twin Strike","Wild Strike"],"picked":"Metallicize","floor":1},{"not_picked":["Intimidate","Clothesline","Clash"],"picked":"SKIP","floor":3},{"not_picked":["Fusion","Feel No Pain"],"picked":"Go for the Eyes","floor":4},{"not_picked":["Cleave","Whirlwind"],"picked":"Reaper","floor":7},{"not_picked":["Meteor Strike","All For One"],"picked":"Seek","floor":8},{"not_picked":["Storm","Shrug It Off"],"picked":"Turbo","floor":11},{"not_picked":["Skim","Blood for Blood","Ball Lightning"],"picked":"SKIP","floor":13},{"not_picked":["Brutality","Barricade"],"picked":"Hyperbeam","floor":14},{"not_picked":["Multi-Cast","Limit Break"],"picked":"Offering","floor":16},{"not_picked":["Intimidate+1","Stack"],"picked":"Flex","floor":18},{"not_picked":["Go for the Eyes+1","FTL","Leap"],"picked":"SKIP","floor":21},{"not_picked":["Berserk","Machine Learning"],"picked":"Fission","floor":23},{"not_picked":["Redo","Twin Strike+1"],"picked":"Steam","floor":30},{"not_picked":["Shockwave","Flex","Aggregate"],"picked":"SKIP","floor":31}],"player_experience":472479,"relics_obtained":[{"floor":8,"key":"Cables"},{"floor":9,"key":"Darkstone Periapt"},{"floor":14,"key":"Bottled Tornado"},{"floor":23,"key":"Potion Belt"},{"floor":26,"key":"Mummified Hand"}],"event_choices":[{"damage_healed":0,"gold_gain":0,"player_choice":"Rummage","damage_taken":0,"relics_obtained":["WarpedTongs"],"max_hp_gain":0,"max_hp_loss":0,"event_name":"Accursed Blacksmith","floor":2,"gold_loss":0,"cards_obtained":["Pain"]},{"cards_removed":["Go for the Eyes"],"damage_healed":0,"gold_gain":0,"player_choice":"Gave Gold","damage_taken":0,"max_hp_gain":0,"max_hp_loss":0,"event_name":"Beggar","floor":19,"gold_loss":75},{"damage_healed":0,"gold_gain":0,"cards_transformed":["Go for the Eyes"],"player_choice":"Transformed","damage_taken":0,"max_hp_gain":0,"max_hp_loss":0,"event_name":"Transmorgrifier","floor":20,"gold_loss":0,"cards_obtained":["Barricade"]},{"damage_healed":0,"gold_gain":0,"player_choice":"Ignored","damage_taken":0,"max_hp_gain":0,"max_hp_loss":0,"event_name":"Vampires","floor":25,"gold_loss":0},{"damage_healed":0,"gold_gain":0,"player_choice":"Paid Fearfully","damage_taken":0,"max_hp_gain":0,"max_hp_loss":0,"event_name":"Masked Bandits","floor":27,"gold_loss":113},{"cards_removed":["Armaments"],"damage_healed":0,"gold_gain":0,"player_choice":"Purged","damage_taken":0,"max_hp_gain":0,"max_hp_loss":0,"event_name":"Purifier","floor":29,"gold_loss":0}],"is_beta":false,"boss_relics":[{"not_picked":["Velvet Choker","Cursed Key"],"picked":"Runic Pyramid"}],"items_purged_floors":[5,22],"is_endless":false,"potions_floor_spawned":[4,7,11,14,16,21,23,31],"killed_by":"Champ","ascension_level":0}