{"gold_per_floor":[217,57,57,57,68,96,96,126,150,176,176,192,218,232,232,337,337,337,349,380,392,417,429,114,114,114,114,165,165,165,181,181,279,279,294,294,294,307,321,321,321,331,331,344,344,33,33,33,33,33],"floor_reached":51,"playtime":3134,"items_purged":["Strike_R","Pain"],"score":1012,"play_id":"343a8a49-32f7-4918-a4ea-ac8887a342fa","local_time":"20190113032114","is_ascension_mode":true,"campfire_choices":[{"floor":7,"key":"REST"},{"floor":11,"key":"REST"},{"floor":15,"key":"REST"},{"floor":23,"key":"REST"},{"floor":25,"key":"REST"},{"floor":32,"key":"REST"},{"floor":40,"key":"REST"},{"floor":47,"key":"REST"},{"floor":49,"key":"REST"}],"neow_cost":"NONE","seed_source_timestamp":259235323138700,"circlet_count":0,"master_deck":["Strike_R","Strike_R","Strike_R","Strike_R","Defend_R","Defend_R","Defend_R+1","Defend_R+1","Bash","Infernal Blade","Discovery","Armaments","Shockwave","Cleave","Impervious","Feed","Limit Break","Mayhem","RitualDagger","J.A.X.","Dual Wield","Reaper","Bandage Up","Parasite","Limit Break","Inflame"],"relics":["Burning Blood","GremlinMask","War Paint","Self Forming Clay","Strawberry","Singing Bowl","Oddly Smooth Stone","Calling Bell","MawBank","Pantograph","Ice Cream","Vajra","Blue Candle","Nilry\u0027s Codex","Bag of Marbles","Lizard Tail","The Courier","WarpedTongs"],"potions_floor_usage":[6,10,16,18,22,22,42,44,50],"damage_taken":[{"damage":6,"enemies":"Cultist","floor":1,"turns":4},{"damage":15,"enemies":"2 Louse","floor":5,"turns":2},{"damage":25,"enemies":"Lagavulin","floor":6,"turns":7},{"damage":41,"enemies":"Gremlin Nob","floor":8,"turns":5},{"damage":34,"enemies":"Lagavulin","floor":10,"turns":8},{"damage":1,"enemies":"Jaw Worm","floor":12,"turns":4},{"damage":27,"enemies":"Gremlin Nob","floor":13,"turns":5},{"damage":7,"enemies":"Red Slaver","floor":14,"turns":4},{"damage":22,"enemies":"The Guardian","floor":16,"turns":11},{"damage":4,"enemies":"2 Thieves","floor":18,"turns":4},{"damage":33,"enemies":"Spheric Guardian","floor":20,"turns":8},{"damage":56,"enemies":"Cultist and Chosen","floor":22,"turns":10},{"damage":17,"enemies":"Chosen and Byrds","floor":31,"turns":7},{"damage":74,"enemies":"Champ","floor":33,"turns":10},{"damage":38,"enemies":"3 Shapes","floor":35,"turns":5},{"damage":29,"enemies":"Orb Walker","floor":38,"turns":6},{"damage":24,"enemies":"Writhing Mass","floor":39,"turns":9},{"damage":54,"enemies":"3 Darklings","floor":42,"turns":8},{"damage":22,"enemies":"4 Shapes","floor":44,"turns":5},{"damage":165,"enemies":"Awakened One","floor":50,"turns":8}],"seed_played":"457992736675350827","potions_obtained":[{"floor":1,"key":"AttackPotion"},{"floor":8,"key":"GamblersBrew"},{"floor":12,"key":"FearPotion"},{"floor":16,"key":"Block Potion"},{"floor":18,"key":"Fire Potion"},{"floor":20,"key":"Regen Potion"},{"floor":39,"key":"Strength Potion"},{"floor":42,"key":"Fire Potion"}],"is_trial":false,"path_per_floor":["M","$","$","?","M","E","R","E","T","E","R","M","E","M","R","B",null,"M","?","M","$","M","R","$","R","T","?","T","?","?","M","R","B",null,"M","?","?","M","M","R","?","M","T","M","?","$","R","$","R","B",null],"character_chosen":"IRONCLAD","items_purchased":["Discovery","Vajra","Mayhem","Limit Break","Inflame","PowerPotion"],"campfire_rested":9,"item_purchase_floors":[2,24,24,46,46,46],"current_hp_per_floor":[72,72,72,72,63,44,68,33,40,14,40,45,24,25,52,36,77,81,81,59,59,27,57,57,87,87,71,71,65,65,57,88,40,91,61,55,55,50,41,78,78,59,59,59,59,59,99,99,134,56],"gold":33,"neow_bonus":"HUNDRED_GOLD","is_prod":false,"is_daily":false,"chose_seed":false,"campfire_upgraded":0,"win_rate":0,"timestamp":1547346074,"path_taken":["M","?","$","?","M","E","R","E","T","E","R","?","E","M","R","BOSS","M","?","?","$","M","R","$","R","T","?","?","?","?","M","R","BOSS","M","?","?","M","M","R","?","M","T","?","?","$","R","$","R","BOSS"],"build_version":"2019-01-10","purchased_purges":2,"victory":true,"max_hp_per_floor":[80,80,80,80,80,80,80,80,87,89,89,89,89,91,91,91,91,93,93,98,98,101,101,101,101,101,101,101,101,101,104,104,108,108,110,114,114,119,124,124,124,126,126,134,134,134,134,134,134,134],"card_choices":[{"not_picked":["Fire Breathing","Dropkick"],"picked":"Infernal Blade","floor":1},{"not_picked":["Clash","Uppercut"],"picked":"Armaments","floor":5},{"not_picked":["Shrug It Off","Flex"],"picked":"Shockwave","floor":6},{"not_picked":["Perfected Strike","Carnage","Corruption"],"picked":"SKIP","floor":8},{"not_picked":["Iron Wave","Heavy Blade","Corruption"],"picked":"Singing Bowl","floor":10},{"not_picked":["Rupture","Flex"],"picked":"Cleave","floor":12},{"not_picked":["Reckless Charge","Wild Strike"],"picked":"Impervious","floor":13},{"not_picked":["Searing Blow","Shrug It Off","Perfected Strike"],"picked":"Singing Bowl","floor":14},{"not_picked":["Brutality","Barricade"],"picked":"Feed","floor":16},{"not_picked":["Sword Boomerang","Perfected Strike","True Grit"],"picked":"Singing Bowl","floor":18},{"not_picked":["True Grit","Pommel Strike","Clash"],"picked":"Singing Bowl","floor":20},{"not_picked":["Whirlwind","Wild Strike"],"picked":"Limit Break","floor":22},{"not_picked":["Thunderclap","Havoc+1"],"picked":"Dual Wield","floor":31},{"not_picked":["Feed","Fiend Fire"],"picked":"Reaper","floor":33},{"not_picked":["Shockwave+1","Perfected Strike+1","Armaments"],"picked":"Singing Bowl","floor":35},{"not_picked":["Impatience","Good Instincts","Bandage Up"],"picked":"Singing Bowl","floor":36},{"not_picked":["Dark Shackles","Dramatic Entrance","HandOfGreed"],"picked":"Singing Bowl","floor":36},{"not_picked":["Purity","Swift Strike"],"picked":"Bandage Up","floor":36},{"not_picked":["Flex+1","True Grit+1","Anger"],"picked":"Singing Bowl","floor":38},{"not_picked":["Thunderclap+1","Shrug It Off+1","Pommel Strike+1"],"picked":"Singing Bowl","floor":39},{"not_picked":["Flex","Clash","Combust"],"picked":"Singing Bowl","floor":42},{"not_picked":["Flame Barrier+1","Twin Strike","Rampage+1"],"picked":"Singing Bowl","floor":44}],"player_experience":1104213,"relics_obtained":[{"floor":6,"key":"War Paint"},{"floor":8,"key":"Self Forming Clay"},{"floor":9,"key":"Strawberry"},{"floor":10,"key":"Singing Bowl"},{"floor":13,"key":"Oddly Smooth Stone"},{"floor":17,"key":"MawBank"},{"floor":17,"key":"Pantograph"},{"floor":17,"key":"Ice Cream"},{"floor":26,"key":"Blue Candle"},{"floor":27,"key":"Nilry\u0027s Codex"},{"floor":28,"key":"Bag of Marbles"},{"floor":43,"key":"The Courier"}],"event_choices":[{"damage_healed":0,"gold_gain":0,"player_choice":"Trade","damage_taken":0,"relics_obtained":["GremlinMask"],"max_hp_gain":0,"max_hp_loss":0,"event_name":"FaceTrader","floor":4,"gold_loss":0},{"cards_removed":["Normality","Clumsy","Normality"],"damage_healed":0,"gold_gain":0,"player_choice":"Removed Curses","damage_taken":0,"max_hp_gain":0,"max_hp_loss":0,"event_name":"Fountain of Cleansing","floor":19,"gold_loss":0},{"damage_healed":0,"gold_gain":0,"player_choice":"Obtained Book","damage_taken":16,"max_hp_gain":0,"max_hp_loss":0,"event_name":"Cursed Tome","floor":27,"gold_loss":0},{"damage_healed":0,"gold_gain":0,"player_choice":"Joined the Cult","damage_taken":6,"max_hp_gain":0,"max_hp_loss":0,"event_name":"Nest","floor":29,"gold_loss":0,"cards_obtained":["RitualDagger"]},{"damage_healed":0,"gold_gain":0,"player_choice":"Obtain J.A.X.","damage_taken":0,"max_hp_gain":0,"max_hp_loss":0,"event_name":"Drug Dealer","floor":30,"gold_loss":0,"cards_obtained":["J.A.X."]},{"damage_healed":0,"gold_gain":0,"player_choice":"Memory 3","damage_taken":10,"max_hp_gain":0,"max_hp_loss":0,"event_name":"SensoryStone","floor":36,"gold_loss":0},{"damage_healed":0,"gold_gain":0,"player_choice":"Ignored","damage_taken":0,"max_hp_gain":0,"max_hp_loss":0,"event_name":"The Moai Head","floor":37,"gold_loss":0},{"damage_healed":0,"gold_gain":0,"player_choice":"Ignored","damage_taken":0,"max_hp_gain":0,"max_hp_loss":0,"event_name":"Tomb of Lord Red Mask","floor":41,"gold_loss":0},{"damage_healed":0,"gold_gain":0,"player_choice":"Rummage","damage_taken":0,"relics_obtained":["WarpedTongs"],"max_hp_gain":0,"max_hp_loss":0,"event_name":"Accursed Blacksmith","floor":45,"gold_loss":0,"cards_obtained":["Pain"]}],"is_beta":false,"boss_relics":[{"not_picked":["Runic Cube","Busted Crown"],"picked":"Calling Bell"},{"not_picked":["Velvet Choker","Runic Dome"],"picked":"Lizard Tail"}],"items_purged_floors":[2,46],"is_endless":false,"potions_floor_spawned":[1,8,12,16,18,20,39,42],"ascension_level":9}