{"gold_per_floor":[118,136,136,56,76,76,101,101,127,156,156,166,196,196,196,301,301,316,231,331,60,75,85,98,98],"floor_reached":25,"playtime":1598,"items_purged":["Strike_G"],"score":287,"play_id":"0aec8aaa-03b8-43e1-820c-46073b4f8f24","local_time":"20190501000636","is_ascension_mode":true,"campfire_choices":[{"data":"Storm of Steel","floor":6,"key":"SMITH"},{"data":"Neutralize","floor":8,"key":"SMITH"},{"data":"Dash","floor":11,"key":"SMITH"},{"floor":15,"key":"REST"}],"neow_cost":"NONE","seed_source_timestamp":1696355175627600,"circlet_count":0,"master_deck":["Defend_G","Defend_G","Defend_G","Defend_G","Defend_G","Strike_G","Strike_G","Strike_G","Strike_G","Survivor","Neutralize+1","Storm of Steel+1","Dagger Spray+1","Dash+1","Skewer","Deflect","Backflip","A Thousand Cuts","Predator+1","Backflip","Backstab","Noxious Fumes","Dodge and Roll"],"relics":["Ring of the Snake","Bag of Marbles","Strawberry","Singing Bowl","Bag of Preparation","Black Star","Pen Nib","Oddly Smooth Stone"],"potions_floor_usage":[],"damage_taken":[{"damage":0,"enemies":"Small Slimes","floor":1,"turns":4},{"damage":0,"enemies":"Cultist","floor":2,"turns":4},{"damage":0,"enemies":"2 Louse","floor":5,"turns":2},{"damage":28,"enemies":"Lagavulin","floor":7,"turns":6},{"damage":14,"enemies":"3 Sentries","floor":10,"turns":7},{"damage":0,"enemies":"Large Slime","floor":12,"turns":4},{"damage":14,"enemies":"Lagavulin","floor":13,"turns":8},{"damage":20,"enemies":"Hexaghost","floor":16,"turns":13},{"damage":5,"enemies":"Shell Parasite","floor":18,"turns":4},{"damage":0,"enemies":"3 Byrds","floor":22,"turns":4},{"damage":4,"enemies":"Snecko","floor":23,"turns":4},{"damage":13,"enemies":"Sentry and Sphere","floor":24,"turns":4},{"damage":42,"enemies":"Gremlin Leader","floor":25,"turns":6}],"seed_played":"-1797471088047703977","potions_obtained":[{"floor":1,"key":"Strength Potion"},{"floor":2,"key":"Poison Potion"},{"floor":10,"key":"Strength Potion"}],"is_trial":false,"path_per_floor":["M","M","?","$","M","R","E","R","T","E","R","M","E","?","R","B",null,"M","?","?","$","M","M","M","E"],"character_chosen":"THE_SILENT","items_purchased":["Dash","Oddly Smooth Stone","Backflip"],"campfire_rested":1,"item_purchase_floors":[4,21,21],"current_hp_per_floor":[63,63,63,63,63,63,35,35,42,28,28,28,16,9,32,12,62,57,57,57,57,57,53,40,0],"gold":98,"neow_bonus":"ONE_RANDOM_RARE_CARD","is_prod":false,"is_daily":false,"chose_seed":false,"campfire_upgraded":3,"win_rate":0,"timestamp":1556694396,"path_taken":["M","M","?","$","M","R","E","R","T","E","R","M","E","?","R","BOSS","M","?","?","$","M","M","?","E"],"build_version":"2019-01-23","purchased_purges":1,"victory":false,"max_hp_per_floor":[70,70,70,70,70,70,70,70,77,77,77,77,79,79,79,79,79,79,79,79,79,79,79,79,79],"card_choices":[{"not_picked":["Distraction","Dagger Throw","Reflex"],"picked":"SKIP","floor":1},{"not_picked":["Dagger Throw","Dodge and Roll"],"picked":"Dagger Spray","floor":2},{"not_picked":["Night Terror","Masterful Stab","Acrobatics"],"picked":"SKIP","floor":5},{"not_picked":["Choke","Setup"],"picked":"Skewer","floor":7},{"not_picked":["Bane","Acrobatics"],"picked":"Deflect","floor":10},{"not_picked":["Poisoned Stab","Prepared"],"picked":"Backflip","floor":12},{"not_picked":["Backflip","Acrobatics","Blur"],"picked":"Singing Bowl","floor":13},{"not_picked":["Storm of Steel","Doppelganger"],"picked":"A Thousand Cuts","floor":16},{"not_picked":["Flying Knee","Terror+1"],"picked":"Predator+1","floor":18},{"not_picked":["Flying Knee","Reflex"],"picked":"Backstab","floor":22},{"not_picked":["Dagger Spray","Acrobatics"],"picked":"Noxious Fumes","floor":23},{"not_picked":["Slice","Backstab"],"picked":"Dodge and Roll","floor":24}],"player_experience":419694,"relics_obtained":[{"floor":7,"key":"Bag of Marbles"},{"floor":9,"key":"Strawberry"},{"floor":10,"key":"Singing Bowl"},{"floor":13,"key":"Bag of Preparation"}],"event_choices":[{"damage_healed":0,"gold_gain":0,"player_choice":"Grow","damage_taken":0,"max_hp_gain":0,"max_hp_loss":0,"event_name":"Living Wall","floor":3,"gold_loss":0,"cards_upgraded":["Dagger Spray"]},{"damage_healed":0,"gold_gain":0,"player_choice":"Fled","damage_taken":7,"max_hp_gain":0,"max_hp_loss":0,"event_name":"Scrap Ooze","floor":14,"gold_loss":0},{"damage_healed":0,"gold_gain":0,"player_choice":"Obtained Relic","damage_taken":0,"relics_obtained":["Pen Nib"],"max_hp_gain":0,"max_hp_loss":0,"event_name":"Addict","floor":19,"gold_loss":85},{"damage_healed":0,"gold_gain":100,"player_choice":"Pray","damage_taken":0,"max_hp_gain":0,"max_hp_loss":0,"event_name":"Golden Shrine","floor":20,"gold_loss":0}],"is_beta":false,"boss_relics":[{"not_picked":["Runic Dome","Calling Bell"],"picked":"Black Star"}],"items_purged_floors":[21],"is_endless":false,"potions_floor_spawned":[1,2,10,16,22],"killed_by":"Gremlin Leader","ascension_level":6}