{"gold_per_floor":[134,209,209,234,58,58,88,88,88,88,103,143,178,193,193,293,293,328,224,239,289,389,389,429,429],"floor_reached":25,"playtime":2213,"items_purged":["Mayhem"],"score":271,"play_id":"f3a9ad04-4402-4cde-8a8e-5ab3b1ecff5d","local_time":"20190218201150","daily_mods":["Shiny","Colorless Cards","DeadlyEvents"],"is_ascension_mode":false,"campfire_choices":[{"data":"Heavy Blade","floor":6,"key":"SMITH"},{"data":"Shrug It Off","floor":8,"key":"SMITH"},{"floor":10,"key":"REST"},{"data":"Cleave","floor":15,"key":"SMITH"},{"floor":23,"key":"REST"}],"neow_cost":"","seed_source_timestamp":0,"circlet_count":0,"master_deck":["Double Tap+1","Demon Form","Bludgeon+1","Feed","Limit Break","Barricade","Fiend Fire","Dark Embrace","Berserk","Impervious","Juggernaut","Brutality","Reaper","Exhume","Offering","Immolate","Thinking Ahead","Metamorphosis","Master of Strategy","Magnetism","Chrysalis","Transmutation","HandOfGreed","Apotheosis","Secret Weapon","Panache","Violence","Secret Technique","The Bomb","Sadistic Nature","Shrug It Off+1","Heavy Blade+1","Cleave+1","Pommel Strike","Dramatic Entrance","Inflame","Evolve","Shrug It Off","True Grit+1","Blind"],"special_seed":17946,"relics":["Burning Blood","Potion Belt","PreservedInsect","Smiling Mask","Ornamental Fan","Velvet Choker","Boot"],"potions_floor_usage":[16],"damage_taken":[{"damage":5,"enemies":"2 Louse","floor":1,"turns":2},{"damage":6,"enemies":"Gremlin Nob","floor":7,"turns":2},{"damage":3,"enemies":"Small Slimes","floor":11,"turns":3},{"damage":11,"enemies":"Jaw Worm","floor":12,"turns":3},{"damage":29,"enemies":"Gremlin Gang","floor":13,"turns":5},{"damage":0,"enemies":"3 Louse","floor":14,"turns":2},{"damage":44,"enemies":"The Guardian","floor":16,"turns":7},{"damage":49,"enemies":"3 Byrds","floor":18,"turns":6},{"damage":16,"enemies":"Chosen","floor":20,"turns":5},{"damage":10,"enemies":"Slavers","floor":21,"turns":4},{"damage":47,"enemies":"Sentry and Sphere","floor":24,"turns":6},{"damage":34,"enemies":"Snake Plant","floor":25,"turns":4}],"seed_played":"6153314336027530073","potions_obtained":[{"floor":1,"key":"Swift Potion"},{"floor":11,"key":"Fruit Juice"},{"floor":16,"key":"SteroidPotion"},{"floor":20,"key":"Swift Potion"},{"floor":24,"key":"Swift Potion"}],"is_trial":false,"path_per_floor":["M","?","?","T","$","R","E","R","T","R","M","M","M","M","R","B",null,"M","$","M","E","?","R","M","M"],"character_chosen":"IRONCLAD","items_purchased":["Heavy Blade","PreservedInsect","Shrug It Off"],"campfire_rested":2,"item_purchase_floors":[5,5,19],"current_hp_per_floor":[80,69,53,53,53,53,57,57,57,82,84,79,65,71,71,38,92,49,49,39,47,47,74,33,0],"gold":429,"neow_bonus":"","is_prod":false,"is_daily":true,"chose_seed":false,"campfire_upgraded":3,"win_rate":0,"timestamp":1550549510,"path_taken":["M","?","?","?","$","R","E","R","T","R","M","M","M","M","R","BOSS","M","$","?","?","?","R","M","M"],"build_version":"2019-01-23","purchased_purges":1,"victory":false,"max_hp_per_floor":[80,80,80,80,80,80,84,84,84,84,84,84,87,87,87,92,92,92,92,92,92,92,92,92,92],"card_choices":[{"not_picked":["Flash of Steel","Dual Wield"],"picked":"Shrug It Off","floor":1},{"not_picked":["The Bomb","Anger","Wild Strike"],"picked":"SKIP","floor":7},{"not_picked":["Clash","Havoc"],"picked":"Cleave","floor":11},{"not_picked":["Wild Strike","Headbutt"],"picked":"Pommel Strike","floor":12},{"not_picked":["Headbutt","Sword Boomerang"],"picked":"Dramatic Entrance","floor":13},{"not_picked":["Dramatic Entrance","Forethought"],"picked":"Inflame","floor":14},{"not_picked":["Panacea","Twin Strike"],"picked":"Evolve","floor":18},{"not_picked":["Uppercut","Havoc+1"],"picked":"True Grit+1","floor":20},{"not_picked":["Deep Breath+1","Whirlwind"],"picked":"Blind","floor":21},{"not_picked":["Havoc","Twin Strike","Combust+1"],"picked":"SKIP","floor":24}],"player_experience":254325,"relics_obtained":[{"floor":4,"key":"Potion Belt"},{"floor":7,"key":"Smiling Mask"},{"floor":9,"key":"Ornamental Fan"},{"floor":21,"key":"Boot"}],"event_choices":[{"damage_healed":0,"gold_gain":75,"player_choice":"Gather Gold","damage_taken":11,"max_hp_gain":0,"max_hp_loss":0,"event_name":"World of Goop","floor":2,"gold_loss":0},{"damage_healed":0,"gold_gain":0,"player_choice":"Entered Light","damage_taken":16,"max_hp_gain":0,"max_hp_loss":0,"event_name":"Shining Light","floor":3,"gold_loss":0,"cards_upgraded":["Bludgeon","Double Tap"]},{"damage_healed":0,"gold_gain":100,"player_choice":"Pray","damage_taken":0,"max_hp_gain":0,"max_hp_loss":0,"event_name":"Golden Shrine","floor":22,"gold_loss":0}],"is_beta":false,"boss_relics":[{"not_picked":["Tiny House","Eternal Feather"],"picked":"Velvet Choker"}],"items_purged_floors":[19],"is_endless":false,"potions_floor_spawned":[1,11,16,20,24],"killed_by":"Snake Plant","ascension_level":0}