{"gold_per_floor":[11,27,27,27,37,37,37,69,69,69,69,103,113,128,128,227,227,211,211,211,228,153,153,181,181,181,181,192,12,12,30,30,30],"floor_reached":33,"playtime":1706,"items_purged":["Decay"],"score":366,"play_id":"ae789a3d-d784-401c-91b2-f5ced9b13624","local_time":"20181030205438","is_ascension_mode":true,"campfire_choices":[{"data":"Double Tap","floor":6,"key":"SMITH"},{"floor":10,"key":"REST"},{"floor":15,"key":"REST"},{"floor":23,"key":"REST"},{"floor":25,"key":"REST"},{"floor":32,"key":"REST"}],"neow_cost":"NO_GOLD","seed_source_timestamp":84152064397700,"circlet_count":0,"master_deck":["Strike_R","Strike_R","Strike_R","Strike_R","Strike_R","Defend_R","Defend_R","Defend_R","Defend_R","Bash","Flame Barrier","Infernal Blade","Double Tap+1","Heavy Blade","Armaments","Body Slam","Reaper","Clash+1","Sword Boomerang+1","Rampage","Metamorphosis","Cleave"],"relics":["Burning Blood","Champion Belt","Regal Pillow","Paper Frog","Thread and Needle","Lizard Tail","NlothsMask","Bottled Flame"],"potions_floor_usage":[5,8,16,16,16,20,21,24,24,33],"damage_taken":[{"damage":8,"enemies":"2 Louse","floor":1,"turns":4},{"damage":8,"enemies":"Small Slimes","floor":2,"turns":4},{"damage":0,"enemies":"Cultist","floor":5,"turns":5},{"damage":31,"enemies":"Lagavulin","floor":8,"turns":6},{"damage":57,"enemies":"3 Sentries","floor":12,"turns":11},{"damage":0,"enemies":"2 Fungi Beasts","floor":13,"turns":2},{"damage":13,"enemies":"3 Louse","floor":14,"turns":3},{"damage":79,"enemies":"Hexaghost","floor":16,"turns":14},{"damage":22,"enemies":"2 Thieves","floor":18,"turns":4},{"damage":15,"enemies":"Shell Parasite","floor":21,"turns":5},{"damage":68,"enemies":"Slavers","floor":24,"turns":8},{"damage":43,"enemies":"Snake Plant","floor":28,"turns":5},{"damage":11,"enemies":"Snecko","floor":31,"turns":5},{"damage":204,"enemies":"Automaton","floor":33,"turns":12}],"seed_played":"-458100607401058779","potions_obtained":[{"floor":1,"key":"PowerPotion"},{"floor":2,"key":"AttackPotion"},{"floor":8,"key":"SteroidPotion"},{"floor":12,"key":"Weak Potion"},{"floor":13,"key":"Weak Potion"},{"floor":20,"key":"AttackPotion"},{"floor":20,"key":"Fruit Juice"},{"floor":20,"key":"Dexterity Potion"},{"floor":21,"key":"Dexterity Potion"},{"floor":31,"key":"Regen Potion"}],"is_trial":false,"path_per_floor":["M","M","?","?","M","R","?","E","T","R","$","E","M","M","R","B",null,"M","?","?","M","$","R","E","R","T","?","M","$","?","M","R"],"character_chosen":"IRONCLAD","items_purchased":["Metamorphosis"],"campfire_rested":5,"item_purchase_floors":[29],"current_hp_per_floor":[94,92,92,80,86,86,86,61,61,96,96,45,51,44,87,14,76,76,76,81,72,72,101,39,84,84,101,68,68,58,57,101,0],"gold":30,"neow_bonus":"TWENTY_PERCENT_HP_BONUS","is_prod":false,"is_daily":false,"chose_seed":false,"campfire_upgraded":1,"win_rate":0,"timestamp":1540929278,"path_taken":["M","M","?","?","M","R","?","E","T","R","$","E","M","M","R","BOSS","M","?","?","M","$","R","E","R","T","?","?","?","?","M","R","BOSS"],"build_version":"2018-10-25v2","purchased_purges":1,"victory":false,"max_hp_per_floor":[96,96,96,96,96,96,96,96,96,96,96,96,96,96,96,96,96,96,96,101,101,101,101,101,101,101,101,101,101,101,101,101,101],"card_choices":[{"not_picked":["Shrug It Off","Dropkick"],"picked":"Flame Barrier","floor":1},{"not_picked":["Headbutt","Body Slam"],"picked":"Infernal Blade","floor":2},{"not_picked":["Fire Breathing","Warcry"],"picked":"Double Tap","floor":5},{"not_picked":["Seeing Red","Reckless Charge"],"picked":"Searing Blow","floor":8},{"not_picked":["Reckless Charge","Intimidate"],"picked":"Heavy Blade","floor":12},{"not_picked":["Headbutt","Cleave"],"picked":"Armaments","floor":13},{"not_picked":["Corruption","Heavy Blade"],"picked":"Body Slam","floor":14},{"not_picked":["Feed","Double Tap"],"picked":"Reaper","floor":16},{"not_picked":["Anger","Iron Wave+1"],"picked":"Clash+1","floor":18},{"not_picked":["Thunderclap","Fire Breathing"],"picked":"Sword Boomerang+1","floor":21},{"not_picked":["Sentinel","Perfected Strike+1","Power Through"],"picked":"SKIP","floor":24},{"not_picked":["Shockwave","Twin Strike"],"picked":"Rampage","floor":28},{"not_picked":["Thunderclap+1","Body Slam+1"],"picked":"Cleave","floor":31}],"player_experience":816065,"relics_obtained":[{"floor":8,"key":"Regal Pillow"},{"floor":9,"key":"Paper Frog"},{"floor":12,"key":"Thread and Needle"},{"floor":24,"key":"Bottled Flame"}],"event_choices":[{"damage_healed":0,"gold_gain":0,"player_choice":"Ignored","damage_taken":0,"max_hp_gain":0,"max_hp_loss":0,"event_name":"Shining Light","floor":3,"gold_loss":0},{"damage_healed":0,"gold_gain":0,"player_choice":"Success","damage_taken":12,"relics_obtained":["Champion Belt"],"max_hp_gain":0,"max_hp_loss":0,"event_name":"Scrap Ooze","floor":4,"gold_loss":0},{"damage_healed":0,"gold_gain":0,"player_choice":"Cursed","damage_taken":0,"max_hp_gain":0,"max_hp_loss":0,"event_name":"Wheel of Change","floor":7,"gold_loss":0,"cards_obtained":["Decay"]},{"damage_healed":0,"gold_gain":0,"player_choice":"Trade","damage_taken":0,"relics_obtained":["NlothsMask"],"max_hp_gain":0,"max_hp_loss":0,"event_name":"FaceTrader","floor":19,"gold_loss":0},{"damage_healed":0,"gold_gain":0,"player_choice":"Got Potions","damage_taken":0,"max_hp_gain":0,"max_hp_loss":0,"event_name":"The Lab","floor":20,"gold_loss":0},{"cards_removed":["Searing Blow"],"damage_healed":17,"gold_gain":0,"player_choice":"Offered Uncommon","damage_taken":0,"max_hp_gain":0,"max_hp_loss":0,"event_name":"Bonfire Elementals","floor":27,"gold_loss":0},{"damage_healed":0,"gold_gain":0,"player_choice":"","damage_taken":10,"max_hp_gain":0,"max_hp_loss":0,"event_name":"Knowing Skull","floor":30,"potions_obtained":[],"gold_loss":0,"cards_obtained":[]}],"is_beta":false,"boss_relics":[{"not_picked":["Mark of Pain","Velvet Choker"],"picked":"Lizard Tail"}],"items_purged_floors":[22],"is_endless":false,"potions_floor_spawned":[1,2,8,12,13,21,31],"killed_by":"Automaton","ascension_level":5}