{"gold_per_floor":[112,129,129,142,157,188,198,232,232,10,21,21,36,52,52,151,151,171,171,171,196,276,276,307,307,360,5,5],"floor_reached":28,"playtime":1663,"items_purged":["Normality"],"score":360,"play_id":"91cb04c9-8a62-43a1-ae45-9c4276aeffee","local_time":"20181114224505","is_ascension_mode":true,"campfire_choices":[{"floor":12,"key":"REST"},{"floor":15,"key":"REST"},{"floor":23,"key":"REST"},{"floor":25,"key":"REST"}],"neow_cost":"NONE","seed_source_timestamp":16449296279300,"circlet_count":0,"master_deck":["Strike_B","Strike_B","Strike_B","Strike_B","Defend_B","Defend_B","Defend_B","Defend_B","Zap+1","Dualcast","Creative AI","Turbo","Undo","Hologram","Conserve Battery","Double Energy","Chill","Redo","Lockon","Amplify","Storm","Biased Cognition","Parasite","Decay","Heatsinks+1","Stack","Turbo","Ball Lightning","Tempest"],"relics":["Cracked Core","Bottled Tornado","Pear","DataDisk","Strawberry","Calling Bell","Dream Catcher","The Courier","Pocketwatch","MutagenicStrength","Ancient Tea Set","Ornamental Fan","Potion Belt","Boot","Torii"],"potions_floor_usage":[6,8,14,24],"damage_taken":[{"damage":9,"enemies":"Jaw Worm","floor":1,"turns":4},{"damage":6,"enemies":"Cultist","floor":2,"turns":3},{"damage":1,"enemies":"2 Louse","floor":4,"turns":3},{"damage":0,"enemies":"Blue Slaver","floor":5,"turns":5},{"damage":15,"enemies":"3 Sentries","floor":6,"turns":9},{"damage":2,"enemies":"Looter","floor":7,"turns":5},{"damage":10,"enemies":"Lagavulin","floor":8,"turns":5},{"damage":23,"enemies":"Exordium Thugs","floor":11,"turns":5},{"damage":5,"enemies":"Large Slime","floor":13,"turns":6},{"damage":5,"enemies":"3 Louse","floor":14,"turns":3},{"damage":41,"enemies":"The Guardian","floor":16,"turns":7},{"damage":20,"enemies":"Shell Parasite","floor":18,"turns":6},{"damage":53,"enemies":"Gremlin Leader","floor":24,"turns":4},{"damage":65,"enemies":"Slavers","floor":28,"turns":4}],"seed_played":"6788110294269810090","potions_obtained":[{"floor":4,"key":"FocusPotion"},{"floor":5,"key":"SteroidPotion"},{"floor":6,"key":"FairyPotion"},{"floor":7,"key":"AttackPotion"},{"floor":13,"key":"Poison Potion"},{"floor":16,"key":"Explosive Potion"}],"is_trial":false,"path_per_floor":["M","M","?","M","M","E","M","E","T","$","M","R","M","M","R","B",null,"M","?","?","T","T","R","E","R","T","$","E"],"character_chosen":"DEFECT","items_purchased":["Lockon","Strawberry","Torii","Tempest"],"campfire_rested":4,"item_purchase_floors":[10,10,27,27],"current_hp_per_floor":[59,53,53,52,52,37,35,35,35,42,19,46,41,36,63,22,75,55,55,37,37,37,66,13,42,42,42,0],"gold":5,"neow_bonus":"ONE_RANDOM_RARE_CARD","is_prod":false,"is_daily":false,"chose_seed":false,"campfire_upgraded":0,"win_rate":0,"timestamp":1542231905,"path_taken":["M","M","?","M","?","E","M","E","T","?","M","R","?","?","R","BOSS","M","?","?","?","?","R","E","R","T","$","E"],"build_version":"2018-11-08","purchased_purges":1,"victory":false,"max_hp_per_floor":[75,75,75,75,75,75,75,85,85,92,92,92,92,92,92,92,92,92,92,97,97,97,97,97,97,97,97,97],"card_choices":[{"not_picked":["Barrage","Beam Cell"],"picked":"Turbo","floor":1},{"not_picked":["Coolheaded","Beam Cell"],"picked":"Undo","floor":2},{"not_picked":["Stack","Compile Driver"],"picked":"Hologram","floor":4},{"not_picked":["Reprogram","Ball Lightning"],"picked":"Conserve Battery","floor":5},{"not_picked":["Undo","Chaos"],"picked":"Double Energy","floor":6},{"not_picked":["Reinforced Body","Sweeping Beam"],"picked":"Chill","floor":7},{"not_picked":["Capacitor","Streamline"],"picked":"Redo","floor":8},{"not_picked":["Stack","Compile Driver","Hello World"],"picked":"SKIP","floor":11},{"not_picked":["Rip and Tear","Coolheaded"],"picked":"Amplify","floor":13},{"not_picked":["Hologram","Scrape"],"picked":"Storm","floor":14},{"not_picked":["Core Surge","Electrodynamics"],"picked":"Biased Cognition","floor":16},{"not_picked":["Coolheaded","Scrape"],"picked":"Heatsinks+1","floor":18},{"not_picked":["Hologram","Aggregate"],"picked":"Stack","floor":23},{"not_picked":["Chill","Aggregate+1"],"picked":"Turbo","floor":24},{"not_picked":["Streamline+1","Cold Snap+1"],"picked":"Ball Lightning","floor":25}],"player_experience":911479,"relics_obtained":[{"floor":6,"key":"Bottled Tornado"},{"floor":8,"key":"Pear"},{"floor":9,"key":"DataDisk"},{"floor":17,"key":"Dream Catcher"},{"floor":17,"key":"The Courier"},{"floor":17,"key":"Pocketwatch"},{"floor":21,"key":"Ancient Tea Set"},{"floor":22,"key":"Ornamental Fan"},{"floor":24,"key":"Potion Belt"},{"floor":26,"key":"Boot"}],"event_choices":[{"damage_healed":0,"gold_gain":0,"player_choice":"Upgraded","damage_taken":0,"max_hp_gain":0,"max_hp_loss":0,"event_name":"Upgrade Shrine","floor":3,"gold_loss":0,"cards_upgraded":["Zap"]},{"damage_healed":0,"gold_gain":0,"player_choice":"Inject Mutagens","damage_taken":0,"relics_obtained":["MutagenicStrength"],"max_hp_gain":0,"max_hp_loss":0,"event_name":"Drug Dealer","floor":19,"gold_loss":0},{"damage_healed":0,"gold_gain":0,"player_choice":"Shed Blood","damage_taken":23,"max_hp_gain":5,"max_hp_loss":0,"event_name":"Forgotten Altar","floor":20,"gold_loss":0}],"is_beta":false,"boss_relics":[{"not_picked":["Coffee Dripper","Snecko Eye"],"picked":"Calling Bell"}],"items_purged_floors":[27],"is_endless":false,"potions_floor_spawned":[4,5,6,7,13,16],"killed_by":"Slavers","ascension_level":7}