{"gold_per_floor":[112,124,138,29,29,57,87,87,87,29,29,29,55,69,69,147,147,159,84,100,118,133,133,164,181,181,181,181,181,194,211,211,289,289,302,119,139,139,154,184,184,202,275,275,293,293,343,105,105,105,105,105,105,18,48,48],"floor_reached":56,"playtime":2299,"items_purged":["Strike_B","Strike_B"],"score":1844,"play_id":"e1f38cdd-72bc-4793-a476-9c157942cfe2","local_time":"20190514022015","is_ascension_mode":true,"campfire_choices":[{"data":"Defragment","floor":8.0,"key":"SMITH"},{"data":"Zap","floor":11.0,"key":"SMITH"},{"data":"Recycle","floor":15.0,"key":"SMITH"},{"data":"Sunder","floor":23.0,"key":"SMITH"},{"data":"Coolheaded","floor":27.0,"key":"SMITH"},{"data":"Dualcast","floor":29.0,"key":"SMITH"},{"data":"Turbo","floor":32.0,"key":"SMITH"},{"data":"Skim","floor":41.0,"key":"SMITH"},{"data":"Consume","floor":44.0,"key":"SMITH"},{"data":"Capacitor","floor":46.0,"key":"SMITH"},{"floor":49.0,"key":"RECALL"},{"data":"Panacea","floor":53.0,"key":"SMITH"}],"neow_cost":"NONE","seed_source_timestamp":296623696706153,"circlet_count":0,"master_deck":["AscendersBane","Strike_B","Strike_B","Defend_B","Defend_B","Defend_B","Defend_B","Zap+1","Dualcast+1","Cold Snap","Tempest","Recycle+1","Defragment+1","Reboot","Coolheaded+1","Sunder+1","Biased Cognition","BootSequence","Turbo+1","Hologram","Coolheaded","White Noise","Redo+1","Capacitor+1","Creative AI","Biased Cognition","Consume+1","Turbo","Skim+1","Glacier","Heatsinks","Panacea+1","Recycle","Glacier"],"special_seed":0,"relics":["Cracked Core","NeowsBlessing","Meat on the Bone","Boot","Centennial Puzzle","Oddly Smooth Stone","Runic Pyramid","Ancient Tea Set","Bronze Scales","Gremlin Horn","Nuclear Battery","FossilizedHelix","Orichalcum"],"potions_floor_usage":[56],"damage_taken":[{"damage":0.0,"enemies":"Cultist","floor":1.0,"turns":1.0},{"damage":0.0,"enemies":"Small Slimes","floor":2.0,"turns":1.0},{"damage":0.0,"enemies":"Jaw Worm","floor":3.0,"turns":1.0},{"damage":36.0,"enemies":"3 Sentries","floor":6.0,"turns":6.0},{"damage":6.0,"enemies":"Blue Slaver","floor":14.0,"turns":3.0},{"damage":19.0,"enemies":"The Guardian","floor":16.0,"turns":11.0},{"damage":20.0,"enemies":"2 Thieves","floor":18.0,"turns":3.0},{"damage":12.0,"enemies":"Shell Parasite","floor":20.0,"turns":3.0},{"damage":26.0,"enemies":"Centurion and Healer","floor":21.0,"turns":4.0},{"damage":4.0,"enemies":"Cultist and Chosen","floor":22.0,"turns":5.0},{"damage":23.0,"enemies":"Book of Stabbing","floor":24.0,"turns":6.0},{"damage":3.0,"enemies":"Snecko","floor":25.0,"turns":4.0},{"damage":8.0,"enemies":"Centurion and Healer","floor":30.0,"turns":4.0},{"damage":14.0,"enemies":"Shelled Parasite and Fungi","floor":31.0,"turns":2.0},{"damage":25.0,"enemies":"Collector","floor":33.0,"turns":11.0},{"damage":8.0,"enemies":"3 Darklings","floor":35.0,"turns":5.0},{"damage":12.0,"enemies":"3 Shapes","floor":37.0,"turns":4.0},{"damage":6.0,"enemies":"Jaw Worm Horde","floor":39.0,"turns":3.0},{"damage":9.0,"enemies":"Reptomancer","floor":40.0,"turns":4.0},{"damage":0.0,"enemies":"Writhing Mass","floor":42.0,"turns":5.0},{"damage":0.0,"enemies":"Transient","floor":45.0,"turns":6.0},{"damage":20.0,"enemies":"Awakened One","floor":50.0,"turns":18.0},{"damage":0.0,"enemies":"Donu and Deca","floor":51.0,"turns":15.0},{"damage":53.0,"enemies":"Shield and Spear","floor":55.0,"turns":6.0},{"damage":23,"enemies":"The Heart","floor":56,"turns":5}],"seed_played":"-2133448538122291394","potions_obtained":[{"floor":14.0,"key":"Energy Potion"},{"floor":16.0,"key":"Strength Potion"},{"floor":21.0,"key":"Ancient Potion"},{"floor":30.0,"key":"LiquidBronze"},{"floor":33.0,"key":"Block Potion"},{"floor":35.0,"key":"Explosive Potion"},{"floor":42.0,"key":"SpeedPotion"},{"floor":55.0,"key":"SpeedPotion"}],"is_trial":false,"path_per_floor":["M","M","M","$","?","E","?","R","T","$","R","$","T","M","R","B",null,"M","$","M","M","M","R","E","M","T","R","T","R","M","M","R","B",null,"M","$","M","?","M","E","R","M","T","R","M","R","?","$","R","B","B",null,"R","$","E","B"],"character_chosen":"DEFECT","items_purchased":["Defragment","Ball Lightning","Coolheaded","Consume","Glacier","Heatsinks","Panacea","Recycle"],"campfire_rested":0,"item_purchase_floors":[4,4,10,36,48,48,48,54],"current_hp_per_floor":[64,64,64,64,46,22,22,22,22,22,22,22,22,28,28,21,59,39,39,39,25,33,33,22,31,31,31,31,31,35,33,33,20,58,50,50,38,38,44,47,47,47,47,47,47,47,40,40,40,32,44,64,64,64,23,0],"gold":48,"neow_bonus":"THREE_ENEMY_KILL","is_prod":false,"is_daily":false,"chose_seed":false,"campfire_upgraded":11,"win_rate":0,"timestamp":1557771615,"path_taken":["M","?","M","$","?","E","?","R","T","?","R","$","?","M","R","BOSS","M","$","?","M","M","R","E","M","T","R","?","R","?","M","R","BOSS","M","$","M","?","M","E","R","M","T","R","M","R","?","$","R","BOSS","BOSS","R","$","E","BOSS"],"build_version":"2019-01-23","purchased_purges":2,"victory":false,"max_hp_per_floor":[71,71,71,71,71,71,71,71,71,71,71,71,71,71,71,71,71,71,71,71,71,71,71,71,71,71,71,71,71,71,71,71,71,71,71,71,71,71,71,71,71,71,71,71,71,71,71,71,71,71,71,71,71,71,71,71],"card_choices":[{"not_picked":["Turbo","Rebound"],"picked":"Cold Snap","floor":1.0},{"not_picked":["Melter","Rebound"],"picked":"Tempest","floor":2.0},{"not_picked":["Self Repair","Redo"],"picked":"Recycle","floor":3.0},{"not_picked":["Redo","Lockon"],"picked":"Reboot","floor":6.0},{"not_picked":["Rip and Tear","Compile Driver"],"picked":"Sunder","floor":14.0},{"not_picked":["All For One","Electrodynamics"],"picked":"Biased Cognition","floor":16.0},{"not_picked":["Conserve Battery","Sweeping Beam"],"picked":"BootSequence","floor":18.0},{"not_picked":["Barrage","Gash"],"picked":"Turbo","floor":20.0},{"not_picked":["Stack+1","Compile Driver"],"picked":"Hologram","floor":21.0},{"not_picked":["Beam Cell","Redo"],"picked":"Coolheaded","floor":22.0},{"not_picked":["Rebound","Sweeping Beam"],"picked":"White Noise","floor":24.0},{"not_picked":["Barrage","Rebound"],"picked":"Redo+1","floor":25.0},{"not_picked":["Stack+1","Chaos"],"picked":"Capacitor","floor":30.0},{"not_picked":["Ball Lightning","Sweeping Beam"],"picked":"Creative AI","floor":31.0},{"not_picked":["Buffer","Rainbow"],"picked":"Biased Cognition","floor":33.0},{"not_picked":["Melter","Reprogram","Cold Snap"],"picked":"SKIP","floor":35.0},{"not_picked":["Consume","Ball Lightning","Doom and Gloom"],"picked":"SKIP","floor":37.0},{"not_picked":["Conserve Battery","Static Discharge+1"],"picked":"Turbo","floor":39.0},{"not_picked":["White Noise+1","Steam"],"picked":"Skim","floor":40.0},{"not_picked":["Sweeping Beam","Streamline","Beam Cell+1"],"picked":"SKIP","floor":42.0},{"not_picked":["Cold Snap","Ball Lightning","Genetic Algorithm"],"picked":"SKIP","floor":45.0},{"not_picked":["Static Discharge","Rainbow"],"picked":"Glacier","floor":55.0}],"player_experience":1665335,"relics_obtained":[{"floor":6.0,"key":"Boot"},{"floor":9.0,"key":"Centennial Puzzle"},{"floor":13.0,"key":"Oddly Smooth Stone"},{"floor":24.0,"key":"Ancient Tea Set"},{"floor":26.0,"key":"Bronze Scales"},{"floor":28.0,"key":"Gremlin Horn"},{"floor":40.0,"key":"FossilizedHelix"},{"floor":55.0,"key":"Orichalcum"}],"event_choices":[{"damage_healed":0.0,"max_hp_gain":0.0,"max_hp_loss":0.0,"gold_gain":0.0,"event_name":"Scrap Ooze","player_choice":"Success","floor":5.0,"gold_loss":0.0,"damage_taken":18.0,"relics_obtained":["Meat on the Bone"]},{"damage_healed":0.0,"max_hp_gain":0.0,"max_hp_loss":0.0,"gold_gain":30.0,"event_name":"Dead Adventurer","player_choice":"Searched \u00271\u0027 times","floor":7.0,"gold_loss":0.0,"damage_taken":0.0},{"cards_removed":["Ball Lightning"],"damage_healed":0.0,"max_hp_gain":0.0,"max_hp_loss":0.0,"gold_gain":0.0,"event_name":"Falling","player_choice":"Removed Attack","floor":38.0,"gold_loss":0.0,"damage_taken":0.0},{"damage_healed":0.0,"max_hp_gain":0.0,"max_hp_loss":0.0,"gold_gain":50.0,"event_name":"FaceTrader","player_choice":"Touch","floor":47.0,"gold_loss":0.0,"damage_taken":7.0}],"is_beta":false,"boss_relics":[{"not_picked":["White Beast Statue","Calling Bell"],"picked":"Runic Pyramid"},{"not_picked":["FrozenCore","Coffee Dripper"],"picked":"Nuclear Battery"}],"items_purged_floors":[19,36],"is_endless":false,"potions_floor_spawned":[14,16,21,22,30,31,33,35,42,55],"killed_by":"The Heart","ascension_level":20}