{"gold_per_floor":[117,30,105,105,122,122,147,147,147,322,342,342,126,126,126,222,222,232,232],"floor_reached":19,"playtime":591,"items_purged":[],"score":263,"play_id":"4bd827db-1ba9-4633-996f-86976d193cd3","local_time":"20190124222750","is_ascension_mode":true,"campfire_choices":[{"data":"Defragment","floor":6,"key":"SMITH"},{"data":"Fusion","floor":8,"key":"SMITH"},{"data":"Turbo","floor":12,"key":"SMITH"},{"data":"Apotheosis","floor":15,"key":"SMITH"}],"neow_cost":"NONE","seed_source_timestamp":103501702743100,"circlet_count":0,"master_deck":["Strike_B","Strike_B","Strike_B","Strike_B","Defend_B","Defend_B","Defend_B","Defend_B","Zap","Dualcast","White Noise","Bandage Up","Defragment+1","Fusion+1","Doubt","Turbo+1","Apotheosis+1","Redo","Meteor Strike"],"relics":["Cracked Core","NeowsBlessing","NlothsMask","Happy Flower","Cables","Busted Crown"],"potions_floor_usage":[16,18],"damage_taken":[{"damage":0,"enemies":"Small Slimes","floor":1,"turns":1},{"damage":0,"enemies":"2 Louse","floor":5,"turns":1},{"damage":0,"enemies":"Lagavulin","floor":7,"turns":1},{"damage":0,"enemies":"Cultist","floor":11,"turns":4},{"damage":50,"enemies":"Slime Boss","floor":16,"turns":12},{"damage":28,"enemies":"Shell Parasite","floor":18,"turns":6},{"damage":55,"enemies":"Masked Bandits","floor":19,"turns":3}],"seed_played":"-1939701938977126873","potions_obtained":[{"floor":11,"key":"Poison Potion"},{"floor":16,"key":"Block Potion"}],"is_trial":false,"path_per_floor":["M","$","?","?","M","R","E","R","T","?","M","R","$","T","R","B",null,"M","?"],"character_chosen":"DEFECT","items_purchased":["Bandage Up","Apotheosis","Redo"],"campfire_rested":0,"item_purchase_floors":[2,13,13],"current_hp_per_floor":[68,68,57,57,57,57,61,61,61,61,65,65,65,65,65,19,61,39,0],"gold":232,"neow_bonus":"THREE_ENEMY_KILL","is_prod":false,"is_daily":false,"chose_seed":false,"campfire_upgraded":4,"win_rate":0,"timestamp":1548365270,"path_taken":["M","$","?","?","?","R","E","R","T","?","M","R","?","?","R","BOSS","M","?"],"build_version":"2019-01-23","purchased_purges":0,"victory":false,"max_hp_per_floor":[75,75,75,75,75,75,75,75,75,75,75,75,75,75,75,75,75,75,75],"card_choices":[{"not_picked":["Stack","Leap"],"picked":"White Noise","floor":1},{"not_picked":["Redo","Gash"],"picked":"Defragment","floor":5},{"not_picked":["Blizzard","Capacitor"],"picked":"Fusion","floor":7},{"not_picked":["Core Surge","Doom and Gloom"],"picked":"Turbo","floor":11},{"not_picked":["Multi-Cast","Amplify"],"picked":"Meteor Strike","floor":16},{"not_picked":["Go for the Eyes"],"picked":"SKIP","floor":18}],"player_experience":1286228,"relics_obtained":[{"floor":7,"key":"Happy Flower"},{"floor":14,"key":"Cables"}],"event_choices":[{"damage_healed":0,"gold_gain":75,"player_choice":"Gather Gold","damage_taken":11,"max_hp_gain":0,"max_hp_loss":0,"event_name":"World of Goop","floor":3,"gold_loss":0},{"damage_healed":0,"gold_gain":0,"player_choice":"Trade","damage_taken":0,"relics_obtained":["NlothsMask"],"max_hp_gain":0,"max_hp_loss":0,"event_name":"FaceTrader","floor":4,"gold_loss":0},{"damage_healed":0,"gold_gain":175,"player_choice":"AGREE","damage_taken":0,"max_hp_gain":0,"max_hp_loss":0,"event_name":"Liars Game","floor":10,"gold_loss":0,"cards_obtained":["Doubt"]},{"damage_healed":0,"gold_gain":0,"player_choice":"Fought Bandits","damage_taken":0,"max_hp_gain":0,"max_hp_loss":0,"event_name":"Masked Bandits","floor":19,"gold_loss":0}],"is_beta":false,"boss_relics":[{"not_picked":["Coffee Dripper","Empty Cage"],"picked":"Busted Crown"}],"items_purged_floors":[],"is_endless":false,"potions_floor_spawned":[11,16],"killed_by":"Masked Bandits","ascension_level":8}