{"gold_per_floor":[112,127,145,165,176,236,236,236,309,321,335,369,469,480,480,580,580,596,596,610,622,592,625,625,652,652,652,665,676,676,688,688,688],"floor_reached":33,"playtime":4005,"items_purged":[],"score":318,"play_id":"cd1eae5f-2247-4d35-94b9-b5eef9bd4e24","local_time":"20181127121557","is_ascension_mode":true,"campfire_choices":[{"floor":8.0,"key":"RECALL"},{"floor":15.0,"key":"REST"},{"floor":24.0,"key":"REST"},{"floor":27.0,"key":"REST"},{"floor":32.0,"key":"REST"}],"neow_cost":"NONE","seed_source_timestamp":383386008117326,"circlet_count":0,"master_deck":["Defend_G","Defend_G","Defend_G","Defend_G","Defend_G","Strike_G","Strike_G","Strike_G","Strike_G","Strike_G","Survivor","Neutralize","Well Laid Plans","Deadly Poison","Dash","Dash","Crippling Poison","Deadly Poison","Footwork","Corpse Explosion","Noxious Fumes","Deadly Poison"],"special_seed":0,"relics":["Ring of the Snake","Tiny Chest","NlothsMask","Gambling Chip","Lizard Tail","Centennial Puzzle","PreservedInsect","Pocketwatch","Question Card"],"potions_floor_usage":[33,33],"damage_taken":[{"damage":0.0,"enemies":"Jaw Worm","floor":1.0,"turns":6.0},{"damage":0.0,"enemies":"Cultist","floor":2.0,"turns":3.0},{"damage":0.0,"enemies":"Small Slimes","floor":3.0,"turns":3.0},{"damage":0.0,"enemies":"Looter","floor":4.0,"turns":4.0},{"damage":6.0,"enemies":"Lots of Slimes","floor":5.0,"turns":5.0},{"damage":14.0,"enemies":"Gremlin Nob","floor":6.0,"turns":5.0},{"damage":0.0,"enemies":"Blue Slaver","floor":10.0,"turns":4.0},{"damage":3.0,"enemies":"Red Slaver","floor":11.0,"turns":3.0},{"damage":11.0,"enemies":"Lagavulin","floor":12.0,"turns":7.0},{"damage":2.0,"enemies":"Exordium Wildlife","floor":14.0,"turns":4.0},{"damage":18.0,"enemies":"Hexaghost","floor":16.0,"turns":10.0},{"damage":1.0,"enemies":"Chosen","floor":18.0,"turns":5.0},{"damage":17.0,"enemies":"2 Thieves","floor":20.0,"turns":4.0},{"damage":19.0,"enemies":"Snake Plant","floor":21.0,"turns":6.0},{"damage":38.0,"enemies":"Gremlin Leader","floor":23.0,"turns":5.0},{"damage":35.0,"enemies":"Slavers","floor":25.0,"turns":5.0},{"damage":0.0,"enemies":"Snecko","floor":28.0,"turns":5.0},{"damage":19.0,"enemies":"Chosen and Byrds","floor":29.0,"turns":5.0},{"damage":9.0,"enemies":"Centurion and Healer","floor":31.0,"turns":5.0},{"damage":56,"enemies":"Champ","floor":33,"turns":14}],"seed_played":"-2972750858202276432","potions_obtained":[{"floor":2.0,"key":"SpeedPotion"},{"floor":4.0,"key":"Ancient Potion"},{"floor":5.0,"key":"PowerPotion"},{"floor":12.0,"key":"EssenceOfSteel"},{"floor":22.0,"key":"AttackPotion"},{"floor":22.0,"key":"SkillPotion"},{"floor":28.0,"key":"Weak Potion"},{"floor":31.0,"key":"Regen Potion"}],"is_trial":false,"path_per_floor":["M","M","M","M","M","E","?","R","T","M","M","E","?","M","R","B",null,"M","?","M","M","?","E","R","E","T","R","M","M","T","M","R","B"],"character_chosen":"THE_SILENT","items_purchased":[],"campfire_rested":4,"item_purchase_floors":[],"current_hp_per_floor":[70,70,70,70,64,50,50,50,50,50,47,36,36,34,55,37,70,69,69,52,33,33,35,56,21,21,42,42,23,23,14,35,0],"gold":688,"neow_bonus":"THREE_CARDS","is_prod":false,"is_daily":false,"chose_seed":false,"campfire_upgraded":0,"win_rate":0,"timestamp":1543288557,"path_taken":["M","M","M","M","M","E","?","R","T","?","M","E","?","?","R","BOSS","M","?","M","?","?","E","R","E","T","R","M","?","?","M","R","BOSS"],"build_version":"2018-11-15","purchased_purges":0,"victory":false,"max_hp_per_floor":[70,70,70,70,70,70,70,70,70,70,70,70,70,70,70,70,70,70,70,70,70,70,70,70,70,70,70,70,70,70,70,70,70],"card_choices":[{"not_picked":["Endless Agony","Slice"],"picked":"Well Laid Plans","floor":0.0},{"not_picked":["Choke","Deflect"],"picked":"Deadly Poison","floor":1.0},{"not_picked":["Slice","Expertise"],"picked":"Dash","floor":2.0},{"not_picked":["Sucker Punch","Tools of the Trade","Quick Slash"],"picked":"SKIP","floor":3.0},{"not_picked":["Flying Knee","PiercingWail","Prepared"],"picked":"SKIP","floor":4.0},{"not_picked":["Endless Agony","Deflect"],"picked":"Dash","floor":5.0},{"not_picked":["Blade Dance","Poisoned Stab","Prepared"],"picked":"SKIP","floor":6.0},{"not_picked":["Deflect","All Out Attack"],"picked":"Crippling Poison","floor":10.0},{"not_picked":["Sucker Punch","Backflip"],"picked":"Deadly Poison","floor":11.0},{"not_picked":["Backflip","Expertise"],"picked":"Footwork","floor":12.0},{"not_picked":["PiercingWail","Dagger Spray","Reflex"],"picked":"SKIP","floor":14.0},{"not_picked":["A Thousand Cuts","Unload"],"picked":"Corpse Explosion","floor":16.0},{"not_picked":["Acrobatics","Slice"],"picked":"Noxious Fumes","floor":18.0},{"not_picked":["Dash","Backflip+1","Eviscerate+1"],"picked":"SKIP","floor":20.0},{"not_picked":["Quick Slash","PiercingWail+1","Expertise"],"picked":"SKIP","floor":21.0},{"not_picked":["Terror+1","Distraction","Backflip"],"picked":"SKIP","floor":23.0},{"not_picked":["Acrobatics+1","Predator"],"picked":"Deadly Poison","floor":25.0},{"not_picked":["Slice+1","Eviscerate","Quick Slash"],"picked":"SKIP","floor":28.0},{"not_picked":["Heel Hook","Phantasmal Killer","Slice+1"],"picked":"SKIP","floor":29.0},{"not_picked":["Backflip","Poisoned Stab","Deflect","All Out Attack"],"picked":"SKIP","floor":31.0}],"player_experience":119161,"relics_obtained":[{"floor":6.0,"key":"Tiny Chest"},{"floor":12.0,"key":"Gambling Chip"},{"floor":23.0,"key":"Centennial Puzzle"},{"floor":25.0,"key":"PreservedInsect"},{"floor":26.0,"key":"Pocketwatch"},{"floor":30.0,"key":"Question Card"}],"event_choices":[{"damage_healed":0.0,"max_hp_gain":0.0,"max_hp_loss":0.0,"gold_gain":0.0,"event_name":"FaceTrader","player_choice":"Trade","floor":7.0,"gold_loss":0.0,"damage_taken":0.0,"relics_obtained":["NlothsMask"]},{"damage_healed":0.0,"max_hp_gain":0.0,"max_hp_loss":0.0,"gold_gain":100.0,"event_name":"Golden Shrine","player_choice":"Pray","floor":13.0,"gold_loss":0.0,"damage_taken":0.0},{"damage_healed":0.0,"max_hp_gain":0.0,"max_hp_loss":0.0,"gold_gain":0.0,"event_name":"Match and Keep!","player_choice":"0 cards matched","floor":19.0,"gold_loss":0.0,"damage_taken":0.0,"cards_obtained":[]},{"damage_healed":0.0,"max_hp_gain":0.0,"max_hp_loss":0.0,"gold_gain":0.0,"event_name":"The Woman in Blue","player_choice":"Bought 2 Potions","floor":22.0,"gold_loss":0.0,"damage_taken":0.0}],"is_beta":false,"boss_relics":[{"not_picked":["Fusion Hammer","Busted Crown"],"picked":"Lizard Tail"}],"items_purged_floors":[],"is_endless":false,"potions_floor_spawned":[2,4,5,12,28,31],"killed_by":"Champ","ascension_level":1}