{"gold_per_floor":[112,112,129,129,139,170,170,203,203,203,5,38,38,58,58,155,205,218,218,74,50,13,13,13],"floor_reached":24,"playtime":941,"items_purged":[],"score":339,"play_id":"35b2a981-ab27-4944-ba8b-11967e8df4dc","local_time":"20190317225005","is_ascension_mode":true,"campfire_choices":[{"floor":7,"key":"REST"},{"floor":10,"key":"REST"},{"data":"Jack Of All Trades","floor":13,"key":"SMITH"},{"data":"Spot Weakness","floor":15,"key":"SMITH"},{"floor":23,"key":"REST"}],"neow_cost":"PERCENT_DAMAGE","seed_source_timestamp":274680388733599,"circlet_count":0,"master_deck":["AscendersBane","Strike_R","Strike_R","Strike_R","Strike_R","Strike_R","Defend_R","Defend_R","Defend_R","Defend_R","Bash","Immolate","Spot Weakness+1","Headbutt+1","Jack Of All Trades+1","Blood for Blood","Havoc","Flex","Heavy Blade","Burning Pact+1","Dark Embrace","Rage+1","Shrug It Off+1","Corruption","Infernal Blade+1"],"relics":["Burning Blood","Kunai","Ancient Tea Set","Bottled Lightning","Toxic Egg 2","OrangePellets","Smiling Mask","Tiny House","CultistMask","Happy Flower"],"potions_floor_usage":[12,18,18],"damage_taken":[{"damage":3,"enemies":"Small Slimes","floor":1,"turns":2},{"damage":0,"enemies":"2 Louse","floor":3,"turns":3},{"damage":1,"enemies":"Cultist","floor":5,"turns":3},{"damage":32,"enemies":"Gremlin Nob","floor":6,"turns":4},{"damage":19,"enemies":"3 Sentries","floor":8,"turns":5},{"damage":16,"enemies":"Gremlin Nob","floor":12,"turns":3},{"damage":6,"enemies":"2 Fungi Beasts","floor":14,"turns":3},{"damage":55,"enemies":"The Guardian","floor":16,"turns":7},{"damage":28,"enemies":"3 Byrds","floor":18,"turns":4},{"damage":36,"enemies":"2 Thieves","floor":21,"turns":5},{"damage":44,"enemies":"Book of Stabbing","floor":24,"turns":4}],"seed_played":"-9034430372024099275","potions_obtained":[{"floor":1,"key":"SpeedPotion"},{"floor":8,"key":"Energy Potion"},{"floor":16,"key":"Swift Potion"},{"floor":18,"key":"Dexterity Potion"}],"is_trial":false,"path_per_floor":["M","?","M","?","M","E","R","E","T","R","$","E","R","M","R","B",null,"M","?","$","M","$","R","E"],"character_chosen":"IRONCLAD","items_purchased":["OrangePellets","Happy Flower","Infernal Blade+1"],"campfire_rested":3,"item_purchase_floors":[11,20,22],"current_hp_per_floor":[54,51,57,57,62,36,60,47,47,71,71,61,61,61,61,12,68,46,46,46,16,16,41,0],"gold":13,"neow_bonus":"THREE_RARE_CARDS","is_prod":false,"is_daily":false,"chose_seed":false,"campfire_upgraded":2,"win_rate":0,"timestamp":1552859405,"path_taken":["M","?","M","?","?","E","R","E","T","R","$","E","R","M","R","BOSS","M","?","$","?","?","R","E"],"build_version":"2019-01-23","purchased_purges":0,"victory":false,"max_hp_per_floor":[80,80,80,80,80,80,80,80,80,80,80,80,80,80,80,80,85,85,85,85,85,85,85,85],"card_choices":[{"not_picked":["Berserk","Bludgeon"],"picked":"Immolate","floor":0},{"not_picked":["Carnage","Warcry"],"picked":"Spot Weakness","floor":1},{"not_picked":["Body Slam","Sword Boomerang"],"picked":"Headbutt","floor":3},{"not_picked":["Wild Strike","Corruption"],"picked":"Blood for Blood","floor":5},{"not_picked":["Hemokinesis","Blood for Blood"],"picked":"Havoc","floor":6},{"not_picked":["Clothesline","Carnage"],"picked":"Flex","floor":8},{"not_picked":["Fiend Fire","Sword Boomerang"],"picked":"Heavy Blade","floor":12},{"not_picked":["Havoc+1","Clothesline"],"picked":"Burning Pact+1","floor":14},{"not_picked":["Offering+1","Immolate"],"picked":"Dark Embrace","floor":16},{"not_picked":["Cleave","Carnage"],"picked":"Rage+1","floor":17},{"not_picked":["Searing Blow","Sword Boomerang"],"picked":"Shrug It Off+1","floor":18},{"not_picked":["Wild Strike","Perfected Strike"],"picked":"Corruption","floor":21}],"player_experience":1538730,"relics_obtained":[{"floor":6,"key":"Ancient Tea Set"},{"floor":8,"key":"Bottled Lightning"},{"floor":9,"key":"Toxic Egg 2"},{"floor":12,"key":"Smiling Mask"}],"event_choices":[{"damage_healed":0,"gold_gain":0,"player_choice":"Success","damage_taken":3,"relics_obtained":["Kunai"],"max_hp_gain":0,"max_hp_loss":0,"event_name":"Scrap Ooze","floor":2,"gold_loss":0},{"damage_healed":0,"gold_gain":0,"player_choice":"1 cards matched","damage_taken":0,"max_hp_gain":0,"max_hp_loss":0,"event_name":"Match and Keep!","floor":4,"gold_loss":0,"cards_obtained":["Jack Of All Trades"]},{"damage_healed":0,"gold_gain":0,"player_choice":"Trade","damage_taken":0,"relics_obtained":["CultistMask"],"max_hp_gain":0,"max_hp_loss":0,"event_name":"FaceTrader","floor":19,"gold_loss":0}],"is_beta":false,"boss_relics":[{"not_picked":["Coffee Dripper","Runic Pyramid"],"picked":"Tiny House"}],"items_purged_floors":[],"is_endless":false,"potions_floor_spawned":[1,8,16,18],"killed_by":"Book of Stabbing","ascension_level":12}