{"gold_per_floor":[116,134,144,160,171,171,121,155,155,430,430,448,448,467,467,567,567,579,597,597,320,320],"floor_reached":22,"playtime":726,"items_purged":["Injury"],"score":282,"play_id":"506bc8a3-642f-445b-8084-c86c41d2a9bf","local_time":"20190224153205","is_ascension_mode":true,"campfire_choices":[{"floor":6,"key":"REST"},{"floor":11,"key":"REST"},{"data":"True Grit","floor":13,"key":"SMITH"},{"data":"Bash","floor":15,"key":"SMITH"}],"neow_cost":"TEN_PERCENT_HP_LOSS","seed_source_timestamp":58323546027400,"circlet_count":0,"master_deck":["AscendersBane","Strike_R","Strike_R","Strike_R","Strike_R","Defend_R","Defend_R","Defend_R","Defend_R","Bash+1","Immolate","Fire Breathing","Flex","Fire Breathing","Infernal Blade","True Grit+1","Thunderclap+1","Spot Weakness","Inflame","Limit Break","Clumsy","Battle Trance"],"relics":["Burning Blood","Molten Egg 2","Omamori","Calling Bell","PreservedInsect","Shuriken","Turnip","Anchor"],"potions_floor_usage":[8,8,18,22],"damage_taken":[{"damage":1,"enemies":"Cultist","floor":1,"turns":3},{"damage":12,"enemies":"2 Louse","floor":2,"turns":3},{"damage":0,"enemies":"Small Slimes","floor":3,"turns":2},{"damage":17,"enemies":"3 Louse","floor":4,"turns":3},{"damage":19,"enemies":"Lots of Slimes","floor":5,"turns":3},{"damage":30,"enemies":"Gremlin Nob","floor":8,"turns":4},{"damage":5,"enemies":"2 Fungi Beasts","floor":12,"turns":4},{"damage":0,"enemies":"3 Louse","floor":14,"turns":2},{"damage":62,"enemies":"The Guardian","floor":16,"turns":10},{"damage":41,"enemies":"3 Byrds","floor":18,"turns":5},{"damage":21,"enemies":"Chosen","floor":19,"turns":6},{"damage":45,"enemies":"Snecko","floor":22,"turns":4}],"seed_played":"-2630388467861594828","potions_obtained":[{"floor":3,"key":"Regen Potion"},{"floor":4,"key":"Explosive Potion"},{"floor":14,"key":"Weak Potion"}],"is_trial":false,"path_per_floor":["M","M","M","M","M","R","?","E","T","?","R","M","R","M","R","B",null,"M","M","?","$","M"],"character_chosen":"IRONCLAD","items_purchased":["Anchor","Poison Potion"],"campfire_rested":2,"item_purchase_floors":[21,21],"current_hp_per_floor":[72,66,72,61,48,69,69,55,55,55,72,72,72,72,72,16,58,23,8,32,32,0],"gold":320,"neow_bonus":"THREE_RARE_CARDS","is_prod":false,"is_daily":false,"chose_seed":false,"campfire_upgraded":2,"win_rate":0,"timestamp":1551018725,"path_taken":["M","?","?","M","M","R","?","E","T","?","R","?","R","M","R","BOSS","M","?","?","$","M"],"build_version":"2019-01-23","purchased_purges":1,"victory":false,"max_hp_per_floor":[72,72,72,72,72,72,72,72,72,72,72,72,72,72,72,72,72,72,72,72,72,72],"card_choices":[{"not_picked":["Berserk","Bludgeon"],"picked":"Immolate","floor":0},{"not_picked":["Clothesline","Armaments"],"picked":"Fire Breathing","floor":1},{"not_picked":["Anger","Warcry"],"picked":"Flex","floor":2},{"not_picked":["Perfected Strike","Headbutt"],"picked":"Fire Breathing","floor":3},{"not_picked":["Cleave","Ghostly Armor"],"picked":"Infernal Blade","floor":4},{"not_picked":["Intimidate","Twin Strike"],"picked":"True Grit","floor":5},{"not_picked":["Brutality","Cleave"],"picked":"Thunderclap","floor":8},{"not_picked":["Thunderclap+1","Sentinel"],"picked":"Spot Weakness","floor":12},{"not_picked":["Sword Boomerang+1","Warcry"],"picked":"Inflame","floor":14},{"not_picked":["Immolate+1","Juggernaut"],"picked":"Limit Break","floor":16},{"not_picked":["Blood for Blood+1","Ghostly Armor","Uppercut+1"],"picked":"SKIP","floor":18},{"not_picked":["Flex","Warcry"],"picked":"Battle Trance","floor":19}],"player_experience":1423981,"relics_obtained":[{"floor":8,"key":"Molten Egg 2"},{"floor":9,"key":"Omamori"},{"floor":17,"key":"PreservedInsect"},{"floor":17,"key":"Shuriken"},{"floor":17,"key":"Turnip"}],"event_choices":[{"cards_removed":["Strike_R"],"damage_healed":0,"gold_gain":0,"player_choice":"Card Removal","damage_taken":0,"max_hp_gain":0,"max_hp_loss":0,"event_name":"The Cleric","floor":7,"gold_loss":50},{"damage_healed":0,"gold_gain":275,"player_choice":"Desecrate","damage_taken":0,"max_hp_gain":0,"max_hp_loss":0,"event_name":"Golden Shrine","floor":10,"gold_loss":0,"cards_obtained":["Regret"]},{"damage_healed":24,"gold_gain":0,"player_choice":"Heal","damage_taken":0,"max_hp_gain":0,"max_hp_loss":0,"event_name":"The Library","floor":20,"gold_loss":0}],"is_beta":false,"boss_relics":[{"not_picked":["Astrolabe","Black Star"],"picked":"Calling Bell"}],"items_purged_floors":[21],"is_endless":false,"potions_floor_spawned":[3,4,14],"killed_by":"Snecko","ascension_level":10}