{"gold_per_floor":[109,129,139,49,63,63,92,107,107,107,107,180,26,60,60,163,163,176,194,34,34,34,34],"floor_reached":23,"playtime":1796,"items_purged":[],"score":249,"play_id":"688987db-5fe9-4931-a9da-20da44eb182e","local_time":"20190121181350","is_ascension_mode":true,"campfire_choices":[{"data":"Self Repair","floor":6,"key":"SMITH"},{"floor":10,"key":"REST"},{"floor":15,"key":"REST"}],"neow_cost":"NONE","seed_source_timestamp":1036516549604398,"circlet_count":0,"master_deck":["Zap","Dualcast","Stack","Self Repair+1","Conserve Battery","Streamline","Reprogram","Rebound","Reprogram","Reprogram","Rebound","Bandage Up","Machine Learning","Chill","Cold Snap","Seek","Hologram","Leap","Ball Lightning","Aggregate","Skim","Blizzard","Loop","Steam Power","Coolheaded","Redo+1","Hologram","Melter","Defragment"],"relics":["Eternal Feather","Dream Catcher","Matryoshka","Pandora\u0027s Box","Nloth\u0027s Gift"],"potions_floor_usage":[16],"damage_taken":[{"damage":8,"enemies":"2 Louse","floor":1,"turns":2},{"damage":1,"enemies":"Cultist","floor":2,"turns":4},{"damage":11,"enemies":"Small Slimes","floor":3,"turns":5},{"damage":11,"enemies":"Looter","floor":5,"turns":5},{"damage":53,"enemies":"Gremlin Nob","floor":7,"turns":6},{"damage":31,"enemies":"Exordium Wildlife","floor":8,"turns":8},{"damage":12,"enemies":"3 Sentries","floor":14,"turns":8},{"damage":51,"enemies":"The Guardian","floor":16,"turns":13},{"damage":29,"enemies":"Spheric Guardian","floor":18,"turns":6},{"damage":19,"enemies":"Shell Parasite","floor":19,"turns":8},{"damage":43,"enemies":"Slavers","floor":23,"turns":2}],"seed_played":"5520703892981275673","potions_obtained":[{"floor":7,"key":"FairyPotion"},{"floor":14,"key":"Swift Potion"}],"is_trial":false,"path_per_floor":["M","M","M","$","M","R","E","M","T","R","?","?","$","E","R","B",null,"M","M","$","?","?","E"],"character_chosen":"DEFECT","items_purchased":["Streamline","Reprogram","Bandage Up","Machine Learning","Hologram","Melter","Defragment"],"campfire_rested":2,"item_purchase_floors":[4,4,13,13,20,20,20],"current_hp_per_floor":[67,66,62,62,58,67,24,12,12,43,48,48,48,50,80,43,71,56,51,51,36,36,0],"gold":34,"neow_bonus":"BOSS_RELIC","is_prod":false,"is_daily":false,"chose_seed":false,"campfire_upgraded":1,"win_rate":0,"timestamp":1548123230,"path_taken":["M","M","M","$","M","R","E","M","T","R","?","?","$","E","R","BOSS","M","M","$","?","?","E"],"build_version":"2019-01-17v2","purchased_purges":0,"victory":false,"max_hp_per_floor":[75,75,75,75,75,75,75,75,75,75,80,80,80,80,80,80,80,80,80,80,85,85,85],"card_choices":[{"not_picked":["Coolheaded","Rebound"],"picked":"Stack","floor":1},{"not_picked":["Undo","Stack"],"picked":"Self Repair","floor":2},{"not_picked":["Barrage","Go for the Eyes"],"picked":"Conserve Battery","floor":3},{"not_picked":["Coolheaded","Redo"],"picked":"Rebound","floor":5},{"not_picked":["Go for the Eyes","BootSequence"],"picked":"Reprogram","floor":7},{"not_picked":["Beam Cell","Coolheaded"],"picked":"Reprogram","floor":8},{"not_picked":["Core Surge","Sunder"],"picked":"Rebound","floor":10},{"not_picked":["Defragment","Heatsinks"],"picked":"Chill","floor":14},{"not_picked":["Redo","Storm"],"picked":"Cold Snap","floor":15},{"not_picked":["Electrodynamics","Machine Learning"],"picked":"Seek","floor":16},{"not_picked":["Gash","Sweeping Beam"],"picked":"Coolheaded","floor":18},{"not_picked":["Gash","Steam"],"picked":"Redo+1","floor":19}],"player_experience":592664,"relics_obtained":[{"floor":7,"key":"Dream Catcher"},{"floor":9,"key":"Torii"},{"floor":14,"key":"Matryoshka"}],"event_choices":[{"damage_healed":0,"gold_gain":0,"player_choice":"Donut","damage_taken":0,"max_hp_gain":5,"max_hp_loss":0,"event_name":"Big Fish","floor":11,"gold_loss":0},{"damage_healed":0,"gold_gain":73,"player_choice":"Gained Gold","damage_taken":0,"max_hp_gain":0,"max_hp_loss":0,"event_name":"Golden Wing","floor":12,"gold_loss":0},{"damage_healed":0,"gold_gain":0,"player_choice":"Shed Blood","damage_taken":20,"max_hp_gain":5,"max_hp_loss":0,"event_name":"Forgotten Altar","floor":21,"gold_loss":0},{"damage_healed":0,"gold_gain":0,"player_choice":"Traded Relic","damage_taken":0,"relics_obtained":["Nloth\u0027s Gift"],"max_hp_gain":0,"max_hp_loss":0,"event_name":"N\u0027loth","floor":22,"relics_lost":["Torii"],"gold_loss":0}],"is_beta":false,"boss_relics":[{"not_picked":["Cursed Key","Coffee Dripper"],"picked":"Pandora\u0027s Box"}],"items_purged_floors":[],"is_endless":false,"potions_floor_spawned":[7,14],"killed_by":"Slavers","ascension_level":5}