{"gold_per_floor":[118,68,243,17,29,29,88,88,112,125,144,170,170,189,189,285,285,304,315,315,332,350,350,364,5,5,32,32,57,57,69,69,171,171,185,285,285,295,295,295,329,341,341,341,369,382,401,412,412,412],"floor_reached":51,"playtime":4077,"items_purged":[],"score":994,"play_id":"cfb9003f-cee4-4c21-b4f4-6e3462cf59d7","local_time":"20181228044225","is_ascension_mode":true,"campfire_choices":[{"data":"Crippling Poison","floor":6,"key":"SMITH"},{"floor":8,"key":"REST"},{"floor":15,"key":"REST"},{"floor":23,"key":"REST"},{"floor":28,"key":"REST"},{"data":"Malaise","floor":32,"key":"SMITH"},{"floor":40,"key":"REST"},{"floor":44,"key":"REST"},{"floor":49,"key":"REST"}],"neow_cost":"NONE","seed_source_timestamp":524906893528000,"circlet_count":0,"master_deck":["Defend_G","Defend_G+1","Defend_G","Defend_G","Defend_G","Strike_G","Strike_G","Strike_G","Strike_G","Survivor","Neutralize","Bouncing Flask+1","Crippling Poison+1","PiercingWail","Die Die Die","Malaise+1","PiercingWail","Malaise","Apotheosis","Burst","Madness","Madness","Parasite","Adrenaline"],"relics":["Runic Pyramid","Strange Spoon","Potion Belt","War Paint","Omamori","Cursed Key","TwistedFunnel","Singing Bowl","Paper Crane","Bag of Marbles","Fusion Hammer","Ice Cream","Bag of Preparation","Mummified Hand","Lantern"],"potions_floor_usage":[7,11,12,16,18,18,18,24,27,33,41,47,50,50],"damage_taken":[{"damage":1,"enemies":"Small Slimes","floor":1,"turns":4},{"damage":1,"enemies":"2 Louse","floor":5,"turns":3},{"damage":8,"enemies":"3 Sentries","floor":7,"turns":9},{"damage":0,"enemies":"Jaw Worm","floor":10,"turns":4},{"damage":7,"enemies":"2 Fungi Beasts","floor":11,"turns":4},{"damage":5,"enemies":"Lagavulin","floor":12,"turns":5},{"damage":13,"enemies":"Exordium Wildlife","floor":14,"turns":4},{"damage":20,"enemies":"Hexaghost","floor":16,"turns":10},{"damage":14,"enemies":"2 Thieves","floor":18,"turns":4},{"damage":6,"enemies":"Spheric Guardian","floor":19,"turns":4},{"damage":11,"enemies":"Snake Plant","floor":21,"turns":4},{"damage":5,"enemies":"Chosen and Byrds","floor":22,"turns":9},{"damage":5,"enemies":"3 Cultists","floor":24,"turns":5},{"damage":3,"enemies":"Gremlin Leader","floor":27,"turns":8},{"damage":9,"enemies":"Book of Stabbing","floor":29,"turns":7},{"damage":0,"enemies":"Snake Plant","floor":31,"turns":6},{"damage":22,"enemies":"Automaton","floor":33,"turns":16},{"damage":0,"enemies":"Orb Walker","floor":35,"turns":4},{"damage":10,"enemies":"Mind Bloom Boss Battle","floor":36,"turns":16},{"damage":9,"enemies":"3 Darklings","floor":38,"turns":4},{"damage":1,"enemies":"Reptomancer","floor":41,"turns":10},{"damage":0,"enemies":"Maw","floor":42,"turns":8},{"damage":11,"enemies":"Giant Head","floor":45,"turns":10},{"damage":0,"enemies":"Writhing Mass","floor":46,"turns":6},{"damage":16,"enemies":"Transient","floor":47,"turns":5},{"damage":1,"enemies":"Maw","floor":48,"turns":9},{"damage":23,"enemies":"Awakened One","floor":50,"turns":18}],"seed_played":"-2184201018468139179","potions_obtained":[{"floor":1,"key":"Dexterity Potion"},{"floor":5,"key":"Explosive Potion"},{"floor":10,"key":"PowerPotion"},{"floor":13,"key":"SteroidPotion"},{"floor":13,"key":"Explosive Potion"},{"floor":13,"key":"Energy Potion"},{"floor":14,"key":"Dexterity Potion"},{"floor":19,"key":"SteroidPotion"},{"floor":24,"key":"Fire Potion"},{"floor":29,"key":"Block Potion"},{"floor":36,"key":"Regen Potion"},{"floor":38,"key":"AttackPotion"},{"floor":45,"key":"GamblersBrew"},{"floor":47,"key":"LiquidBronze"}],"is_trial":false,"path_per_floor":["M","?","?","$","M","R","?","R","T","M","M","E","?","M","R","B",null,"M","M","?","M","M","R","M","$","T","E","R","E","$","M","R","B",null,"M","?","?","M","?","R","E","M","T","R","E","M","M","M","R","B",null],"character_chosen":"THE_SILENT","items_purchased":["Strange Spoon","Crippling Poison","Apotheosis","TwistedFunnel"],"campfire_rested":7,"item_purchase_floors":[4,4,25,25],"current_hp_per_floor":[62,62,62,62,61,61,53,70,70,70,63,58,58,45,66,46,64,50,44,37,26,21,42,37,37,37,36,57,50,50,52,52,30,65,67,59,49,42,42,66,67,69,69,86,77,77,63,64,91,83],"gold":412,"neow_bonus":"BOSS_RELIC","is_prod":false,"is_daily":false,"chose_seed":false,"campfire_upgraded":2,"win_rate":0,"timestamp":1545968545,"path_taken":["M","?","?","?","M","R","?","R","T","M","?","E","?","M","R","BOSS","M","?","?","M","M","R","M","$","T","E","R","E","?","M","R","BOSS","M","?","?","M","?","R","E","?","T","R","E","M","M","M","R","BOSS"],"build_version":"2018-12-20","purchased_purges":0,"victory":true,"max_hp_per_floor":[70,70,70,70,70,70,70,70,70,70,70,70,70,70,70,70,70,70,70,70,70,70,70,70,70,70,72,72,74,74,76,76,76,76,78,80,80,82,82,82,84,86,86,86,88,88,90,92,92,92],"card_choices":[{"not_picked":["Bane","Acrobatics"],"picked":"Bouncing Flask","floor":1},{"not_picked":["Flying Knee","Bane","Slice"],"picked":"SKIP","floor":5},{"not_picked":["Calculated Gamble","Caltrops"],"picked":"PiercingWail","floor":10},{"not_picked":["Dagger Throw","Deflect"],"picked":"Die Die Die","floor":11},{"not_picked":["Sucker Punch","Backflip","Flying Knee"],"picked":"SKIP","floor":12},{"not_picked":["Backflip","Dodge and Roll","Deflect"],"picked":"SKIP","floor":14},{"not_picked":["Unload","Storm of Steel"],"picked":"Malaise","floor":16},{"not_picked":["Caltrops","Dagger Spray+1"],"picked":"PiercingWail","floor":18},{"not_picked":["Flying Knee","Cloak And Dagger","Distraction"],"picked":"SKIP","floor":19},{"not_picked":["Well Laid Plans","Backflip","Cloak And Dagger"],"picked":"SKIP","floor":21},{"not_picked":["Crippling Poison","Footwork"],"picked":"Malaise","floor":22},{"not_picked":["Sucker Punch+1","Outmaneuver","Prepared+1"],"picked":"SKIP","floor":24},{"not_picked":["Slice","Dodge and Roll","Crippling Poison"],"picked":"Singing Bowl","floor":27},{"not_picked":["Endless Agony+1","Outmaneuver","Bane"],"picked":"Singing Bowl","floor":29},{"not_picked":["Footwork","Dagger Throw","Slice"],"picked":"Singing Bowl","floor":31},{"not_picked":["Die Die Die","Grand Finale"],"picked":"Burst","floor":33},{"not_picked":["Reflex+1","Flying Knee","Backstab"],"picked":"Singing Bowl","floor":35},{"not_picked":["Prepared+1","Deflect","Tools of the Trade"],"picked":"Singing Bowl","floor":36},{"not_picked":["Crippling Poison","Flechettes","Riddle With Holes"],"picked":"Singing Bowl","floor":38},{"not_picked":["Slice+1","Poisoned Stab+1","Dodge and Roll"],"picked":"Singing Bowl","floor":41},{"not_picked":["Caltrops+1","Flying Knee+1","Sucker Punch+1"],"picked":"Singing Bowl","floor":42},{"not_picked":["Masterful Stab+1","Concentrate","Poisoned Stab"],"picked":"Singing Bowl","floor":45},{"not_picked":["Outmaneuver","Blade Dance+1"],"picked":"Adrenaline","floor":46},{"not_picked":["Escape Plan+1","Deflect+1","Eviscerate+1"],"picked":"Singing Bowl","floor":47},{"not_picked":["Setup+1","Riddle With Holes","Backflip+1"],"picked":"Singing Bowl","floor":48}],"player_experience":1066321,"relics_obtained":[{"floor":9,"key":"War Paint"},{"floor":12,"key":"Omamori"},{"floor":26,"key":"Singing Bowl"},{"floor":27,"key":"Paper Crane"},{"floor":29,"key":"Bag of Marbles"},{"floor":36,"key":"Ice Cream"},{"floor":41,"key":"Bag of Preparation"},{"floor":43,"key":"Mummified Hand"},{"floor":45,"key":"Lantern"}],"event_choices":[{"cards_removed":["Strike_G"],"damage_healed":0,"gold_gain":0,"player_choice":"Card Removal","damage_taken":0,"max_hp_gain":0,"max_hp_loss":0,"event_name":"The Cleric","floor":2,"gold_loss":50},{"damage_healed":0,"gold_gain":175,"player_choice":"AGREE","damage_taken":0,"max_hp_gain":0,"max_hp_loss":0,"event_name":"Liars Game","floor":3,"gold_loss":0,"cards_obtained":["Doubt"]},{"damage_healed":0,"gold_gain":30,"player_choice":"Searched \u00273\u0027 times","damage_taken":0,"relics_obtained":["Potion Belt"],"max_hp_gain":0,"max_hp_loss":0,"event_name":"Dead Adventurer","floor":7,"gold_loss":0},{"damage_healed":0,"gold_gain":0,"player_choice":"Got Potions","damage_taken":0,"max_hp_gain":0,"max_hp_loss":0,"event_name":"Lab","floor":13,"gold_loss":0},{"damage_healed":0,"gold_gain":0,"player_choice":"","damage_taken":7,"max_hp_gain":0,"max_hp_loss":0,"event_name":"Knowing Skull","floor":20,"potions_obtained":[],"gold_loss":0,"cards_obtained":[]},{"damage_healed":0,"gold_gain":0,"player_choice":"Fight","damage_taken":0,"max_hp_gain":0,"max_hp_loss":0,"event_name":"MindBloom","floor":36,"gold_loss":0},{"damage_healed":0,"gold_gain":0,"player_choice":"Embrace Madness","damage_taken":10,"max_hp_gain":0,"max_hp_loss":0,"event_name":"Winding Halls","floor":37,"gold_loss":0,"cards_obtained":["Madness","Madness"]},{"cards_removed":["Doubt"],"damage_healed":0,"gold_gain":0,"player_choice":"Removed Curses","damage_taken":0,"max_hp_gain":0,"max_hp_loss":0,"event_name":"Fountain of Cleansing","floor":39,"gold_loss":0}],"is_beta":false,"boss_relics":[{"not_picked":["Ectoplasm","WristBlade"],"picked":"Cursed Key"},{"not_picked":["Philosopher\u0027s Stone","Velvet Choker"],"picked":"Fusion Hammer"}],"items_purged_floors":[],"is_endless":false,"potions_floor_spawned":[1,5,10,14,19,24,29,36,38,45,47],"ascension_level":7}