{"gold_per_floor":[110,29,29,46,57,57,92,92,92,110,110,60,95,52,52,153,153,165,177,177,177,69,69,100,100,178,196,222,3,28,38,38,141,141,157,157,157],"floor_reached":37,"playtime":2034,"items_purged":[],"score":696,"play_id":"4e804561-a8e8-438d-be36-a92e517078bd","local_time":"20190414125347","is_ascension_mode":true,"campfire_choices":[{"floor":6,"key":"REST"},{"floor":8,"key":"REST"},{"floor":15,"key":"REST"},{"data":"A Thousand Cuts","floor":23,"key":"SMITH"},{"floor":25,"key":"REST"},{"floor":32,"key":"REST"}],"neow_cost":"CURSE","seed_source_timestamp":302034071939600,"circlet_count":0,"master_deck":["AscendersBane","Survivor","Neutralize","Bandage Up","Dark Shackles","Infinite Blades","Leg Sweep","Accuracy","Blade Dance","A Thousand Cuts+1","Terror+1","Bite","Bite","Bite","Bite","Bite","Accuracy","Endless Agony","Adrenaline","Endless Agony+1","Master of Strategy","A Thousand Cuts","Terror","Adrenaline","Masterful Stab","Deadly Poison","Skewer","The Bomb"],"relics":["Ring of the Serpent","WarpedTongs","Dodecahedron","Singing Bowl","Matryoshka","Happy Flower","Lantern","Tiny Chest","Nunchaku","Blood Vial","Pandora\u0027s Box"],"potions_floor_usage":[7,18,24,24,30,31,33],"damage_taken":[{"damage":3,"enemies":"2 Louse","floor":1,"turns":3},{"damage":7,"enemies":"Cultist","floor":4,"turns":6},{"damage":12,"enemies":"Jaw Worm","floor":5,"turns":7},{"damage":26,"enemies":"Lagavulin","floor":7,"turns":9},{"damage":1,"enemies":"Looter","floor":10,"turns":4},{"damage":31,"enemies":"Gremlin Nob","floor":13,"turns":6},{"damage":16,"enemies":"Hexaghost","floor":16,"turns":12},{"damage":0,"enemies":"Chosen","floor":18,"turns":6},{"damage":46,"enemies":"Spheric Guardian","floor":19,"turns":7},{"damage":41,"enemies":"Book of Stabbing","floor":24,"turns":5},{"damage":10,"enemies":"Centurion and Healer","floor":27,"turns":8},{"damage":9,"enemies":"Gremlin Leader","floor":28,"turns":5},{"damage":26,"enemies":"Slavers","floor":30,"turns":4},{"damage":23,"enemies":"Shelled Parasite and Fungi","floor":31,"turns":4},{"damage":65,"enemies":"Collector","floor":33,"turns":8},{"damage":44,"enemies":"3 Shapes","floor":35,"turns":5},{"damage":30,"enemies":"3 Darklings","floor":37,"turns":3}],"seed_played":"2673191413245686058","potions_obtained":[{"floor":1,"key":"FearPotion"},{"floor":7,"key":"Ancient Potion"},{"floor":13,"key":"EssenceOfSteel"},{"floor":16,"key":"SteroidPotion"},{"floor":18,"key":"Ancient Potion"},{"floor":19,"key":"Energy Potion"},{"floor":30,"key":"GhostInAJar"},{"floor":31,"key":"Ancient Potion"},{"floor":33,"key":"FearPotion"}],"is_trial":false,"path_per_floor":["M","$","?","M","M","R","E","R","T","M","?","?","E","?","R","B",null,"M","M","?","?","$","R","E","R","T","M","E","$","E","M","R","B",null,"M","?","M"],"character_chosen":"THE_SILENT","items_purchased":["Infinite Blades","Accuracy","Endless Agony","Master of Strategy","SteroidPotion"],"campfire_rested":5,"item_purchase_floors":[2,22,22,29,29],"current_hp_per_floor":[64,64,64,61,55,70,50,70,70,69,62,62,33,33,53,41,62,66,26,26,42,42,42,15,29,29,48,51,51,37,28,44,13,45,19,19,0],"gold":157,"neow_bonus":"RANDOM_COLORLESS_2","is_prod":false,"is_daily":false,"chose_seed":false,"campfire_upgraded":1,"win_rate":0,"timestamp":1555239227,"path_taken":["M","$","?","M","M","R","E","R","T","?","?","?","E","?","R","BOSS","M","M","?","?","?","R","E","R","T","?","E","$","E","M","R","BOSS","M","?","M"],"build_version":"2019-01-23","purchased_purges":0,"victory":false,"max_hp_per_floor":[70,70,70,70,70,70,70,70,70,70,70,67,69,69,69,69,69,69,71,49,49,49,49,49,49,49,51,51,51,53,55,55,55,55,57,57,57],"card_choices":[{"not_picked":["Sucker Punch","Slice","Dodge and Roll"],"picked":"SKIP","floor":1},{"not_picked":["Outmaneuver","Deadly Poison"],"picked":"Leg Sweep","floor":4},{"not_picked":["Underhanded Strike","Quick Slash"],"picked":"Accuracy","floor":5},{"not_picked":["PiercingWail","Quick Slash","Masterful Stab"],"picked":"SKIP","floor":7},{"not_picked":["Backflip","Flying Knee"],"picked":"Blade Dance","floor":10},{"not_picked":["Well Laid Plans","Deflect","Quick Slash"],"picked":"Singing Bowl","floor":13},{"not_picked":["Envenom","Burst"],"picked":"A Thousand Cuts","floor":16},{"not_picked":["Flying Knee","Catalyst"],"picked":"Terror+1","floor":18},{"not_picked":["Dagger Spray+1","Outmaneuver+1","Prepared"],"picked":"Singing Bowl","floor":19},{"not_picked":["Choke+1","Distraction+1"],"picked":"Adrenaline","floor":24},{"not_picked":["Dodge and Roll","Underhanded Strike","Quick Slash+1"],"picked":"Singing Bowl","floor":27},{"not_picked":["Underhanded Strike+1","Dagger Spray"],"picked":"Endless Agony+1","floor":28},{"not_picked":["Outmaneuver","Bouncing Flask+1","Backstab"],"picked":"Singing Bowl","floor":30},{"not_picked":["Acrobatics","Sucker Punch","Flechettes"],"picked":"Singing Bowl","floor":31},{"not_picked":["Doppelganger","After Image"],"picked":"A Thousand Cuts","floor":33},{"not_picked":["Bane+1","Dodge and Roll","Backstab+1"],"picked":"Singing Bowl","floor":35},{"not_picked":["Chrysalis","Deep Breath"],"picked":"The Bomb","floor":36}],"player_experience":1698515,"relics_obtained":[{"floor":7,"key":"Dodecahedron"},{"floor":9,"key":"Singing Bowl"},{"floor":13,"key":"Matryoshka"},{"floor":24,"key":"Happy Flower"},{"floor":26,"key":"Lantern"},{"floor":26,"key":"Tiny Chest"},{"floor":28,"key":"Nunchaku"},{"floor":30,"key":"Blood Vial"}],"event_choices":[{"damage_healed":0,"gold_gain":0,"player_choice":"Rummage","damage_taken":0,"relics_obtained":["WarpedTongs"],"max_hp_gain":0,"max_hp_loss":0,"event_name":"Accursed Blacksmith","floor":3,"gold_loss":0,"cards_obtained":["Pain"]},{"cards_removed":["Pain"],"damage_healed":0,"gold_gain":0,"player_choice":"Card Removal","damage_taken":7,"max_hp_gain":0,"max_hp_loss":0,"event_name":"Golden Wing","floor":11,"gold_loss":0},{"cards_removed":["Parasite"],"damage_healed":0,"gold_gain":0,"player_choice":"Card Removal","damage_taken":0,"max_hp_gain":0,"max_hp_loss":0,"event_name":"The Cleric","floor":12,"gold_loss":50},{"damage_healed":0,"gold_gain":0,"player_choice":"Left Gold","damage_taken":0,"max_hp_gain":0,"max_hp_loss":0,"event_name":"World of Goop","floor":14,"gold_loss":43},{"damage_healed":0,"gold_gain":0,"player_choice":"Became a vampire","damage_taken":0,"max_hp_gain":0,"max_hp_loss":22,"event_name":"Vampires","floor":20,"gold_loss":0,"cards_obtained":["Bite","Bite","Bite","Bite","Bite"]},{"damage_healed":16,"gold_gain":0,"player_choice":"Heal","damage_taken":0,"max_hp_gain":0,"max_hp_loss":0,"event_name":"The Library","floor":21,"gold_loss":0},{"damage_healed":0,"gold_gain":0,"player_choice":"Memory 1","damage_taken":0,"max_hp_gain":0,"max_hp_loss":0,"event_name":"SensoryStone","floor":36,"gold_loss":0}],"is_beta":false,"boss_relics":[{"not_picked":["Busted Crown","Runic Dome"],"picked":"Ring of the Serpent"},{"not_picked":["Sozu","HoveringKite"],"picked":"Pandora\u0027s Box"}],"items_purged_floors":[],"is_endless":false,"potions_floor_spawned":[1,7,13,16,18,19,30,31,33],"killed_by":"3 Darklings","ascension_level":11}