{"gold_per_floor":[16,16,16,16,16,47,47,47,47,61,79,79,93,111,111,216,216,184,184,11,30,40,40,59,59,59,93,93,33,49,49,49,49],"floor_reached":33,"playtime":1525,"items_purged":[],"score":330,"play_id":"7995a6bf-badb-4ac4-b9d5-3524861039bf","local_time":"20181014012541","is_ascension_mode":true,"campfire_choices":[{"floor":12,"key":"REST"},{"floor":15,"key":"REST"},{"floor":23,"key":"REST"},{"floor":25,"key":"REST"},{"floor":28,"key":"REST"},{"floor":32,"key":"REST"}],"neow_cost":"NO_GOLD","seed_source_timestamp":166878000629600,"circlet_count":0,"master_deck":["Defend_B","Defend_B","Defend_B","Zap","Dualcast","Double Energy","Darkness","Loop","Glacier","Turbo","Lockon","Creative AI","Darkness+1","Storm","HandOfGreed","BootSequence+1","Steam","Leap+1","Compile Driver+1","Consume","Reboot","Static Discharge","Turbo"],"relics":["Cracked Core","Mango","Turnip","The Courier","Lizard Tail","Omamori","Cables","Question Card"],"potions_floor_usage":[8,18,21,22,27,27,33],"damage_taken":[{"damage":1,"enemies":"2 Louse","floor":1,"turns":3},{"damage":65,"enemies":"3 Sentries","floor":6,"turns":12},{"damage":0,"enemies":"Gremlin Nob","floor":8,"turns":2},{"damage":0,"enemies":"Cultist","floor":10,"turns":3},{"damage":0,"enemies":"Small Slimes","floor":11,"turns":3},{"damage":9,"enemies":"2 Fungi Beasts","floor":13,"turns":5},{"damage":3,"enemies":"Blue Slaver","floor":14,"turns":3},{"damage":79,"enemies":"Slime Boss","floor":16,"turns":14},{"damage":36,"enemies":"2 Thieves","floor":18,"turns":5},{"damage":0,"enemies":"3 Byrds","floor":21,"turns":5},{"damage":25,"enemies":"Snake Plant","floor":22,"turns":4},{"damage":29,"enemies":"Cultist and Chosen","floor":24,"turns":6},{"damage":78,"enemies":"Gremlin Leader","floor":27,"turns":11},{"damage":51,"enemies":"Shelled Parasite and Fungi","floor":30,"turns":5},{"damage":52,"enemies":"Automaton","floor":33,"turns":6}],"seed_played":"-5722164437601473005","potions_obtained":[{"floor":1,"key":"SmokeBomb"},{"floor":10,"key":"FearPotion"},{"floor":14,"key":"Regen Potion"},{"floor":18,"key":"Block Potion"},{"floor":21,"key":"EssenceOfSteel"},{"floor":24,"key":"AttackPotion"},{"floor":30,"key":"Weak Potion"}],"is_trial":false,"path_per_floor":["M","$","?","$","?","E","?","E","T","M","M","R","M","M","R","B",null,"M","?","$","M","M","R","M","R","T","E","R","?","M","?","R"],"character_chosen":"DEFECT","items_purchased":["Storm","HandOfGreed"],"campfire_rested":6,"item_purchase_floors":[20,20],"current_hp_per_floor":[88,88,88,88,81,16,45,45,45,45,45,71,62,59,85,6,89,53,53,53,53,37,63,34,60,60,44,70,70,19,19,45,0],"gold":49,"neow_bonus":"ONE_RARE_RELIC","is_prod":false,"is_daily":false,"chose_seed":false,"campfire_upgraded":0,"win_rate":0,"timestamp":1539473141,"path_taken":["M","$","?","$","?","E","?","E","T","M","M","R","?","M","R","BOSS","M","?","$","M","M","R","M","R","T","E","R","?","M","?","R","BOSS"],"build_version":"2018-10-11","purchased_purges":0,"victory":false,"max_hp_per_floor":[89,89,89,89,89,89,89,89,89,89,89,89,89,89,89,89,89,89,89,89,89,89,89,89,89,89,89,89,89,89,89,89,89],"card_choices":[{"not_picked":["Go for the Eyes","Conserve Battery"],"picked":"Double Energy","floor":1},{"not_picked":["Consume","Gash"],"picked":"Darkness","floor":6},{"not_picked":["Fusion","Ball Lightning"],"picked":"Loop","floor":10},{"not_picked":["Cold Snap","Ball Lightning"],"picked":"Glacier","floor":11},{"not_picked":["Barrage","Beam Cell"],"picked":"Turbo","floor":13},{"not_picked":["Steam Power","Undo"],"picked":"Lockon","floor":14},{"not_picked":["Machine Learning","Amplify"],"picked":"Creative AI","floor":16},{"not_picked":["Steam","Turbo"],"picked":"Darkness+1","floor":18},{"not_picked":["Blizzard","Compile Driver"],"picked":"BootSequence+1","floor":21},{"not_picked":["Ball Lightning","Streamline"],"picked":"Steam","floor":22},{"not_picked":["Gash","Compile Driver"],"picked":"Leap+1","floor":24},{"not_picked":["Recycle","Hologram"],"picked":"Compile Driver+1","floor":27},{"not_picked":["Compile Driver","Barrage+1","Scrape"],"picked":"Static Discharge","floor":30}],"player_experience":710507,"relics_obtained":[{"floor":6,"key":"Turnip"},{"floor":9,"key":"The Courier"},{"floor":26,"key":"Cables"},{"floor":27,"key":"Question Card"}],"event_choices":[{"event_name":"Bonfire Elementals","player_choice":"BASIC","floor":3,"damage_taken":0},{"event_name":"Golden Wing","player_choice":"Card Removal","floor":5,"damage_taken":0},{"event_name":"Big Fish","player_choice":"Banana","floor":7,"damage_taken":0},{"event_name":"The Mausoleum","player_choice":"Yes","floor":19,"damage_taken":0},{"event_name":"Designer","player_choice":"Transform 2 Cards","floor":29,"damage_taken":0},{"event_name":"Transmorgrifier","player_choice":"Transform","floor":31,"damage_taken":0}],"is_beta":false,"boss_relics":[{"not_picked":["Pandora\u0027s Box","Inserter"],"picked":"Lizard Tail"}],"items_purged_floors":[],"is_endless":false,"potions_floor_spawned":[1,8,10,14,18,21,24,30],"killed_by":"Automaton","ascension_level":4}