{"gold_per_floor":[109,122,122,47,63,91,104,121,147,159,171,193,205,250,262,377,389,329,329,329,329,329,329,329,329,329,329,239,239,239,239,239,239,239,239,199,2,2,2],"floor_reached":39,"playtime":2490,"items_purged":["Strike_G"],"score":545,"play_id":"1ff30e96-d386-4cf2-b618-51ffb482a344","local_time":"20190208234336","is_ascension_mode":true,"campfire_choices":[{"floor":10,"key":"REST"},{"floor":13,"key":"REST"},{"floor":15,"key":"REST"},{"data":"Glass Knife","floor":23,"key":"SMITH"},{"floor":25,"key":"REST"},{"floor":30,"key":"REST"},{"floor":32,"key":"REST"}],"neow_cost":"NONE","seed_source_timestamp":265846623894148,"circlet_count":0,"master_deck":["Defend_G","Defend_G","Defend_G","Defend_G","Defend_G","Survivor","Neutralize","Dagger Spray","Deflect","Infinite Blades","Predator+1","Infinite Blades","Burst","Dash","Bane","Concentrate","PiercingWail","Glass Knife+1","Slice+1","Tactician+1","Deflect","After Image","Acrobatics+1","Deflect","Riddle With Holes+1","Deflect+1","Tools of the Trade","All Out Attack+1","Wraith Form v2+1","Injury","Poisoned Stab+1"],"relics":["Ring of the Snake","Letter Opener","Lantern","MawBank","Kunai","Ectoplasm","Regal Pillow","Snake Skull","Potion Belt","Astrolabe","OrangePellets"],"potions_floor_usage":[14,16,16,22,24,24,33],"damage_taken":[{"damage":0,"enemies":"Cultist","floor":1,"turns":5},{"damage":0,"enemies":"2 Louse","floor":2,"turns":2},{"damage":0,"enemies":"Jaw Worm","floor":5,"turns":5},{"damage":40,"enemies":"3 Sentries","floor":6,"turns":8},{"damage":10,"enemies":"Exordium Wildlife","floor":7,"turns":4},{"damage":0,"enemies":"2 Fungi Beasts","floor":8,"turns":2},{"damage":7,"enemies":"Gremlin Gang","floor":12,"turns":3},{"damage":6,"enemies":"Gremlin Nob","floor":14,"turns":3},{"damage":49,"enemies":"Hexaghost","floor":16,"turns":17},{"damage":13,"enemies":"2 Thieves","floor":18,"turns":4},{"damage":0,"enemies":"Chosen","floor":19,"turns":4},{"damage":0,"enemies":"3 Cultists","floor":21,"turns":5},{"damage":1,"enemies":"Cultist and Chosen","floor":22,"turns":6},{"damage":32,"enemies":"Gremlin Leader","floor":24,"turns":6},{"damage":18,"enemies":"Chosen and Byrds","floor":27,"turns":7},{"damage":23,"enemies":"Book of Stabbing","floor":29,"turns":6},{"damage":8,"enemies":"Snake Plant","floor":31,"turns":5},{"damage":63,"enemies":"Automaton","floor":33,"turns":14},{"damage":54,"enemies":"3 Shapes","floor":35,"turns":5},{"damage":0,"enemies":"Orb Walker","floor":38,"turns":3}],"seed_played":"1652039354445903611","potions_obtained":[{"floor":2,"key":"FearPotion"},{"floor":5,"key":"Fire Potion"},{"floor":6,"key":"PowerPotion"},{"floor":8,"key":"EssenceOfSteel"},{"floor":14,"key":"GamblersBrew"},{"floor":18,"key":"Strength Potion"},{"floor":19,"key":"GamblersBrew"},{"floor":21,"key":"SkillPotion"},{"floor":31,"key":"Dexterity Potion"},{"floor":36,"key":"PowerPotion"},{"floor":36,"key":"Fire Potion"},{"floor":36,"key":"SpeedPotion"},{"floor":38,"key":"AttackPotion"}],"is_trial":false,"path_per_floor":["M","M","T","$","M","E","M","M","T","R","?","M","R","E","R","B",null,"M","M","?","M","M","R","E","R","T","M","?","E","R","M","R","B",null,"M","?","$","M","M"],"character_chosen":"THE_SILENT","items_purchased":["OrangePellets"],"campfire_rested":6,"item_purchase_floors":[37],"current_hp_per_floor":[70,70,70,70,70,30,20,20,20,41,41,34,55,49,70,21,70,57,57,57,57,56,56,24,60,60,42,42,19,55,47,70,7,70,16,16,16,16,0],"gold":2,"neow_bonus":"THREE_CARDS","is_prod":false,"is_daily":false,"chose_seed":false,"campfire_upgraded":1,"win_rate":0,"timestamp":1549698216,"path_taken":["M","?","?","$","M","E","M","?","T","R","?","M","R","E","R","BOSS","M","?","?","M","M","R","E","R","T","?","?","E","R","M","R","BOSS","M","?","$","?","M"],"build_version":"2019-01-23","purchased_purges":1,"victory":false,"max_hp_per_floor":[70,70,70,70,70,70,70,70,70,70,70,70,70,70,70,70,70,70,70,70,70,70,70,70,70,70,70,70,70,70,70,70,70,70,70,70,70,70,70],"card_choices":[{"not_picked":["Slice","Flechettes"],"picked":"Dagger Spray","floor":0},{"not_picked":["Caltrops","Underhanded Strike"],"picked":"Deflect","floor":1},{"not_picked":["Flechettes","Concentrate"],"picked":"Infinite Blades","floor":2},{"not_picked":["Reflex","Sucker Punch"],"picked":"Predator","floor":5},{"not_picked":["Flying Knee","Slice"],"picked":"Infinite Blades","floor":6},{"not_picked":["Flying Knee","Quick Slash"],"picked":"Burst","floor":7},{"not_picked":["Outmaneuver","Dodge and Roll"],"picked":"Dash","floor":8},{"not_picked":["Leg Sweep","Endless Agony"],"picked":"Concentrate","floor":12},{"not_picked":["Flying Knee","Endless Agony"],"picked":"PiercingWail","floor":14},{"not_picked":["Grand Finale","Adrenaline"],"picked":"Glass Knife","floor":16},{"not_picked":["Blade Dance","Dagger Spray"],"picked":"Slice+1","floor":18},{"not_picked":["Infinite Blades","Flying Knee"],"picked":"Tactician+1","floor":19},{"not_picked":["Predator","Flying Knee"],"picked":"Deflect","floor":21},{"not_picked":["Expertise","PiercingWail+1"],"picked":"After Image","floor":22},{"not_picked":["Bane","PiercingWail"],"picked":"Acrobatics+1","floor":24},{"not_picked":["Tactician","Dagger Spray"],"picked":"Deflect","floor":27},{"not_picked":["Heel Hook+1","Bane"],"picked":"Riddle With Holes+1","floor":29},{"not_picked":["Predator","Quick Slash"],"picked":"Deflect+1","floor":31},{"not_picked":["Unload","Die Die Die"],"picked":"Tools of the Trade","floor":33},{"not_picked":["Acrobatics+1","Deflect"],"picked":"Poisoned Stab+1","floor":35},{"not_picked":["Underhanded Strike+1","Leg Sweep","Catalyst+1"],"picked":"SKIP","floor":38}],"player_experience":247044,"relics_obtained":[{"floor":3,"key":"Letter Opener"},{"floor":6,"key":"Lantern"},{"floor":9,"key":"MawBank"},{"floor":14,"key":"Kunai"},{"floor":24,"key":"Regal Pillow"},{"floor":26,"key":"Snake Skull"},{"floor":29,"key":"Potion Belt"}],"event_choices":[{"damage_healed":0,"gold_gain":0,"cards_transformed":["Strike_G"],"player_choice":"Transformed","damage_taken":0,"max_hp_gain":0,"max_hp_loss":0,"event_name":"Transmorgrifier","floor":11,"gold_loss":0,"cards_obtained":["Bane"]},{"damage_healed":0,"gold_gain":0,"player_choice":"Cursed","damage_taken":0,"max_hp_gain":0,"max_hp_loss":0,"event_name":"Wheel of Change","floor":20,"gold_loss":0,"cards_obtained":["Decay"]},{"cards_removed":["Strike_G"],"damage_healed":0,"gold_gain":0,"player_choice":"Upgrade and Remove","damage_taken":0,"max_hp_gain":0,"max_hp_loss":0,"event_name":"Designer","floor":28,"gold_loss":90,"cards_upgraded":["Predator"]},{"damage_healed":0,"gold_gain":0,"player_choice":"Bought 3 Potions","damage_taken":0,"max_hp_gain":0,"max_hp_loss":0,"event_name":"The Woman in Blue","floor":36,"gold_loss":0}],"is_beta":false,"boss_relics":[{"not_picked":["Snecko Eye","HoveringKite"],"picked":"Ectoplasm"},{"not_picked":["Orrery","Eternal Feather"],"picked":"Astrolabe"}],"items_purged_floors":[4],"is_endless":false,"potions_floor_spawned":[2,5,6,8,14,18,19,21,31,38],"killed_by":"4 Shapes","ascension_level":4}