{"gold_per_floor":[111,129,31,31,31,31,59,59,59,74,74,87,87,60,60,160,160,176,176,176,176,176],"floor_reached":22,"playtime":1195,"items_purged":["Pain"],"score":198,"play_id":"af251271-9e3e-4669-89ff-df44c59624b2","local_time":"20190512230902","is_ascension_mode":true,"campfire_choices":[{"floor":6,"key":"REST"},{"floor":8,"key":"REST"},{"floor":13,"key":"REST"},{"data":"Deadly Poison","floor":15,"key":"SMITH"}],"neow_cost":"NONE","seed_source_timestamp":382881845493026,"circlet_count":0,"master_deck":["Defend_G","Defend_G","Defend_G+1","Defend_G","Defend_G+1","Strike_G","Strike_G","Strike_G","Strike_G","Strike_G","Survivor","Neutralize","Clumsy","Catalyst","Catalyst","Deadly Poison+1","Footwork","Leg Sweep+1","PiercingWail","Infinite Blades","Envenom","PiercingWail","J.A.X."],"relics":["Calling Bell","War Paint","Blue Candle","Tough Bandages","Pen Nib","The Courier","WristBlade"],"potions_floor_usage":[16],"damage_taken":[{"damage":15,"enemies":"Cultist","floor":1,"turns":6},{"damage":15,"enemies":"Jaw Worm","floor":2,"turns":4},{"damage":33,"enemies":"3 Sentries","floor":7,"turns":16},{"damage":0,"enemies":"2 Louse","floor":10,"turns":2},{"damage":20,"enemies":"Exordium Thugs","floor":12,"turns":7},{"damage":49,"enemies":"Slime Boss","floor":16,"turns":17},{"damage":31,"enemies":"Spheric Guardian","floor":18,"turns":8},{"damage":26,"enemies":"3 Byrds","floor":22,"turns":5}],"seed_played":"2175199110307461440","potions_obtained":[{"floor":2,"key":"Energy Potion"},{"floor":12,"key":"Strength Potion"}],"is_trial":false,"path_per_floor":["M","M","$","$","?","R","E","R","T","M","?","M","R","$","R","B",null,"M","?","?","?","M"],"character_chosen":"THE_SILENT","items_purchased":["Deadly Poison","Infinite Blades"],"campfire_rested":3,"item_purchase_floors":[3,14],"current_hp_per_floor":[55,40,40,40,40,61,28,49,49,49,49,29,50,50,50,1,70,39,39,39,26,0],"gold":176,"neow_bonus":"BOSS_RELIC","is_prod":false,"is_daily":false,"chose_seed":false,"campfire_upgraded":1,"win_rate":0,"timestamp":1557670142,"path_taken":["M","M","?","$","?","R","E","R","T","?","?","M","R","?","R","BOSS","M","?","?","?","?"],"build_version":"2019-01-23","purchased_purges":1,"victory":false,"max_hp_per_floor":[70,70,70,70,70,70,70,70,70,70,70,70,70,70,70,70,70,70,70,70,75,75],"card_choices":[{"not_picked":["Underhanded Strike","Caltrops"],"picked":"Catalyst","floor":1},{"not_picked":["Caltrops","Reflex"],"picked":"Catalyst","floor":2},{"not_picked":["Underhanded Strike","Flechettes"],"picked":"Footwork","floor":7},{"not_picked":["Outmaneuver","Acrobatics"],"picked":"Leg Sweep","floor":10},{"not_picked":["Infinite Blades","Outmaneuver"],"picked":"PiercingWail","floor":12},{"not_picked":["Adrenaline","Venomology"],"picked":"Envenom","floor":16},{"not_picked":["Terror","Caltrops"],"picked":"PiercingWail","floor":18}],"player_experience":179431,"relics_obtained":[{"floor":0,"key":"War Paint"},{"floor":0,"key":"Blue Candle"},{"floor":0,"key":"Tough Bandages"},{"floor":7,"key":"Pen Nib"},{"floor":9,"key":"The Courier"}],"event_choices":[{"cards_removed":["Decay"],"damage_healed":0,"gold_gain":0,"player_choice":"Purged","damage_taken":0,"max_hp_gain":0,"max_hp_loss":0,"event_name":"Purifier","floor":5,"gold_loss":0},{"damage_healed":0,"gold_gain":0,"player_choice":"Forge","damage_taken":0,"max_hp_gain":0,"max_hp_loss":0,"event_name":"Accursed Blacksmith","floor":11,"gold_loss":0,"cards_upgraded":["Leg Sweep"]},{"damage_healed":0,"gold_gain":0,"player_choice":"Ignored","damage_taken":0,"max_hp_gain":0,"max_hp_loss":0,"event_name":"Cursed Tome","floor":19,"gold_loss":0},{"damage_healed":0,"gold_gain":0,"player_choice":"Obtain J.A.X.","damage_taken":0,"max_hp_gain":0,"max_hp_loss":0,"event_name":"Drug Dealer","floor":20,"gold_loss":0,"cards_obtained":["J.A.X."]},{"damage_healed":0,"gold_gain":0,"player_choice":"Shed Blood","damage_taken":18,"max_hp_gain":5,"max_hp_loss":0,"event_name":"Forgotten Altar","floor":21,"gold_loss":0}],"is_beta":false,"boss_relics":[{"not_picked":["Sozu","Ectoplasm"],"picked":"WristBlade"}],"items_purged_floors":[3],"is_endless":false,"potions_floor_spawned":[2,12],"killed_by":"3 Byrds","ascension_level":2}