{"gold_per_floor":[112,112,33,33,10,46,61,61,111,71,102,118,138,163,163,282,282,306,330,245,245,245,245,270,270,294,318,23,23],"floor_reached":29,"playtime":881,"items_purged":[],"score":562,"play_id":"b0f20809-bccc-43c4-a02a-5707803c54e5","local_time":"20190313000447","is_ascension_mode":true,"campfire_choices":[{"floor":15,"key":"REST"},{"floor":23,"key":"REST"}],"neow_cost":"NONE","seed_source_timestamp":276317882294500,"circlet_count":0,"master_deck":["AscendersBane","Strike_B+1","Strike_B+1","Strike_B+1","Strike_B+1","Defend_B","Defend_B","Defend_B","Defend_B","Zap","Dualcast","Defragment","Turbo","Hyperbeam+1","Sweeping Beam+1","Self Repair","Rebound+1","Cold Snap+1","Defragment","Self Repair","Core Surge+1","Decay","Doubt","Pain","Sweeping Beam+1","Redo+1","Necronomicurse","Turbo","Melter+1"],"relics":["Cracked Core","NeowsBlessing","Blue Candle","Golden Idol","Molten Egg 2","Whetstone","Blood Vial","Calling Bell","PreservedInsect","Symbiotic Virus","Turnip","Sundial","Necronomicon","Regal Pillow","DataDisk","WingedGreaves"],"potions_floor_usage":[13,16,18,24,27,29],"damage_taken":[{"damage":0,"enemies":"Cultist","floor":1,"turns":1},{"damage":0,"enemies":"Gremlin Nob","floor":6,"turns":1},{"damage":0,"enemies":"Jaw Worm","floor":7,"turns":1},{"damage":15,"enemies":"3 Sentries","floor":11,"turns":3},{"damage":0,"enemies":"2 Louse","floor":12,"turns":1},{"damage":5,"enemies":"Blue Slaver","floor":13,"turns":3},{"damage":9,"enemies":"3 Louse","floor":14,"turns":2},{"damage":0,"enemies":"Slime Boss","floor":16,"turns":5},{"damage":23,"enemies":"3 Byrds","floor":18,"turns":3},{"damage":49,"enemies":"Shell Parasite","floor":19,"turns":4},{"damage":30,"enemies":"Chosen and Byrds","floor":24,"turns":3},{"damage":0,"enemies":"Centurion and Healer","floor":27,"turns":1},{"damage":18,"enemies":"Snake Plant","floor":29,"turns":2}],"seed_played":"7258513973451996466","potions_obtained":[{"floor":11,"key":"SkillPotion"},{"floor":12,"key":"PowerPotion"},{"floor":13,"key":"GamblersBrew"},{"floor":14,"key":"Poison Potion"},{"floor":16,"key":"FearPotion"},{"floor":24,"key":"FocusPotion"}],"is_trial":false,"path_per_floor":["M","T","$","?","$","E","M","?","T","$","E","M","M","M","R","B",null,"M","M","?","?","?","R","M","?","T","M","$","M"],"character_chosen":"DEFECT","items_purchased":["Defragment","Turbo","Self Repair","WingedGreaves"],"campfire_rested":2,"item_purchase_floors":[3,5,10,28],"current_hp_per_floor":[68,68,68,50,50,50,50,35,35,35,27,29,33,26,48,64,72,65,25,25,25,9,31,10,10,10,12,12,0],"gold":23,"neow_bonus":"THREE_ENEMY_KILL","is_prod":false,"is_daily":false,"chose_seed":false,"campfire_upgraded":0,"win_rate":0,"timestamp":1552431887,"path_taken":["M","?","?","?","?","E","M","?","T","$","E","M","M","M","R","BOSS","M","M","?","?","?","R","M","?","T","M","$","?"],"build_version":"2019-01-23","purchased_purges":0,"victory":false,"max_hp_per_floor":[75,75,75,75,75,75,75,75,75,75,75,75,75,75,75,75,75,75,75,75,75,75,75,75,75,75,75,75,75],"card_choices":[{"not_picked":["Stack","Rebound","Barrage"],"picked":"SKIP","floor":1},{"not_picked":["Hyperbeam","Skim","Melter"],"picked":"SKIP","floor":6},{"not_picked":["Skim","Melter"],"picked":"Hyperbeam","floor":6},{"not_picked":["BootSequence","Stack"],"picked":"Sweeping Beam+1","floor":7},{"not_picked":["Conserve Battery","Reboot"],"picked":"Rebound+1","floor":11},{"not_picked":["Stack","Barrage+1"],"picked":"Cold Snap+1","floor":12},{"not_picked":["Fusion","Redo"],"picked":"Defragment","floor":13},{"not_picked":["Glacier","Hologram"],"picked":"Self Repair","floor":14},{"not_picked":["Machine Learning","Hyperbeam+1"],"picked":"Core Surge+1","floor":16},{"not_picked":["Scrape+1","Go for the Eyes+1"],"picked":"Sweeping Beam+1","floor":18},{"not_picked":["Reprogram","Cold Snap+1"],"picked":"Redo+1","floor":19},{"not_picked":["Glacier","Beam Cell+1"],"picked":"Turbo","floor":24},{"not_picked":["Glacier+1","Static Discharge"],"picked":"Melter+1","floor":27}],"player_experience":1502443,"relics_obtained":[{"floor":2,"key":"Blue Candle"},{"floor":6,"key":"Molten Egg 2"},{"floor":9,"key":"Whetstone"},{"floor":11,"key":"Blood Vial"},{"floor":17,"key":"PreservedInsect"},{"floor":17,"key":"Symbiotic Virus"},{"floor":17,"key":"Turnip"},{"floor":22,"key":"Necronomicon"},{"floor":26,"key":"DataDisk"}],"event_choices":[{"damage_healed":0,"gold_gain":0,"player_choice":"Take Damage","damage_taken":18,"relics_obtained":["Golden Idol"],"max_hp_gain":0,"max_hp_loss":0,"event_name":"Golden Idol","floor":4,"gold_loss":0},{"damage_healed":0,"gold_gain":0,"player_choice":"Entered Light","damage_taken":15,"max_hp_gain":0,"max_hp_loss":0,"event_name":"Shining Light","floor":8,"gold_loss":0,"cards_upgraded":["Strike_B","Strike_B"]},{"damage_healed":0,"gold_gain":0,"player_choice":"Obtained Relic","damage_taken":0,"relics_obtained":["Sundial"],"max_hp_gain":0,"max_hp_loss":0,"event_name":"Addict","floor":20,"gold_loss":85},{"damage_healed":0,"gold_gain":0,"player_choice":"Ignored","damage_taken":0,"max_hp_gain":0,"max_hp_loss":0,"event_name":"Ghosts","floor":21,"gold_loss":0},{"damage_healed":0,"gold_gain":0,"player_choice":"Obtained Book","damage_taken":16,"max_hp_gain":0,"max_hp_loss":0,"event_name":"Cursed Tome","floor":22,"gold_loss":0},{"damage_healed":0,"gold_gain":0,"player_choice":"Opened","damage_taken":0,"relics_obtained":["Regal Pillow"],"max_hp_gain":0,"max_hp_loss":0,"event_name":"The Mausoleum","floor":25,"gold_loss":0}],"is_beta":false,"boss_relics":[{"not_picked":["Ectoplasm","Empty Cage"],"picked":"Calling Bell"}],"items_purged_floors":[],"is_endless":false,"potions_floor_spawned":[11,12,13,14,16,24],"killed_by":"Snake Plant","ascension_level":10}