{"gold_per_floor":[112,124,137,62,62,62,62,72,98,98,112,112],"floor_reached":12,"playtime":474,"items_purged":["Pain"],"score":105,"play_id":"aa8db6a1-8b56-4ae3-a214-cb1cb57c0b98","local_time":"20190317170121","is_ascension_mode":true,"campfire_choices":[{"floor":6,"key":"REST"},{"floor":10,"key":"REST"}],"neow_cost":"CURSE","seed_source_timestamp":254222558013300,"circlet_count":0,"master_deck":["AscendersBane","Defend_G","Defend_G","Defend_G","Defend_G","Defend_G","Strike_G","Strike_G","Strike_G","Strike_G","Strike_G","Survivor","Neutralize","Footwork","Catalyst","Deadly Poison","Regret","Malaise"],"relics":["Ring of the Snake","Ginger","Bag of Marbles","Art of War"],"potions_floor_usage":[8,11],"damage_taken":[{"damage":27,"enemies":"Cultist","floor":1,"turns":7},{"damage":4,"enemies":"Small Slimes","floor":2,"turns":4},{"damage":5,"enemies":"2 Louse","floor":3,"turns":5},{"damage":2,"enemies":"2 Fungi Beasts","floor":8,"turns":4},{"damage":24,"enemies":"Gremlin Gang","floor":11,"turns":6},{"damage":46,"enemies":"3 Sentries","floor":12,"turns":7}],"seed_played":"-6717914656383294768","potions_obtained":[{"floor":1,"key":"Poison Potion"},{"floor":3,"key":"SkillPotion"}],"is_trial":false,"path_per_floor":["M","M","M","$","?","R","?","M","T","R","M","E"],"character_chosen":"THE_SILENT","items_purchased":[],"campfire_rested":2,"item_purchase_floors":[],"current_hp_per_floor":[36,32,27,27,27,48,48,46,46,67,43,0],"gold":112,"neow_bonus":"ONE_RARE_RELIC","is_prod":false,"is_daily":false,"chose_seed":false,"campfire_upgraded":0,"win_rate":0,"timestamp":1552838481,"path_taken":["M","M","?","$","?","R","?","M","T","R","M","E"],"build_version":"2019-01-23","purchased_purges":1,"victory":false,"max_hp_per_floor":[70,70,70,70,70,70,70,70,70,70,70,70],"card_choices":[{"not_picked":["Bane","Cloak And Dagger"],"picked":"Footwork","floor":1},{"not_picked":["Flying Knee","Dagger Spray"],"picked":"Catalyst","floor":2},{"not_picked":["Envenom","PiercingWail"],"picked":"Deadly Poison","floor":3},{"not_picked":["Underhanded Strike","Concentrate","Sucker Punch"],"picked":"SKIP","floor":8},{"not_picked":["Acrobatics","Backflip"],"picked":"Malaise","floor":11}],"player_experience":1533818,"relics_obtained":[{"floor":9,"key":"Art of War"}],"event_choices":[{"damage_healed":0,"gold_gain":0,"player_choice":"Box","damage_taken":0,"relics_obtained":["Bag of Marbles"],"max_hp_gain":0,"max_hp_loss":0,"event_name":"Big Fish","floor":5,"gold_loss":0,"cards_obtained":["Regret"]},{"damage_healed":0,"gold_gain":0,"player_choice":"Ignored","damage_taken":0,"max_hp_gain":0,"max_hp_loss":0,"event_name":"Shining Light","floor":7,"gold_loss":0}],"is_beta":false,"boss_relics":[],"items_purged_floors":[4],"is_endless":false,"potions_floor_spawned":[1,3],"killed_by":"3 Sentries","ascension_level":10}