{"gold_per_floor":[117,136,147,10,20,20,20,35,58,78,78,95,95,20,20,117,117,128,139,56,66,83,83,113,127,127,127,52,64,64,77,77,77],"floor_reached":33,"playtime":2452,"items_purged":["Regret"],"score":329,"play_id":"3edaa010-fb0a-4f07-9417-6893553e54ae","local_time":"20190122100818","is_ascension_mode":true,"campfire_choices":[{"data":"Hyperbeam","floor":6,"key":"SMITH"},{"floor":11,"key":"REST"},{"floor":13,"key":"REST"},{"floor":15,"key":"REST"},{"floor":23,"key":"REST"},{"floor":27,"key":"REST"},{"floor":30,"key":"REST"},{"floor":32,"key":"REST"}],"neow_cost":"NONE","seed_source_timestamp":1093113254906814,"circlet_count":0,"master_deck":["Strike_B","Strike_B","Strike_B","Strike_B","Defend_B","Defend_B","Defend_B","Defend_B","Zap","Dualcast","Turbo","Seek","Go for the Eyes","Steam Power","Go for the Eyes","Undo","Leap","Sweeping Beam","Hyperbeam+1","Double Energy","Leap","Auto Shields","Undo","Steam","All For One","Sunder","Steam","Bandage Up","Leap","Hello World","Rebound+1","Melter+1","Undo+1","Rip and Tear+1","Rebound+1","Beam Cell"],"relics":["Orrery","Dream Catcher","Bag of Marbles","Fusion Hammer","Tiny Chest","Darkstone Periapt"],"potions_floor_usage":[18,21,21,22,33],"damage_taken":[{"damage":1,"enemies":"Cultist","floor":1,"turns":5},{"damage":0,"enemies":"Jaw Worm","floor":2,"turns":3},{"damage":0,"enemies":"Small Slimes","floor":3,"turns":4},{"damage":8,"enemies":"Looter","floor":5,"turns":2},{"damage":1,"enemies":"Exordium Wildlife","floor":8,"turns":3},{"damage":15,"enemies":"Red Slaver","floor":10,"turns":5},{"damage":4,"enemies":"Blue Slaver","floor":12,"turns":3},{"damage":9,"enemies":"The Guardian","floor":16,"turns":14},{"damage":0,"enemies":"Shell Parasite","floor":18,"turns":6},{"damage":0,"enemies":"Chosen","floor":19,"turns":3},{"damage":3,"enemies":"Snake Plant","floor":21,"turns":5},{"damage":24,"enemies":"Centurion and Healer","floor":22,"turns":10},{"damage":27,"enemies":"Cultist and Chosen","floor":25,"turns":8},{"damage":1,"enemies":"3 Cultists","floor":29,"turns":3},{"damage":0,"enemies":"Shelled Parasite and Fungi","floor":31,"turns":1},{"damage":95,"enemies":"Champ","floor":33,"turns":11}],"seed_played":"6708118085980714542","potions_obtained":[{"floor":3,"key":"Block Potion"},{"floor":8,"key":"Poison Potion"},{"floor":12,"key":"Swift Potion"},{"floor":21,"key":"Block Potion"},{"floor":25,"key":"PowerPotion"}],"is_trial":false,"path_per_floor":["M","M","M","$","M","R","?","M","T","M","R","M","R","$","R","B",null,"M","M","$","M","M","R","?","M","T","R","?","M","R","M","R","B"],"character_chosen":"DEFECT","items_purchased":["Hyperbeam","Bandage Up"],"campfire_rested":7,"item_purchase_floors":[4,20],"current_hp_per_floor":[74,74,74,74,66,66,66,65,65,50,72,68,75,75,75,66,73,73,73,73,72,52,74,74,51,51,73,73,72,75,75,75,0],"gold":77,"neow_bonus":"BOSS_RELIC","is_prod":false,"is_daily":false,"chose_seed":false,"campfire_upgraded":1,"win_rate":0,"timestamp":1548180498,"path_taken":["M","M","?","$","M","R","?","M","T","M","R","M","R","$","R","BOSS","M","M","$","M","M","R","?","M","T","R","?","M","R","M","R","BOSS"],"build_version":"2019-01-17v2","purchased_purges":1,"victory":false,"max_hp_per_floor":[75,75,75,75,75,75,75,75,75,75,75,75,75,75,75,75,75,75,75,75,75,75,75,75,75,75,75,75,75,75,75,75,75],"card_choices":[{"not_picked":["Stack","Ball Lightning"],"picked":"Turbo","floor":0},{"not_picked":["Cold Snap","Leap"],"picked":"Seek","floor":0},{"not_picked":["Compile Driver","Storm"],"picked":"Go for the Eyes","floor":0},{"not_picked":["Conserve Battery","Loop"],"picked":"Steam Power","floor":0},{"not_picked":["Loop","Rip and Tear"],"picked":"Go for the Eyes","floor":0},{"not_picked":["Hologram","Compile Driver"],"picked":"Undo","floor":1},{"not_picked":["Glacier","Barrage"],"picked":"Leap","floor":2},{"not_picked":["Ball Lightning","Rainbow"],"picked":"Sweeping Beam","floor":3},{"not_picked":["Blizzard","Compile Driver"],"picked":"Double Energy","floor":5},{"not_picked":["Heatsinks","Reprogram","Hello World"],"picked":"SKIP","floor":8},{"not_picked":["Genetic Algorithm","Chill"],"picked":"Leap","floor":10},{"not_picked":["Cold Snap","Stack"],"picked":"Auto Shields","floor":11},{"not_picked":["Gash","Consume"],"picked":"Undo","floor":12},{"not_picked":["Skim","Hologram"],"picked":"Steam","floor":15},{"not_picked":["Biased Cognition","Thunder Strike"],"picked":"All For One","floor":16},{"not_picked":["Chill","Barrage+1"],"picked":"Sunder","floor":18},{"not_picked":["Conserve Battery","Leap"],"picked":"Steam","floor":19},{"not_picked":["Coolheaded+1","Ball Lightning"],"picked":"Leap","floor":21},{"not_picked":["Chaos+1","Redo+1"],"picked":"Hello World","floor":22},{"not_picked":["Redo","Beam Cell"],"picked":"Rebound+1","floor":23},{"not_picked":["Leap+1","Heatsinks+1"],"picked":"Melter+1","floor":25},{"not_picked":["Thunder Strike","Leap+1"],"picked":"Undo+1","floor":27},{"not_picked":["Scrape","Tempest"],"picked":"Rip and Tear+1","floor":29},{"not_picked":["Ball Lightning+1","Barrage"],"picked":"Rebound+1","floor":30},{"not_picked":["Cold Snap","Reprogram","Consume"],"picked":"SKIP","floor":31},{"not_picked":["Capacitor","Redo"],"picked":"Beam Cell","floor":32}],"player_experience":597964,"relics_obtained":[{"floor":9,"key":"Bag of Marbles"},{"floor":26,"key":"Darkstone Periapt"}],"event_choices":[{"damage_healed":0,"gold_gain":0,"player_choice":"Box","damage_taken":0,"relics_obtained":["Dream Catcher"],"max_hp_gain":0,"max_hp_loss":0,"event_name":"Big Fish","floor":7,"gold_loss":0,"cards_obtained":["Regret"]},{"damage_healed":0,"gold_gain":0,"player_choice":"Stole Relic","damage_taken":0,"relics_obtained":["Tiny Chest"],"max_hp_gain":0,"max_hp_loss":0,"event_name":"Addict","floor":24,"gold_loss":0,"cards_obtained":["Shame"]},{"cards_removed":["Shame"],"damage_healed":0,"gold_gain":0,"player_choice":"Gave Gold","damage_taken":0,"max_hp_gain":0,"max_hp_loss":0,"event_name":"Beggar","floor":28,"gold_loss":75}],"is_beta":false,"boss_relics":[{"not_picked":["Calling Bell","Busted Crown"],"picked":"Fusion Hammer"}],"items_purged_floors":[14],"is_endless":false,"potions_floor_spawned":[3,8,12,16,21,25],"killed_by":"Champ","ascension_level":5}