{"gold_per_floor":[15,190,190,220,246,258,303,315,377,439,501,518,580,607,619,730,742,754],"floor_reached":18,"playtime":470,"items_purged":[],"score":269,"play_id":"d4861cd9-09af-4c12-8820-69ae0d81aa40","local_time":"20190419015451","is_ascension_mode":true,"campfire_choices":[{"floor":6,"key":"REST"},{"floor":15,"key":"REST"}],"neow_cost":"NO_GOLD","seed_source_timestamp":104852965969600,"circlet_count":0,"master_deck":["AscendersBane","Strike_R","Strike_R","Strike_R","Strike_R","Strike_R","Defend_R","Defend_R","Defend_R","Defend_R","Bash","Limit Break","Cleave","Doubt","Perfected Strike","Battle Trance","Anger","Injury","Carnage","Demon Form","Limit Break"],"relics":["Burning Blood","MawBank","Dream Catcher","SsserpentHead","Juzu Bracelet","Golden Idol","Blue Candle","Black Star"],"potions_floor_usage":[7,16],"damage_taken":[{"damage":10,"enemies":"Small Slimes","floor":1,"turns":4},{"damage":4,"enemies":"2 Louse","floor":4,"turns":3},{"damage":6,"enemies":"Cultist","floor":5,"turns":3},{"damage":40,"enemies":"3 Sentries","floor":7,"turns":8},{"damage":13,"enemies":"Gremlin Gang","floor":14,"turns":5},{"damage":35,"enemies":"Slime Boss","floor":16,"turns":7},{"damage":77,"enemies":"Shell Parasite","floor":18,"turns":7}],"seed_played":"-4898013531873737052","potions_obtained":[{"floor":4,"key":"Weak Potion"},{"floor":5,"key":"SteroidPotion"},{"floor":10,"key":"FairyPotion"},{"floor":14,"key":"Strength Potion"}],"is_trial":false,"path_per_floor":["M","?","?","M","M","R","E","?","T","?","?","?","T","M","R","B",null,"M"],"character_chosen":"IRONCLAD","items_purchased":[],"campfire_rested":2,"item_purchase_floors":[],"current_hp_per_floor":[64,64,57,59,59,75,41,41,41,41,41,41,41,34,56,27,63,0],"gold":754,"neow_bonus":"THREE_RARE_CARDS","is_prod":false,"is_daily":false,"chose_seed":false,"campfire_upgraded":0,"win_rate":0,"timestamp":1555631691,"path_taken":["M","?","?","M","M","R","E","?","T","?","?","?","?","M","R","BOSS","M"],"build_version":"2019-01-23","purchased_purges":0,"victory":false,"max_hp_per_floor":[75,75,75,75,75,75,75,75,75,75,75,75,75,75,75,75,75,75],"card_choices":[{"not_picked":["Dark Embrace","Impervious"],"picked":"Limit Break","floor":0},{"not_picked":["Iron Wave","Rampage"],"picked":"Cleave","floor":1},{"not_picked":["Sentinel","Hemokinesis"],"picked":"Perfected Strike","floor":4},{"not_picked":["Pommel Strike","Wild Strike"],"picked":"Battle Trance","floor":5},{"not_picked":["Hemokinesis","Evolve"],"picked":"Anger","floor":7},{"not_picked":["Clothesline","Thunderclap"],"picked":"Carnage","floor":14},{"not_picked":["Headbutt","Cleave"],"picked":"Demon Form","floor":15},{"not_picked":["Bludgeon","Fiend Fire"],"picked":"Limit Break","floor":16}],"player_experience":1738717,"relics_obtained":[{"floor":7,"key":"Dream Catcher"},{"floor":9,"key":"Juzu Bracelet"},{"floor":13,"key":"Blue Candle"}],"event_choices":[{"damage_healed":0,"gold_gain":175,"player_choice":"AGREE","damage_taken":0,"max_hp_gain":0,"max_hp_loss":0,"event_name":"Liars Game","floor":2,"gold_loss":0,"cards_obtained":["Doubt"]},{"damage_healed":0,"gold_gain":0,"player_choice":"Success","damage_taken":7,"relics_obtained":["MawBank"],"max_hp_gain":0,"max_hp_loss":0,"event_name":"Scrap Ooze","floor":3,"gold_loss":0},{"damage_healed":0,"gold_gain":0,"player_choice":"Trade","damage_taken":0,"relics_obtained":["SsserpentHead"],"max_hp_gain":0,"max_hp_loss":0,"event_name":"FaceTrader","floor":8,"gold_loss":0},{"damage_healed":0,"gold_gain":0,"player_choice":"Got Potions","damage_taken":0,"max_hp_gain":0,"max_hp_loss":0,"event_name":"Lab","floor":10,"gold_loss":0},{"damage_healed":0,"gold_gain":0,"player_choice":"Take Wound","damage_taken":0,"relics_obtained":["Golden Idol"],"max_hp_gain":0,"max_hp_loss":0,"event_name":"Golden Idol","floor":11,"gold_loss":0,"cards_obtained":["Injury"]},{"damage_healed":0,"gold_gain":0,"player_choice":"Left Gold","damage_taken":0,"max_hp_gain":0,"max_hp_loss":0,"event_name":"World of Goop","floor":12,"gold_loss":45}],"is_beta":false,"boss_relics":[{"not_picked":["Velvet Choker","Busted Crown"],"picked":"Black Star"}],"items_purged_floors":[],"is_endless":false,"potions_floor_spawned":[4,5,14],"killed_by":"Shell Parasite","ascension_level":14}