{"gold_per_floor":[112,123,123,73,88,121,142,161,161,161,161,8,27,58,58,154,154,165,165,165,24,24,53,53,70,123,137,24,24,37,51,51,151,151,169,187,187,187,31,31,31,31,31,31,64,64,64,64],"floor_reached":48,"playtime":2048,"items_purged":["Decay"],"score":484,"play_id":"91ba26a9-d168-43b6-89a8-aacf58f836cf","local_time":"20181022220639","is_ascension_mode":false,"campfire_choices":[{"floor":10,"key":"REST"},{"floor":15,"key":"REST"},{"floor":24,"key":"REST"},{"floor":29,"key":"REST"},{"data":"Defragment","floor":32,"key":"SMITH"},{"data":"Amplify","floor":40,"key":"SMITH"},{"data":"Electrodynamics","floor":42,"key":"SMITH"}],"neow_cost":"NONE","seed_source_timestamp":165227039358900,"circlet_count":0,"master_deck":["Strike_B","Strike_B","Defend_B","Defend_B","Defend_B","Defend_B","Zap","Dualcast","Chaos","Lockon","Defragment+1","Turbo","Redo","Electrodynamics+1","Sweeping Beam","Machine Learning","Streamline+1","Echo Form","Leap","Redo+1","Storm","Capacitor","Hologram","Compile Driver+1","Amplify+1","Turbo","Barrage+1","Self Repair","Tempest","Stack"],"relics":["FrozenCore","NeowsBlessing","WarpedTongs","Ornamental Fan","Odd Mushroom","Pantograph","Blood Vial","Mummified Hand","Lantern","Ancient Tea Set","Eternal Feather","Toxic Egg 2","Juzu Bracelet","Darkstone Periapt"],"potions_floor_usage":[6,23,23,36,45,45,45],"damage_taken":[{"damage":0,"enemies":"Jaw Worm","floor":1,"turns":1},{"damage":0,"enemies":"Cultist","floor":2,"turns":1},{"damage":0,"enemies":"2 Louse","floor":5,"turns":1},{"damage":16,"enemies":"Gremlin Nob","floor":6,"turns":3},{"damage":27,"enemies":"The Mushroom Lair","floor":7,"turns":4},{"damage":0,"enemies":"Exordium Wildlife","floor":8,"turns":2},{"damage":9,"enemies":"3 Louse","floor":13,"turns":3},{"damage":14,"enemies":"3 Sentries","floor":14,"turns":3},{"damage":35,"enemies":"Hexaghost","floor":16,"turns":9},{"damage":9,"enemies":"3 Byrds","floor":18,"turns":4},{"damage":28,"enemies":"Colosseum Slavers","floor":19,"turns":5},{"damage":25,"enemies":"Slavers","floor":23,"turns":3},{"damage":0,"enemies":"Spheric Guardian","floor":25,"turns":3},{"damage":11,"enemies":"Centurion and Healer","floor":27,"turns":6},{"damage":12,"enemies":"Snake Plant","floor":30,"turns":3},{"damage":0,"enemies":"Snecko","floor":31,"turns":4},{"damage":45,"enemies":"Automaton","floor":33,"turns":8},{"damage":25,"enemies":"3 Darklings","floor":35,"turns":4},{"damage":5,"enemies":"3 Shapes","floor":36,"turns":5},{"damage":61,"enemies":"Nemesis","floor":45,"turns":9},{"damage":25,"enemies":"3 Darklings","floor":48,"turns":1}],"seed_played":"6457320544571893224","potions_obtained":[{"floor":1,"key":"SkillPotion"},{"floor":2,"key":"Regen Potion"},{"floor":14,"key":"LiquidBronze"},{"floor":23,"key":"Explosive Potion"},{"floor":31,"key":"SteroidPotion"},{"floor":35,"key":"PowerPotion"},{"floor":36,"key":"Block Potion"}],"is_trial":false,"path_per_floor":["M","M","?","?","M","E","?","M","T","R","?","$","M","E","R","B",null,"M","?","?","$","?","E","R","M","T","M","$","R","M","M","R","B",null,"M","M","?","?","$","R","$","R","T","$","E","?","T"],"character_chosen":"DEFECT","items_purchased":["Blood Vial","Echo Form","Capacitor","Self Repair","Tempest","Stack"],"campfire_rested":4,"item_purchase_floors":[12,21,28,39,39,39],"current_hp_per_floor":[75,75,75,75,75,59,32,32,32,54,47,47,40,28,50,40,75,66,40,45,45,45,31,53,55,55,46,46,68,58,60,60,30,75,50,47,47,47,47,65,65,75,75,75,21,21,21,0],"gold":64,"neow_bonus":"THREE_ENEMY_KILL","is_prod":false,"is_daily":false,"chose_seed":false,"campfire_upgraded":3,"win_rate":0,"timestamp":1540238799,"path_taken":["M","M","?","?","M","E","?","?","T","R","?","$","M","E","R","BOSS","M","?","?","$","?","E","R","M","T","M","?","R","?","M","R","BOSS","M","M","?","?","$","R","$","R","T","$","E","?","?","M"],"build_version":"2018-10-18","purchased_purges":1,"victory":false,"max_hp_per_floor":[75,75,75,75,75,75,75,75,75,75,75,75,75,75,75,75,75,75,75,75,75,75,75,75,75,75,75,75,75,75,75,75,75,75,75,75,75,75,75,75,75,75,75,75,75,75,75,75],"card_choices":[{"not_picked":["Skim","Barrage"],"picked":"Chaos","floor":1},{"not_picked":["Go for the Eyes","Heatsinks"],"picked":"Lockon","floor":2},{"not_picked":["Compile Driver","Hologram"],"picked":"Sweeping Beam","floor":5},{"not_picked":["Ball Lightning","Recycle"],"picked":"Defragment","floor":6},{"not_picked":["Skim","Cold Snap"],"picked":"Turbo","floor":7},{"not_picked":["Scrape","Consume"],"picked":"Redo","floor":8},{"not_picked":["Redo","Heatsinks"],"picked":"Electrodynamics","floor":13},{"not_picked":["Cold Snap","Gash"],"picked":"Sweeping Beam","floor":14},{"not_picked":["Rainbow","All For One"],"picked":"Machine Learning","floor":16},{"not_picked":["Hologram+1","Leap"],"picked":"Streamline+1","floor":18},{"not_picked":["Auto Shields","Streamline+1"],"picked":"Leap","floor":23},{"not_picked":["Recycle","Coolheaded+1"],"picked":"Redo+1","floor":25},{"not_picked":["Doom and Gloom","Stack"],"picked":"Storm","floor":27},{"not_picked":["Scrape","Turbo+1"],"picked":"Hologram","floor":30},{"not_picked":["Beam Cell","Leap"],"picked":"Compile Driver+1","floor":31},{"not_picked":["Buffer","Seek"],"picked":"Amplify","floor":33},{"not_picked":["Streamline+1","Compile Driver"],"picked":"Turbo","floor":35},{"not_picked":["Ball Lightning+1","Turbo+1"],"picked":"Barrage+1","floor":36},{"not_picked":["Barrage","Doom and Gloom","Streamline+1"],"picked":"SKIP","floor":45}],"player_experience":754910,"relics_obtained":[{"floor":6,"key":"Ornamental Fan"},{"floor":7,"key":"Odd Mushroom"},{"floor":9,"key":"Pantograph"},{"floor":14,"key":"Mummified Hand"},{"floor":23,"key":"Lantern"},{"floor":26,"key":"Ancient Tea Set"},{"floor":43,"key":"Toxic Egg 2"},{"floor":45,"key":"Juzu Bracelet"},{"floor":47,"key":"Darkstone Periapt"}],"event_choices":[{"damage_healed":0,"gold_gain":0,"player_choice":"Rummage","damage_taken":0,"relics_obtained":["WarpedTongs"],"max_hp_gain":0,"max_hp_loss":0,"event_name":"Accursed Blacksmith","floor":3,"gold_loss":0,"cards_obtained":["Pain"]},{"cards_removed":["Pain"],"damage_healed":0,"gold_gain":0,"player_choice":"Card Removal","damage_taken":0,"max_hp_gain":0,"max_hp_loss":0,"event_name":"The Cleric","floor":4,"gold_loss":50},{"damage_healed":0,"gold_gain":0,"player_choice":"Fought Mushrooms","damage_taken":0,"max_hp_gain":0,"max_hp_loss":0,"event_name":"Mushrooms","floor":7,"gold_loss":0},{"cards_removed":["Strike_B"],"damage_healed":0,"gold_gain":0,"player_choice":"Card Removal","damage_taken":7,"max_hp_gain":0,"max_hp_loss":0,"event_name":"Golden Wing","floor":11,"gold_loss":0},{"damage_healed":0,"gold_gain":0,"player_choice":"Fight","damage_taken":0,"max_hp_gain":0,"max_hp_loss":0,"event_name":"Colosseum","floor":19,"gold_loss":0},{"damage_healed":0,"gold_gain":0,"player_choice":"Fled From Nobs","damage_taken":0,"max_hp_gain":0,"max_hp_loss":0,"event_name":"Colosseum","floor":19,"gold_loss":0},{"cards_removed":["Sweeping Beam"],"damage_healed":5,"gold_gain":0,"player_choice":"Offered Common","damage_taken":0,"max_hp_gain":0,"max_hp_loss":0,"event_name":"Bonfire Elementals","floor":20,"gold_loss":0},{"cards_removed":["Sweeping Beam"],"damage_healed":5,"gold_gain":0,"player_choice":"Offered Special","damage_taken":0,"max_hp_gain":0,"max_hp_loss":0,"event_name":"Bonfire Elementals","floor":20,"gold_loss":0},{"damage_healed":0,"gold_gain":0,"player_choice":"Cursed","damage_taken":0,"max_hp_gain":0,"max_hp_loss":0,"event_name":"Wheel of Change","floor":22,"gold_loss":0,"cards_obtained":["Decay"]},{"damage_healed":0,"gold_gain":0,"player_choice":"Bought 0 Potions","damage_taken":0,"max_hp_gain":0,"max_hp_loss":0,"event_name":"The Woman in Blue","floor":37,"gold_loss":0},{"damage_healed":0,"gold_gain":0,"player_choice":"Ignored","damage_taken":0,"max_hp_gain":0,"max_hp_loss":0,"event_name":"Tomb of Lord Red Mask","floor":38,"gold_loss":0},{"cards_removed":["Strike_B"],"damage_healed":0,"gold_gain":0,"player_choice":"Removed Attack","damage_taken":0,"max_hp_gain":0,"max_hp_loss":0,"event_name":"Falling","floor":46,"gold_loss":0}],"is_beta":false,"boss_relics":[{"not_picked":["Sozu","Fusion Hammer"],"picked":"FrozenCore"},{"not_picked":["Astrolabe","Velvet Choker"],"picked":"Eternal Feather"}],"items_purged_floors":[28],"is_endless":false,"potions_floor_spawned":[1,2,14,19,23,31,35,36],"killed_by":"3 Darklings","ascension_level":0}