{"gold_per_floor":[109,38,57,18,34,61,26,26,26,61,71,89,89,105,105,209,509,524,524,233,233,233,233,233],"floor_reached":24,"playtime":1041,"items_purged":["Normality"],"score":280,"play_id":"ea2194b8-3fee-48fd-bc2a-acf23adb04fe","local_time":"20181103003552","is_ascension_mode":true,"campfire_choices":[{"floor":13,"key":"REST"},{"floor":15,"key":"REST"},{"floor":23,"key":"DIG"}],"neow_cost":"NONE","seed_source_timestamp":357292781238300,"circlet_count":0,"master_deck":["Strike_R","Strike_R","Strike_R","Strike_R","Defend_R","Defend_R","Defend_R","Defend_R","Bash+1","Thunderclap+1","Rage","Shrug It Off","Blood for Blood","Rupture","Shrug It Off","Combust","Heavy Blade","Battle Trance","Infernal Blade","Reaper","Shame","Clumsy","True Grit+1","Double Tap","Flex","Juggernaut"],"relics":["Burning Blood","NeowsBlessing","Prayer Wheel","Shovel","Question Card","Calling Bell","Red Skull","Pear","Old Coin","PrismaticShard","Strawberry"],"potions_floor_usage":[6,10,10,18,24],"damage_taken":[{"damage":0,"enemies":"Cultist","floor":1,"turns":1},{"damage":0,"enemies":"Jaw Worm","floor":3,"turns":1},{"damage":0,"enemies":"2 Louse","floor":5,"turns":1},{"damage":47,"enemies":"3 Sentries","floor":6,"turns":10},{"damage":9,"enemies":"Gremlin Nob","floor":10,"turns":3},{"damage":5,"enemies":"Blue Slaver","floor":11,"turns":5},{"damage":8,"enemies":"2 Fungi Beasts","floor":12,"turns":3},{"damage":0,"enemies":"Exordium Thugs","floor":14,"turns":4},{"damage":48,"enemies":"The Guardian","floor":16,"turns":9},{"damage":28,"enemies":"Chosen","floor":18,"turns":5},{"damage":78,"enemies":"3 Byrds","floor":24,"turns":6}],"seed_played":"-5049884794834339668","potions_obtained":[{"floor":1,"key":"Swift Potion"},{"floor":3,"key":"Ancient Potion"},{"floor":6,"key":"SteroidPotion"},{"floor":12,"key":"SneckoOil"},{"floor":14,"key":"Regen Potion"}],"is_trial":false,"path_per_floor":["M","$","M","$","M","E","$","?","T","E","M","M","R","M","R","B",null,"M","?","$","?","?","R"],"character_chosen":"IRONCLAD","items_purchased":["Rage","Blood for Blood","Combust","PrismaticShard","Flex"],"campfire_rested":2,"item_purchase_floors":[2,4,7,20,20],"current_hp_per_floor":[80,80,80,80,80,39,39,23,23,20,21,19,43,49,73,31,78,62,44,44,44,44,51,0],"gold":233,"neow_bonus":"THREE_ENEMY_KILL","is_prod":false,"is_daily":false,"chose_seed":false,"campfire_upgraded":0,"win_rate":0,"timestamp":1541201752,"path_taken":["M","$","?","$","M","E","?","?","T","E","M","M","R","M","R","BOSS","M","?","$","?","?","R","M"],"build_version":"2018-10-25v2","purchased_purges":1,"victory":false,"max_hp_per_floor":[80,80,80,80,80,80,80,80,80,80,80,80,80,80,80,80,90,90,95,95,95,95,102,102],"card_choices":[{"not_picked":["Fire Breathing","Havoc"],"picked":"Thunderclap","floor":1},{"not_picked":["Burning Pact","Dropkick"],"picked":"Shrug It Off","floor":3},{"not_picked":["Iron Wave","Intimidate"],"picked":"Rupture","floor":5},{"not_picked":["Reckless Charge","Anger"],"picked":"Shrug It Off","floor":6},{"not_picked":["Pommel Strike","Body Slam","Shrug It Off"],"picked":"SKIP","floor":10},{"not_picked":["Corruption","Cleave","Combust"],"picked":"Heavy Blade","floor":11},{"not_picked":["Cleave","Battle Trance","Bludgeon","Heavy Blade"],"picked":"SKIP","floor":11},{"not_picked":["Burning Pact","Blood for Blood","Sentinel"],"picked":"Battle Trance","floor":12},{"not_picked":["Evolve","True Grit","Body Slam"],"picked":"Infernal Blade","floor":12},{"not_picked":["Sentinel","Cleave","Iron Wave","Clothesline"],"picked":"SKIP","floor":14},{"not_picked":["Pommel Strike","Clothesline","Shrug It Off","Ghostly Armor"],"picked":"SKIP","floor":14},{"not_picked":["Bludgeon","Impervious","Immolate"],"picked":"Reaper","floor":16},{"not_picked":["Corruption+1","Iron Wave+1","Heavy Blade"],"picked":"True Grit+1","floor":18},{"not_picked":["Clothesline","Clash","Pommel Strike+1"],"picked":"Double Tap","floor":18}],"player_experience":831661,"relics_obtained":[{"floor":6,"key":"Prayer Wheel"},{"floor":9,"key":"Shovel"},{"floor":10,"key":"Question Card"},{"floor":17,"key":"Red Skull"},{"floor":17,"key":"Pear"},{"floor":17,"key":"Old Coin"},{"floor":23,"key":"Strawberry"}],"event_choices":[{"damage_healed":0,"gold_gain":0,"player_choice":"Entered Light","damage_taken":16,"max_hp_gain":0,"max_hp_loss":0,"event_name":"Shining Light","floor":8,"gold_loss":0,"cards_upgraded":["Thunderclap","Bash"]},{"damage_healed":0,"gold_gain":0,"player_choice":"Shed Blood","damage_taken":23,"max_hp_gain":5,"max_hp_loss":0,"event_name":"Forgotten Altar","floor":19,"gold_loss":0},{"damage_healed":0,"gold_gain":0,"cards_transformed":["Strike_R"],"player_choice":"Transformed","damage_taken":0,"max_hp_gain":0,"max_hp_loss":0,"event_name":"Transmorgrifier","floor":21,"gold_loss":0,"cards_obtained":["Juggernaut"]},{"damage_healed":0,"gold_gain":0,"player_choice":"Ignored","damage_taken":0,"max_hp_gain":0,"max_hp_loss":0,"event_name":"Cursed Tome","floor":22,"gold_loss":0}],"is_beta":false,"boss_relics":[{"not_picked":["Runic Pyramid","Philosopher\u0027s Stone"],"picked":"Calling Bell"}],"items_purged_floors":[20],"is_endless":false,"potions_floor_spawned":[1,3,6,12,14],"killed_by":"3 Byrds","ascension_level":5}