{"gold_per_floor":[116,93,93,112,75,75,75,75,101,101,114,132,160,160,160,258,258,278,278,36,36,311,311,124,141,141,141,141,173,187,200,200,200],"floor_reached":33,"playtime":1382,"items_purged":[],"score":392,"play_id":"d82b12b5-1e96-476b-9a0c-f1d8f8ae63df","local_time":"20190331235613","is_ascension_mode":true,"campfire_choices":[{"data":"Dagger Throw","floor":6,"key":"SMITH"},{"floor":15,"key":"REST"},{"data":"Die Die Die","floor":23,"key":"SMITH"},{"floor":28,"key":"REST"},{"floor":32,"key":"REST"}],"neow_cost":"NONE","seed_source_timestamp":443250984859200,"circlet_count":0,"master_deck":["AscendersBane","Defend_G","Defend_G","Defend_G","Defend_G","Defend_G","Strike_G","Strike_G","Strike_G","Strike_G","Strike_G","Survivor","Neutralize","Skewer","Dagger Throw+1","Dagger Throw+1","Bouncing Flask","PiercingWail","Adrenaline","Die Die Die+1","Mayhem","PiercingWail+1"],"relics":["Ring of the Snake","Anchor","Omamori","Shuriken","Busted Crown","Matryoshka","Mummified Hand","Dodecahedron","Bag of Marbles"],"potions_floor_usage":[13,16,16,16,25,33],"damage_taken":[{"damage":10,"enemies":"Cultist","floor":1,"turns":5},{"damage":0,"enemies":"Small Slimes","floor":4,"turns":4},{"damage":0,"enemies":"Jaw Worm","floor":11,"turns":3},{"damage":0,"enemies":"Large Slime","floor":12,"turns":5},{"damage":8,"enemies":"Gremlin Nob","floor":13,"turns":3},{"damage":30,"enemies":"The Guardian","floor":16,"turns":10},{"damage":24,"enemies":"3 Byrds","floor":18,"turns":5},{"damage":3,"enemies":"Spheric Guardian","floor":25,"turns":3},{"damage":32,"enemies":"Gremlin Leader","floor":29,"turns":6},{"damage":0,"enemies":"Snake Plant","floor":30,"turns":4},{"damage":5,"enemies":"Snecko","floor":31,"turns":5},{"damage":76,"enemies":"Automaton","floor":33,"turns":6}],"seed_played":"-4432655962081719817","potions_obtained":[{"floor":1,"key":"FearPotion"},{"floor":4,"key":"EssenceOfSteel"},{"floor":12,"key":"FearPotion"},{"floor":13,"key":"SteroidPotion"},{"floor":18,"key":"SkillPotion"},{"floor":31,"key":"Poison Potion"}],"is_trial":false,"path_per_floor":["M","$","?","M","$","R","?","$","T","$","M","M","E","?","R","B",null,"M","?","$","?","?","R","$","M","T","$","R","E","M","M","R","B"],"character_chosen":"THE_SILENT","items_purchased":["Dagger Throw","Bouncing Flask","Matryoshka","Mayhem"],"campfire_rested":3,"item_purchase_floors":[2,5,20,24],"current_hp_per_floor":[60,60,60,60,60,60,53,53,53,53,53,53,45,45,68,38,67,43,29,29,56,56,56,56,53,53,53,77,45,45,40,64,0],"gold":200,"neow_bonus":"TEN_PERCENT_HP_BONUS","is_prod":false,"is_daily":false,"chose_seed":false,"campfire_upgraded":2,"win_rate":0,"timestamp":1554069373,"path_taken":["M","$","?","M","?","R","?","?","T","$","M","M","E","?","R","BOSS","M","?","$","?","?","R","$","?","T","$","R","E","M","M","R","BOSS"],"build_version":"2019-01-23","purchased_purges":0,"victory":false,"max_hp_per_floor":[77,77,77,77,77,77,77,77,77,77,77,77,77,77,77,77,77,77,82,82,82,82,82,82,82,82,82,82,82,82,82,82,82],"card_choices":[{"not_picked":["Endless Agony","Deflect"],"picked":"Skewer","floor":1},{"not_picked":["Predator","Setup"],"picked":"Dagger Throw","floor":4},{"not_picked":["Backflip","Underhanded Strike","Masterful Stab"],"picked":"SKIP","floor":11},{"not_picked":["Dagger Throw","Sucker Punch"],"picked":"PiercingWail","floor":12},{"not_picked":["Cloak And Dagger","Acrobatics"],"picked":"Adrenaline","floor":13},{"not_picked":["Unload","Wraith Form v2"],"picked":"Die Die Die","floor":16},{"not_picked":["Backflip"],"picked":"SKIP","floor":18},{"not_picked":["Sucker Punch"],"picked":"SKIP","floor":25},{"not_picked":[],"picked":"PiercingWail+1","floor":29},{"not_picked":["Slice"],"picked":"SKIP","floor":30},{"not_picked":["Dagger Throw"],"picked":"SKIP","floor":31}],"player_experience":1585800,"relics_obtained":[{"floor":9,"key":"Omamori"},{"floor":13,"key":"Shuriken"},{"floor":26,"key":"Mummified Hand"},{"floor":26,"key":"Dodecahedron"},{"floor":29,"key":"Bag of Marbles"}],"event_choices":[{"damage_healed":0,"gold_gain":0,"player_choice":"Upgraded","damage_taken":0,"max_hp_gain":0,"max_hp_loss":0,"event_name":"Upgrade Shrine","floor":3,"gold_loss":0,"cards_upgraded":["Dagger Throw"]},{"damage_healed":0,"gold_gain":0,"player_choice":"Success","damage_taken":7,"relics_obtained":["Anchor"],"max_hp_gain":0,"max_hp_loss":0,"event_name":"Scrap Ooze","floor":7,"gold_loss":0},{"damage_healed":0,"gold_gain":0,"player_choice":"Got Potions","damage_taken":0,"max_hp_gain":0,"max_hp_loss":0,"event_name":"Lab","floor":14,"gold_loss":0},{"damage_healed":0,"gold_gain":0,"player_choice":"Shed Blood","damage_taken":19,"max_hp_gain":5,"max_hp_loss":0,"event_name":"Forgotten Altar","floor":19,"gold_loss":0},{"damage_healed":27,"gold_gain":0,"player_choice":"Heal","damage_taken":0,"max_hp_gain":0,"max_hp_loss":0,"event_name":"The Library","floor":21,"gold_loss":0},{"damage_healed":0,"gold_gain":275,"player_choice":"Desecrate","damage_taken":0,"max_hp_gain":0,"max_hp_loss":0,"event_name":"Golden Shrine","floor":22,"gold_loss":0,"cards_obtained":["Regret"]}],"is_beta":false,"boss_relics":[{"not_picked":["Orrery","Lizard Tail"],"picked":"Busted Crown"}],"items_purged_floors":[],"is_endless":false,"potions_floor_spawned":[1,4,12,13,18,31],"killed_by":"Automaton","ascension_level":10}