{"gold_per_floor":[116,36,56,18,18,18,36,70,70,32,32,32,52,22,22,123,123,138,154,154,20,220,220,48,48,48,48,75,75,75,174,174,272,272,292,292,292,292],"floor_reached":38,"playtime":1456,"items_purged":[],"score":613,"play_id":"3e1417fd-a255-4eaf-87bb-5279fd4b11b5","local_time":"20190419010009","is_ascension_mode":true,"campfire_choices":[{"floor":6,"key":"REST"},{"floor":15,"key":"REST"},{"floor":23,"key":"REST"},{"floor":25,"key":"DIG"},{"floor":27,"key":"REST"},{"floor":29,"key":"REST"},{"floor":32,"key":"DIG"}],"neow_cost":"PERCENT_DAMAGE","seed_source_timestamp":100584134500300,"circlet_count":0,"master_deck":["AscendersBane","Strike_B","Strike_B","Strike_B","Defend_B","Defend_B","Defend_B","Defend_B","Zap","Dualcast","Creative AI","Turbo","Self Repair","Turbo","BootSequence","Auto Shields","Undo","Storm","Thunder Strike","Heatsinks","Turbo","Magnetism","Seek"],"relics":["Cracked Core","FaceOfCleric","Pocketwatch","Turnip","Shovel","Busted Crown","Matryoshka","Juzu Bracelet","Letter Opener","Dodecahedron","Orichalcum","Inserter","WarpedTongs","Spirit Poop"],"potions_floor_usage":[16,33],"damage_taken":[{"damage":4,"enemies":"Small Slimes","floor":1,"turns":4},{"damage":0,"enemies":"Cultist","floor":3,"turns":4},{"damage":0,"enemies":"2 Louse","floor":7,"turns":3},{"damage":54,"enemies":"3 Sentries","floor":8,"turns":9},{"damage":1,"enemies":"Looter","floor":13,"turns":4},{"damage":27,"enemies":"Slime Boss","floor":16,"turns":6},{"damage":23,"enemies":"Shell Parasite","floor":18,"turns":7},{"damage":34,"enemies":"3 Byrds","floor":19,"turns":5},{"damage":57,"enemies":"Book of Stabbing","floor":28,"turns":7},{"damage":91,"enemies":"Collector","floor":33,"turns":11},{"damage":61,"enemies":"3 Darklings","floor":35,"turns":5},{"damage":14,"enemies":"3 Shapes","floor":38,"turns":1}],"seed_played":"-1981822036785598617","potions_obtained":[{"floor":13,"key":"Poison Potion"},{"floor":14,"key":"FairyPotion"},{"floor":16,"key":"Ancient Potion"}],"is_trial":false,"path_per_floor":["M","$","M","$","?","R","M","E","T","$","?","?","M","?","R","B",null,"M","M","$","$","?","R","$","R","T","R","E","R","?","?","R","B",null,"M","?","?","M"],"character_chosen":"DEFECT","items_purchased":["Self Repair","BootSequence","Undo","Heatsinks","Turbo","Magnetism"],"campfire_rested":5,"item_purchase_floors":[2,4,10,21,21,24],"current_hp_per_floor":[46,46,53,53,53,75,76,30,30,30,23,23,30,30,53,34,68,53,27,27,27,27,51,51,51,51,75,26,50,77,77,77,16,66,13,13,13,0],"gold":292,"neow_bonus":"THREE_RARE_CARDS","is_prod":false,"is_daily":false,"chose_seed":false,"campfire_upgraded":0,"win_rate":0,"timestamp":1555628409,"path_taken":["M","$","M","$","?","R","?","E","T","$","?","?","M","?","R","BOSS","M","?","?","$","?","R","$","R","T","R","E","R","?","?","R","BOSS","M","?","?","M"],"build_version":"2019-01-23","purchased_purges":0,"victory":false,"max_hp_per_floor":[75,75,75,75,75,75,76,77,77,77,77,77,78,78,78,79,79,80,81,81,81,81,81,81,81,81,81,82,82,82,82,82,83,83,84,84,84,84],"card_choices":[{"not_picked":["Buffer","Echo Form"],"picked":"Creative AI","floor":0},{"not_picked":["Beam Cell","Hologram"],"picked":"Turbo","floor":1},{"not_picked":["Gash","Steam"],"picked":"Turbo","floor":3},{"not_picked":["Leap","Lockon"],"picked":"Auto Shields","floor":7},{"not_picked":["Compile Driver","Coolheaded","Beam Cell"],"picked":"SKIP","floor":8},{"not_picked":["Consume","Darkness"],"picked":"Storm","floor":13},{"not_picked":["Echo Form","Buffer"],"picked":"Thunder Strike","floor":16},{"not_picked":["Leap"],"picked":"SKIP","floor":18},{"not_picked":["Glacier"],"picked":"SKIP","floor":19},{"not_picked":["Hologram+1"],"picked":"SKIP","floor":28},{"not_picked":[],"picked":"Seek","floor":33},{"not_picked":["Ball Lightning"],"picked":"SKIP","floor":35}],"player_experience":1734518,"relics_obtained":[{"floor":8,"key":"Pocketwatch"},{"floor":9,"key":"Turnip"},{"floor":25,"key":"Matryoshka"},{"floor":26,"key":"Juzu Bracelet"},{"floor":26,"key":"Letter Opener"},{"floor":28,"key":"Dodecahedron"},{"floor":32,"key":"Orichalcum"}],"event_choices":[{"damage_healed":0,"gold_gain":0,"player_choice":"Trade","damage_taken":0,"relics_obtained":["FaceOfCleric"],"max_hp_gain":0,"max_hp_loss":0,"event_name":"FaceTrader","floor":5,"gold_loss":0},{"damage_healed":0,"gold_gain":0,"player_choice":"Success","damage_taken":7,"relics_obtained":["Shovel"],"max_hp_gain":0,"max_hp_loss":0,"event_name":"Scrap Ooze","floor":11,"gold_loss":0},{"cards_removed":["Strike_B"],"damage_healed":0,"gold_gain":0,"player_choice":"Forget","damage_taken":0,"max_hp_gain":0,"max_hp_loss":0,"event_name":"Living Wall","floor":12,"gold_loss":0},{"damage_healed":0,"gold_gain":0,"player_choice":"Bought 2 Potions","damage_taken":0,"max_hp_gain":0,"max_hp_loss":0,"event_name":"The Woman in Blue","floor":14,"gold_loss":0},{"damage_healed":0,"gold_gain":200,"player_choice":"Gold","damage_taken":0,"max_hp_gain":0,"max_hp_loss":0,"event_name":"Wheel of Change","floor":22,"gold_loss":0},{"damage_healed":27,"gold_gain":0,"player_choice":"Heal","damage_taken":0,"max_hp_gain":0,"max_hp_loss":0,"event_name":"The Library","floor":30,"gold_loss":0},{"damage_healed":0,"gold_gain":99,"player_choice":"Stole From Cult","damage_taken":0,"max_hp_gain":0,"max_hp_loss":0,"event_name":"Nest","floor":31,"gold_loss":0},{"damage_healed":0,"gold_gain":0,"player_choice":"Rummage","damage_taken":0,"relics_obtained":["WarpedTongs"],"max_hp_gain":0,"max_hp_loss":0,"event_name":"Accursed Blacksmith","floor":36,"gold_loss":0,"cards_obtained":["Pain"]},{"cards_removed":["Pain"],"damage_healed":0,"gold_gain":0,"player_choice":"Offered Curse","damage_taken":0,"relics_obtained":["Spirit Poop"],"max_hp_gain":0,"max_hp_loss":0,"event_name":"Bonfire Elementals","floor":37,"gold_loss":0}],"is_beta":false,"boss_relics":[{"not_picked":["Eternal Feather","Runic Dome"],"picked":"Busted Crown"},{"not_picked":["Astrolabe","White Beast Statue"],"picked":"Inserter"}],"items_purged_floors":[],"is_endless":false,"potions_floor_spawned":[13,16,18],"killed_by":"3 Shapes","ascension_level":12}