{"gold_per_floor":[118,136,43,43,43,43,72,89,116,116,116,144,156,156,156,258,258,271,45,45,0,15,49,49,83,83,8,8,8,8],"floor_reached":30,"playtime":2890,"items_purged":["Regret"],"score":496,"play_id":"521ef136-54d9-4304-96f5-e3ac89f1502f","local_time":"20190226151005","is_ascension_mode":true,"campfire_choices":[{"data":"Enlightenment","floor":6,"key":"SMITH"},{"data":"Body Slam","floor":10,"key":"SMITH"},{"floor":15,"key":"REST"},{"floor":29,"key":"REST"}],"neow_cost":"NONE","seed_source_timestamp":149099076529000,"circlet_count":0,"master_deck":["AscendersBane","Strike_R+1","Strike_R+1","Strike_R","Defend_R+1","Defend_R+1","Defend_R","Defend_R","Bash","Body Slam+1","Cleave","Enlightenment+1","Cleave","Inflame","Body Slam","Barricade","Searing Blow","Body Slam","Body Slam","Flame Barrier+1","Ghostly","Ghostly","Ghostly","Ghostly","Ghostly","Feed"],"relics":["Burning Blood","NeowsBlessing","War Paint","Boot","Kunai","PreservedInsect","Runic Pyramid","Bronze Scales","Dodecahedron","Paper Frog","Pantograph","Blue Candle","WingedGreaves"],"potions_floor_usage":[12,13,16,18,23],"damage_taken":[{"damage":0,"enemies":"Jaw Worm","floor":1,"turns":1},{"damage":1,"enemies":"Small Slimes","floor":2,"turns":2},{"damage":0,"enemies":"Gremlin Nob","floor":7,"turns":1},{"damage":7,"enemies":"2 Louse","floor":8,"turns":2},{"damage":21,"enemies":"3 Sentries","floor":12,"turns":5},{"damage":11,"enemies":"Red Slaver","floor":13,"turns":3},{"damage":23,"enemies":"The Guardian","floor":16,"turns":10},{"damage":12,"enemies":"Chosen","floor":18,"turns":5},{"damage":26,"enemies":"Shell Parasite","floor":22,"turns":6},{"damage":45,"enemies":"Book of Stabbing","floor":23,"turns":5},{"damage":3,"enemies":"Gremlin Leader","floor":25,"turns":7},{"damage":54,"enemies":"Chosen and Byrds","floor":30,"turns":8}],"seed_played":"-5517457768841100784","potions_obtained":[{"floor":2,"key":"SpeedPotion"},{"floor":8,"key":"SkillPotion"},{"floor":12,"key":"SkillPotion"},{"floor":13,"key":"Swift Potion"},{"floor":22,"key":"Block Potion"}],"is_trial":false,"path_per_floor":["M","M","$","?","?","R","E","M","T","R","?","E","M","?","R","B",null,"M","$","?","$","M","E","?","E","T","?","?","R","M"],"character_chosen":"IRONCLAD","items_purchased":["Enlightenment","Bronze Scales","Body Slam"],"campfire_rested":2,"item_purchase_floors":[3,19,21],"current_hp_per_floor":[78,80,80,73,57,57,63,62,62,62,62,47,42,42,66,49,72,66,66,66,66,46,7,7,10,10,10,10,22,0],"gold":8,"neow_bonus":"THREE_ENEMY_KILL","is_prod":false,"is_daily":false,"chose_seed":false,"campfire_upgraded":2,"win_rate":0,"timestamp":1551190205,"path_taken":["M","M","$","?","?","R","E","M","T","R","?","E","M","?","R","BOSS","M","$","?","$","M","E","?","E","T","?","?","R","M"],"build_version":"2019-01-23","purchased_purges":1,"victory":false,"max_hp_per_floor":[80,80,80,80,80,80,80,80,80,80,80,80,80,80,80,80,80,80,80,80,80,80,80,40,40,40,40,40,40,40],"card_choices":[{"not_picked":["Twin Strike","Corruption"],"picked":"Body Slam","floor":1},{"not_picked":["Heavy Blade","Armaments"],"picked":"Cleave","floor":2},{"not_picked":["Warcry","Ghostly Armor"],"picked":"Cleave","floor":7},{"not_picked":["Shockwave","Clothesline"],"picked":"Inflame","floor":8},{"not_picked":["Flex","Sentinel"],"picked":"Body Slam","floor":12},{"not_picked":["Spot Weakness","Anger"],"picked":"Barricade","floor":13},{"not_picked":["Dark Embrace","Double Tap"],"picked":"Juggernaut","floor":16},{"not_picked":["Anger","Cleave+1","Thunderclap"],"picked":"SKIP","floor":18},{"not_picked":["Intimidate","Sword Boomerang"],"picked":"Body Slam","floor":22},{"not_picked":["Reckless Charge","Sword Boomerang"],"picked":"Flame Barrier+1","floor":23},{"not_picked":["Fire Breathing","Clash"],"picked":"Feed","floor":25}],"player_experience":1439338,"relics_obtained":[{"floor":7,"key":"War Paint"},{"floor":9,"key":"Boot"},{"floor":12,"key":"PreservedInsect"},{"floor":23,"key":"Paper Frog"},{"floor":25,"key":"Pantograph"},{"floor":26,"key":"Blue Candle"}],"event_choices":[{"cards_removed":["Strike_R"],"damage_healed":0,"gold_gain":0,"player_choice":"Card Removal","damage_taken":7,"max_hp_gain":0,"max_hp_loss":0,"event_name":"Golden Wing","floor":4,"gold_loss":0},{"damage_healed":0,"gold_gain":0,"player_choice":"Entered Light","damage_taken":16,"max_hp_gain":0,"max_hp_loss":0,"event_name":"Shining Light","floor":5,"gold_loss":0,"cards_upgraded":["Strike_R","Strike_R"]},{"damage_healed":0,"gold_gain":0,"player_choice":"Box","damage_taken":0,"relics_obtained":["Kunai"],"max_hp_gain":0,"max_hp_loss":0,"event_name":"Big Fish","floor":11,"gold_loss":0,"cards_obtained":["Regret"]},{"damage_healed":0,"gold_gain":0,"cards_transformed":["Strike_R"],"player_choice":"Transformed","damage_taken":0,"max_hp_gain":0,"max_hp_loss":0,"event_name":"Transmorgrifier","floor":14,"gold_loss":0,"cards_obtained":["Searing Blow"]},{"damage_healed":0,"gold_gain":0,"player_choice":"Opened","damage_taken":0,"relics_obtained":["Dodecahedron"],"max_hp_gain":0,"max_hp_loss":0,"event_name":"The Mausoleum","floor":20,"gold_loss":0,"cards_obtained":["Writhe"]},{"damage_healed":0,"gold_gain":0,"player_choice":"Became a Ghost","damage_taken":0,"max_hp_gain":0,"max_hp_loss":40,"event_name":"Ghosts","floor":24,"gold_loss":0,"cards_obtained":["Ghostly","Ghostly","Ghostly","Ghostly","Ghostly"]},{"cards_removed":["Writhe"],"damage_healed":0,"gold_gain":0,"player_choice":"Gave Gold","damage_taken":0,"max_hp_gain":0,"max_hp_loss":0,"event_name":"Beggar","floor":27,"gold_loss":75},{"cards_removed":["Juggernaut"],"damage_healed":0,"gold_gain":0,"player_choice":"Gave Card","damage_taken":0,"relics_obtained":["WingedGreaves"],"max_hp_gain":0,"max_hp_loss":0,"event_name":"WeMeetAgain","floor":28,"gold_loss":0}],"is_beta":false,"boss_relics":[{"not_picked":["Ectoplasm","Fusion Hammer"],"picked":"Runic Pyramid"}],"items_purged_floors":[19],"is_endless":false,"potions_floor_spawned":[2,8,12,13,22],"killed_by":"Chosen and Byrds","ascension_level":10}