{"gold_per_floor":[119,119,119,136,61,61,96,96,96,96,130,145,70,95,95,169,169,185,100,112,65,76,76,32,67,91,102,117,117,117,130,130,204,204,223,238,251,251,275,275,301,313,313,313,313,142,162,197,197,197,197,197,197,36,61,61],"floor_reached":56,"playtime":2389,"items_purged":["Strike_B"],"score":2107,"play_id":"cfde1f96-f3bd-4d7d-a3b6-7a48b3b15396","local_time":"20190513215249","is_ascension_mode":true,"campfire_choices":[{"data":"Zap","floor":6.0,"key":"SMITH"},{"data":"Dualcast","floor":8.0,"key":"SMITH"},{"data":"Turbo","floor":10.0,"key":"SMITH"},{"data":"Consume","floor":15.0,"key":"SMITH"},{"data":"Fission","floor":23.0,"key":"SMITH"},{"data":"Coolheaded","floor":29.0,"key":"SMITH"},{"data":"Turbo","floor":32.0,"key":"SMITH"},{"data":"Coolheaded","floor":40.0,"key":"SMITH"},{"data":"Capacitor","floor":44.0,"key":"SMITH"},{"floor":49.0,"key":"RECALL"},{"data":"1","floor":53.0,"key":"LIFT"}],"neow_cost":"NONE","seed_source_timestamp":280917505597289,"circlet_count":0,"master_deck":["AscendersBane","Zap+1","Dualcast+1","Skim+1","Cold Snap+1","Self Repair+1","Turbo+1","Barrage+1","Consume+1","Cold Snap+1","Echo Form+1","Skim+1","Capacitor+1","Fission+1","Compile Driver+1","Turbo+1","Chill+1","Coolheaded+1","Gash+1","Sunder+1","Machine Learning+1","Glacier+1","Coolheaded+1","Glacier+1","All For One+1","Aggregate+1","Biased Cognition+1","Beam Cell+1","Go for the Eyes+1","Sunder+1","Meteor Strike+1","Double Energy+1","Glacier+1","Darkness+1","Amplify","White Noise"],"special_seed":0,"relics":["Cracked Core","NeowsBlessing","Girya","Molten Egg 2","Shuriken","Meat on the Bone","Orrery","MawBank","Happy Flower","Pandora\u0027s Box","Orichalcum","Bottled Tornado","Mark of the Bloom","Bag of Preparation","Lantern","Vajra"],"potions_floor_usage":[56],"damage_taken":[{"damage":0.0,"enemies":"2 Louse","floor":1.0,"turns":1.0},{"damage":0.0,"enemies":"Small Slimes","floor":4.0,"turns":1.0},{"damage":0.0,"enemies":"Gremlin Nob","floor":7.0,"turns":1.0},{"damage":5.0,"enemies":"3 Sentries","floor":11.0,"turns":3.0},{"damage":0.0,"enemies":"Cultist","floor":12.0,"turns":2.0},{"damage":11.0,"enemies":"Lagavulin","floor":14.0,"turns":6.0},{"damage":58.0,"enemies":"Hexaghost","floor":16.0,"turns":14.0},{"damage":27.0,"enemies":"2 Thieves","floor":18.0,"turns":4.0},{"damage":4.0,"enemies":"Chosen","floor":22.0,"turns":7.0},{"damage":25.0,"enemies":"Slavers","floor":25.0,"turns":6.0},{"damage":23.0,"enemies":"Centurion and Healer","floor":27.0,"turns":5.0},{"damage":9.0,"enemies":"Snecko","floor":28.0,"turns":6.0},{"damage":12.0,"enemies":"Shelled Parasite and Fungi","floor":31.0,"turns":6.0},{"damage":26.0,"enemies":"Automaton","floor":33.0,"turns":10.0},{"damage":16.0,"enemies":"3 Shapes","floor":35.0,"turns":2.0},{"damage":0.0,"enemies":"Orb Walker","floor":36.0,"turns":4.0},{"damage":18.0,"enemies":"Jaw Worm Horde","floor":37.0,"turns":4.0},{"damage":6.0,"enemies":"Nemesis","floor":41.0,"turns":8.0},{"damage":17.0,"enemies":"Transient","floor":42.0,"turns":6.0},{"damage":0.0,"enemies":"Maw","floor":47.0,"turns":5.0},{"damage":0.0,"enemies":"Reptomancer","floor":48.0,"turns":5.0},{"damage":0.0,"enemies":"Time Eater","floor":50.0,"turns":16.0},{"damage":1.0,"enemies":"Awakened One","floor":51.0,"turns":7.0},{"damage":14.0,"enemies":"Shield and Spear","floor":55.0,"turns":5.0},{"damage":26,"enemies":"The Heart","floor":56,"turns":6}],"seed_played":"-4500575975454344530","potions_obtained":[{"floor":4.0,"key":"Block Potion"},{"floor":7.0,"key":"PowerPotion"},{"floor":12.0,"key":"Poison Potion"},{"floor":16.0,"key":"LiquidBronze"},{"floor":22.0,"key":"Dexterity Potion"},{"floor":31.0,"key":"Explosive Potion"}],"is_trial":false,"path_per_floor":["M","?","?","M","$","R","E","R","T","R","E","M","$","E","R","B",null,"M","?","?","$","M","R","$","E","T","M","M","R","?","M","R","B",null,"M","M","M","?","T","R","E","M","T","R","?","$","M","E","R","B","B",null,"R","$","E","B"],"character_chosen":"DEFECT","items_purchased":["Self Repair","Coolheaded","Sunder+1","Bag of Preparation","Amplify"],"campfire_rested":0,"item_purchase_floors":[5,21,24,46,54],"current_hp_per_floor":[64,57,57,57,57,57,57,57,57,57,59,66,66,62,62,23,59,51,51,51,51,54,54,54,48,48,44,54,54,71,66,66,40,63,54,61,43,43,43,43,44,39,39,39,39,39,39,39,39,39,38,38,38,38,24,0],"gold":61,"neow_bonus":"THREE_ENEMY_KILL","is_prod":false,"is_daily":false,"chose_seed":false,"campfire_upgraded":9,"win_rate":0,"timestamp":1557755569,"path_taken":["M","?","?","M","$","R","E","R","T","R","E","M","$","E","R","BOSS","M","?","?","$","?","R","$","E","T","?","M","R","?","M","R","BOSS","M","?","M","?","?","R","E","M","T","R","?","?","M","E","R","BOSS","BOSS","R","$","E","BOSS"],"build_version":"2019-01-23","purchased_purges":1,"victory":false,"max_hp_per_floor":[71,71,71,71,71,71,71,71,71,71,71,71,71,71,71,71,71,71,71,71,71,71,71,71,71,71,71,71,71,71,71,71,71,71,71,71,71,67,67,67,67,67,67,67,67,67,67,67,67,67,67,67,67,67,67,67],"card_choices":[{"not_picked":["Rebound","Scrape","Gash"],"picked":"SKIP","floor":1.0},{"not_picked":["Barrage","Rip and Tear"],"picked":"Cold Snap","floor":4.0},{"not_picked":["Stack","Amplify"],"picked":"Turbo","floor":7.0},{"not_picked":["Double Energy","Stack"],"picked":"Barrage+1","floor":11.0},{"not_picked":["Force Field","Stack"],"picked":"Consume","floor":12.0},{"not_picked":["Hyperbeam+1","Scrape+1"],"picked":"Cold Snap+1","floor":14.0},{"not_picked":["Fission","Core Surge+1"],"picked":"Echo Form","floor":16.0},{"not_picked":["White Noise","Hello World"],"picked":"Skim","floor":17.0},{"not_picked":["Barrage+1","Rebound+1"],"picked":"Capacitor","floor":17.0},{"not_picked":["Force Field","Sweeping Beam+1"],"picked":"Fission","floor":17.0},{"not_picked":["Beam Cell+1","Turbo"],"picked":"Compile Driver+1","floor":17.0},{"not_picked":["Sweeping Beam+1","Cold Snap+1"],"picked":"Turbo","floor":17.0},{"not_picked":["Stack","Hello World"],"picked":"Chill","floor":18.0},{"not_picked":["Barrage+1","Turbo"],"picked":"Gash+1","floor":22.0},{"not_picked":["Gash+1","Darkness"],"picked":"Machine Learning","floor":25.0},{"not_picked":["Cold Snap+1","Consume+1"],"picked":"Glacier","floor":27.0},{"not_picked":["Sunder+1","Rebound+1"],"picked":"Coolheaded","floor":28.0},{"not_picked":["Rip and Tear+1","Beam Cell+1"],"picked":"Glacier","floor":31.0},{"not_picked":["Multi-Cast","Echo Form"],"picked":"All For One+1","floor":33.0},{"not_picked":["Ball Lightning+1","Hello World","Compile Driver+1"],"picked":"SKIP","floor":35.0},{"not_picked":["Streamline+1","Steam Power"],"picked":"Meteor Strike+1","floor":36.0},{"not_picked":["Streamline+1","Self Repair"],"picked":"Double Energy","floor":37.0},{"not_picked":["Sweeping Beam+1","Static Discharge+1"],"picked":"Glacier","floor":41.0},{"not_picked":["Cold Snap+1","Steam","Barrage+1"],"picked":"SKIP","floor":42.0},{"not_picked":["Consume","Chill+1","Redo"],"picked":"SKIP","floor":47.0},{"not_picked":["Leap","Hologram"],"picked":"Darkness+1","floor":48.0},{"not_picked":["Gash+1","Leap"],"picked":"White Noise","floor":55.0}],"player_experience":1653081,"relics_obtained":[{"floor":7.0,"key":"Girya"},{"floor":9.0,"key":"Molten Egg 2"},{"floor":11.0,"key":"Shuriken"},{"floor":14.0,"key":"Meat on the Bone"},{"floor":26.0,"key":"Happy Flower"},{"floor":41.0,"key":"Orichalcum"},{"floor":43.0,"key":"Bottled Tornado"},{"floor":48.0,"key":"Lantern"},{"floor":55.0,"key":"Vajra"}],"event_choices":[{"cards_removed":["Strike_B"],"damage_healed":0.0,"max_hp_gain":0.0,"max_hp_loss":0.0,"gold_gain":0.0,"event_name":"Golden Wing","player_choice":"Card Removal","floor":2.0,"gold_loss":0.0,"damage_taken":7.0},{"damage_healed":0.0,"max_hp_gain":0.0,"max_hp_loss":0.0,"gold_gain":0.0,"cards_transformed":["Strike_B"],"event_name":"Living Wall","player_choice":"Change","floor":3.0,"gold_loss":0.0,"damage_taken":0.0,"cards_obtained":["Skim"]},{"damage_healed":0.0,"max_hp_gain":0.0,"max_hp_loss":0.0,"gold_gain":0.0,"event_name":"Addict","player_choice":"Obtained Relic","floor":19.0,"gold_loss":85.0,"damage_taken":0.0,"relics_obtained":["MawBank"]},{"damage_healed":0.0,"max_hp_gain":0.0,"max_hp_loss":0.0,"gold_gain":0.0,"event_name":"WeMeetAgain","player_choice":"Ignored","floor":20.0,"gold_loss":0.0,"damage_taken":0.0},{"damage_healed":17.0,"max_hp_gain":0.0,"max_hp_loss":0.0,"gold_gain":0.0,"event_name":"Wheel of Change","player_choice":"Full Heal","floor":30.0,"gold_loss":0.0,"damage_taken":0.0},{"damage_healed":0.0,"max_hp_gain":0.0,"max_hp_loss":4.0,"gold_gain":0.0,"event_name":"Winding Halls","player_choice":"Max HP","floor":38.0,"gold_loss":0.0,"damage_taken":0.0},{"damage_healed":0.0,"max_hp_gain":0.0,"max_hp_loss":0.0,"gold_gain":0.0,"event_name":"MindBloom","player_choice":"Upgrade","floor":45.0,"gold_loss":0.0,"damage_taken":0.0,"cards_upgraded":["Skim","Cold Snap","Self Repair","Echo Form","Skim","Chill","Machine Learning","Glacier","Glacier","Aggregate","Biased Cognition","Double Energy","Glacier"],"relics_obtained":["Mark of the Bloom"]}],"is_beta":false,"boss_relics":[{"not_picked":["Lizard Tail","Philosopher\u0027s Stone"],"picked":"Orrery"},{"not_picked":["Calling Bell","White Beast Statue"],"picked":"Pandora\u0027s Box"}],"items_purged_floors":[13],"is_endless":false,"potions_floor_spawned":[4,7,12,16,22,31,33,35,36,41,47],"killed_by":"The Heart","ascension_level":20}