{"gold_per_floor":[114,128,78,153,153,153,185,185,237,237,262,262,333,52,52,177,177,196,181,36,36,36,36],"floor_reached":23,"playtime":758,"items_purged":[],"score":315,"play_id":"d4e61d8b-4c0e-4f22-844f-e48ebedbf5ba","local_time":"20190127184206","is_ascension_mode":true,"campfire_choices":[{"data":"Bash","floor":6,"key":"SMITH"},{"data":"Disarm","floor":10,"key":"SMITH"},{"floor":12,"key":"REST"},{"data":"Inflame","floor":15,"key":"SMITH"}],"neow_cost":"NONE","seed_source_timestamp":0,"circlet_count":0,"master_deck":["AscendersBane","Strike_R","Defend_R","Defend_R","Defend_R","Defend_R","Bash+1","Power Through","Heavy Blade","Disarm+1","Injury","Flame Barrier","Seeing Red","Flex","Inflame+1","Demon Form","Battle Trance+1","Perfected Strike+1","Seeing Red+1","Whirlwind","Heavy Blade","Reaper","J.A.X."],"special_seed":0,"relics":["Burning Blood","NeowsBlessing","Blue Candle","Dream Catcher","Golden Idol","Pen Nib","Pantograph","Lee\u0027s Waffle","Astrolabe"],"potions_floor_usage":[13,16],"damage_taken":[{"damage":0.0,"enemies":"Jaw Worm","floor":1.0,"turns":1.0},{"damage":0.0,"enemies":"2 Louse","floor":2.0,"turns":2.0},{"damage":0,"enemies":"Gremlin Nob","floor":7,"turns":1},{"damage":16,"enemies":"Small Slimes","floor":11,"turns":5},{"damage":31,"enemies":"Gremlin Nob","floor":13,"turns":6},{"damage":79,"enemies":"Slime Boss","floor":16,"turns":17},{"damage":8,"enemies":"Chosen","floor":18,"turns":4},{"damage":32,"enemies":"2 Thieves","floor":19,"turns":4},{"damage":41,"enemies":"Book of Stabbing","floor":23,"turns":5}],"seed_played":"1080323185078290784","potions_obtained":[{"floor":1.0,"key":"PowerPotion"},{"floor":2.0,"key":"Poison Potion"}],"is_trial":false,"path_per_floor":["M","M","?","?","?","R","E","?","T","R","M","R","?","$","R","B",null,"M","M","$","?","?","E"],"character_chosen":"IRONCLAD","items_purchased":["Lee\u0027s Waffle","Inflame","Reaper"],"campfire_rested":1,"item_purchase_floors":[14,14,20],"current_hp_per_floor":[78,80,80,69,51,51,57,57,57,57,47,71,46,87,87,14,69,67,41,41,41,41,0],"gold":36,"neow_bonus":"THREE_ENEMY_KILL","is_prod":false,"is_daily":false,"chose_seed":false,"campfire_upgraded":3,"win_rate":0,"timestamp":1548610926,"path_taken":["M","M","?","?","?","R","E","?","T","R","M","R","?","$","R","BOSS","M","M","$","?","?","E"],"build_version":"2019-01-23","purchased_purges":0,"victory":false,"max_hp_per_floor":[80,80,80,80,80,80,80,80,80,80,80,80,80,87,87,87,87,87,87,87,87,87,87],"card_choices":[{"not_picked":["Ghostly Armor","Entrench"],"picked":"Power Through","floor":1.0},{"not_picked":["Intimidate","Perfected Strike"],"picked":"Heavy Blade","floor":2.0},{"not_picked":["Body Slam","Twin Strike"],"picked":"Disarm","floor":7},{"not_picked":["Sword Boomerang","Blood for Blood"],"picked":"Flame Barrier","floor":11},{"not_picked":["Burning Pact","Searing Blow"],"picked":"Seeing Red","floor":12},{"not_picked":["Wild Strike","Clothesline"],"picked":"Flex","floor":13},{"not_picked":["Impervious","Barricade"],"picked":"Demon Form","floor":16},{"not_picked":["Clash+1","Rupture"],"picked":"Whirlwind","floor":18},{"not_picked":["Clothesline","Hemokinesis+1"],"picked":"Heavy Blade","floor":19}],"player_experience":1339968,"relics_obtained":[{"floor":7,"key":"Dream Catcher"},{"floor":9,"key":"Pen Nib"}],"event_choices":[{"cards_removed":["Strike_R"],"damage_healed":0.0,"max_hp_gain":0.0,"max_hp_loss":0.0,"gold_gain":0.0,"event_name":"The Cleric","player_choice":"Card Removal","floor":3.0,"gold_loss":50.0,"damage_taken":0.0},{"damage_healed":0.0,"max_hp_gain":0.0,"max_hp_loss":0.0,"gold_gain":75.0,"event_name":"World of Goop","player_choice":"Gather Gold","floor":4.0,"gold_loss":0.0,"damage_taken":11.0},{"damage_healed":0.0,"max_hp_gain":0.0,"max_hp_loss":0.0,"gold_gain":0.0,"event_name":"Scrap Ooze","player_choice":"Success","floor":5.0,"gold_loss":0.0,"damage_taken":18.0,"relics_obtained":["Blue Candle"]},{"damage_healed":0,"gold_gain":0,"player_choice":"Take Wound","damage_taken":0,"relics_obtained":["Golden Idol"],"max_hp_gain":0,"max_hp_loss":0,"event_name":"Golden Idol","floor":8,"gold_loss":0,"cards_obtained":["Injury"]},{"damage_healed":0,"gold_gain":0,"player_choice":"Searched \u00272\u0027 times","damage_taken":0,"relics_obtained":["Pantograph"],"max_hp_gain":0,"max_hp_loss":0,"event_name":"Dead Adventurer","floor":13,"gold_loss":0},{"damage_healed":0,"gold_gain":0,"player_choice":"Obtain J.A.X.","damage_taken":0,"max_hp_gain":0,"max_hp_loss":0,"event_name":"Drug Dealer","floor":21,"gold_loss":0,"cards_obtained":["J.A.X."]},{"damage_healed":0,"gold_gain":0,"player_choice":"Ignored","damage_taken":0,"max_hp_gain":0,"max_hp_loss":0,"event_name":"Ghosts","floor":22,"gold_loss":0}],"is_beta":false,"boss_relics":[{"not_picked":["Runic Pyramid","Ectoplasm"],"picked":"Astrolabe"}],"items_purged_floors":[],"is_endless":false,"potions_floor_spawned":[1,2],"killed_by":"Book of Stabbing","ascension_level":10}