{"gold_per_floor":[114,33,49,14,289,324,324,324,324,354,370,380,28,28,28,132,132,151,34,50,50,50],"floor_reached":22,"playtime":748,"items_purged":["Regret"],"score":288,"play_id":"62a4d09e-1a6c-40b8-874e-b0d2d1d1cf70","local_time":"20190323193100","is_ascension_mode":true,"campfire_choices":[{"floor":7,"key":"REST"},{"data":"Loop","floor":8,"key":"SMITH"},{"floor":15,"key":"REST"}],"neow_cost":"TEN_PERCENT_HP_LOSS","seed_source_timestamp":282202069405900,"circlet_count":0,"master_deck":["AscendersBane","Strike_B","Strike_B","Strike_B","Strike_B","Defend_B","Defend_B","Defend_B","Defend_B","Zap","Dualcast","Loop+1","Electrodynamics","Ball Lightning","Turbo","Auto Shields","Hologram","Turbo","Capacitor","Regret","Amplify","Static Discharge+1","Undo","Defragment","Coolheaded+1"],"relics":["Cracked Core","WingedGreaves","Lantern","Strawberry","Strange Spoon","Darkstone Periapt","Inserter","Nloth\u0027s Gift"],"potions_floor_usage":[10,16,22],"damage_taken":[{"damage":4,"enemies":"Small Slimes","floor":1,"turns":3},{"damage":0,"enemies":"2 Louse","floor":3,"turns":1},{"damage":22,"enemies":"3 Sentries","floor":6,"turns":4},{"damage":27,"enemies":"Lagavulin","floor":10,"turns":4},{"damage":1,"enemies":"Cultist","floor":11,"turns":4},{"damage":2,"enemies":"3 Louse","floor":12,"turns":2},{"damage":51,"enemies":"Slime Boss","floor":16,"turns":8},{"damage":37,"enemies":"2 Thieves","floor":18,"turns":3},{"damage":8,"enemies":"3 Byrds","floor":20,"turns":4},{"damage":21,"enemies":"Shelled Parasite and Fungi","floor":22,"turns":1}],"seed_played":"-2329353791764475912","potions_obtained":[{"floor":6,"key":"FocusPotion"},{"floor":12,"key":"Weak Potion"},{"floor":18,"key":"Poison Potion"}],"is_trial":false,"path_per_floor":["M","$","M","?","?","E","R","R","T","E","M","M","$","?","R","B",null,"M","$","M","?","M"],"character_chosen":"DEFECT","items_purchased":["Electrodynamics","Strange Spoon","Capacitor","Undo","Defragment"],"campfire_rested":2,"item_purchase_floors":[2,13,13,19,19],"current_hp_per_floor":[64,64,64,68,68,46,66,66,66,46,45,43,43,49,73,22,66,29,29,21,21,0],"gold":50,"neow_bonus":"ONE_RARE_RELIC","is_prod":false,"is_daily":false,"chose_seed":false,"campfire_upgraded":1,"win_rate":0,"timestamp":1553365860,"path_taken":["M","$","M","?","?","E","R","R","T","E","M","?","$","?","R","BOSS","M","$","M","?","?"],"build_version":"2019-01-23","purchased_purges":1,"victory":false,"max_hp_per_floor":[68,68,68,68,68,68,68,68,68,75,75,75,75,81,81,81,81,81,81,81,81,81],"card_choices":[{"not_picked":["Coolheaded","Conserve Battery"],"picked":"Loop","floor":1},{"not_picked":["Fusion","Beam Cell"],"picked":"Ball Lightning","floor":3},{"not_picked":["Redo","Compile Driver"],"picked":"Turbo","floor":6},{"not_picked":["Leap","Genetic Algorithm"],"picked":"Auto Shields","floor":10},{"not_picked":["Fission","Ball Lightning"],"picked":"Hologram","floor":11},{"not_picked":["Stack","Redo"],"picked":"Turbo","floor":12},{"not_picked":["Machine Learning","Fission"],"picked":"Amplify","floor":16},{"not_picked":["Capacitor","Streamline"],"picked":"Static Discharge+1","floor":18},{"not_picked":["Hello World+1","Rebound+1"],"picked":"Coolheaded+1","floor":20}],"player_experience":1565072,"relics_obtained":[{"floor":6,"key":"Lantern"},{"floor":9,"key":"Nunchaku"},{"floor":10,"key":"Strawberry"}],"event_choices":[{"damage_healed":17,"gold_gain":0,"player_choice":"Healed","damage_taken":0,"max_hp_gain":0,"max_hp_loss":0,"event_name":"The Cleric","floor":4,"gold_loss":35},{"damage_healed":0,"gold_gain":275,"player_choice":"Desecrate","damage_taken":0,"max_hp_gain":0,"max_hp_loss":0,"event_name":"Golden Shrine","floor":5,"gold_loss":0,"cards_obtained":["Regret"]},{"damage_healed":0,"gold_gain":0,"player_choice":"Box","damage_taken":0,"relics_obtained":["Darkstone Periapt"],"max_hp_gain":0,"max_hp_loss":0,"event_name":"Big Fish","floor":14,"gold_loss":0,"cards_obtained":["Regret"]},{"damage_healed":0,"gold_gain":0,"player_choice":"Traded Relic","damage_taken":0,"relics_obtained":["Nloth\u0027s Gift"],"max_hp_gain":0,"max_hp_loss":0,"event_name":"N\u0027loth","floor":21,"relics_lost":["Nunchaku"],"gold_loss":0}],"is_beta":false,"boss_relics":[{"not_picked":["Astrolabe","Empty Cage"],"picked":"Inserter"}],"items_purged_floors":[13],"is_endless":false,"potions_floor_spawned":[6,12,18],"killed_by":"Shelled Parasite and Fungi","ascension_level":10}