{"gold_per_floor":[117,35,35,35,35,35,73,117,117,138,138,159,159,178,178,178],"floor_reached":16,"playtime":760,"items_purged":[],"score":125,"play_id":"39bf7d34-c7ab-4c7d-bd1a-b94b4475643a","local_time":"20181101193801","is_ascension_mode":true,"campfire_choices":[{"data":"Armaments","floor":6,"key":"SMITH"},{"floor":13,"key":"REST"},{"data":"Barricade","floor":15,"key":"SMITH"}],"neow_cost":"NONE","seed_source_timestamp":253302855674800,"circlet_count":0,"master_deck":["Strike_R","Strike_R","Strike_R","Strike_R","Strike_R","Defend_R","Defend_R","Defend_R","Defend_R","Bash","Armaments+1","Rupture","Flex","Barricade+1","Body Slam","Entrench","Spot Weakness"],"relics":["Burning Blood","NeowsBlessing","Bag of Marbles","Golden Idol","Odd Mushroom","Champion Belt","Peace Pipe"],"potions_floor_usage":[8,16,16],"damage_taken":[{"damage":0,"enemies":"Jaw Worm","floor":1,"turns":1},{"damage":0,"enemies":"Cultist","floor":4,"turns":1},{"damage":9,"enemies":"The Mushroom Lair","floor":7,"turns":2},{"damage":26,"enemies":"3 Sentries","floor":8,"turns":11},{"damage":4,"enemies":"Small Slimes","floor":10,"turns":4},{"damage":6,"enemies":"Exordium Wildlife","floor":12,"turns":4},{"damage":13,"enemies":"3 Louse","floor":14,"turns":7},{"damage":70,"enemies":"Hexaghost","floor":16,"turns":15}],"seed_played":"2033874259511071043","potions_obtained":[{"floor":7,"key":"LiquidBronze"},{"floor":8,"key":"Explosive Potion"},{"floor":14,"key":"Dexterity Potion"}],"is_trial":false,"path_per_floor":["M","$","?","M","?","R","?","E","T","M","?","M","R","M","R"],"character_chosen":"IRONCLAD","items_purchased":["True Grit","Rupture"],"campfire_rested":1,"item_purchase_floors":[2,2],"current_hp_per_floor":[80,80,80,80,80,80,77,57,57,59,52,52,76,69,69,0],"gold":178,"neow_bonus":"THREE_ENEMY_KILL","is_prod":false,"is_daily":false,"chose_seed":false,"campfire_upgraded":2,"win_rate":0,"timestamp":1541097481,"path_taken":["M","$","?","?","?","R","?","E","T","M","?","M","R","?","R","BOSS"],"build_version":"2018-10-25v2","purchased_purges":0,"victory":false,"max_hp_per_floor":[80,80,80,80,80,80,80,80,80,80,80,80,80,80,80,80],"card_choices":[{"not_picked":["Perfected Strike","True Grit"],"picked":"Armaments","floor":1},{"not_picked":["Sever Soul","Fire Breathing","Cleave"],"picked":"SKIP","floor":4},{"not_picked":["Anger","Shrug It Off"],"picked":"Flex","floor":7},{"not_picked":["Iron Wave","Warcry"],"picked":"Barricade","floor":8},{"not_picked":["Headbutt","Iron Wave"],"picked":"Body Slam","floor":10},{"not_picked":["Flex","Burning Pact"],"picked":"Entrench","floor":12},{"not_picked":["Flex","Havoc"],"picked":"Spot Weakness","floor":14}],"player_experience":828464,"relics_obtained":[{"floor":7,"key":"Odd Mushroom"},{"floor":8,"key":"Champion Belt"},{"floor":9,"key":"Peace Pipe"}],"event_choices":[{"cards_removed":["True Grit"],"damage_healed":0,"gold_gain":0,"player_choice":"Gave Card","damage_taken":0,"relics_obtained":["Bag of Marbles"],"max_hp_gain":0,"max_hp_loss":0,"event_name":"WeMeetAgain","floor":3,"gold_loss":0},{"damage_healed":0,"gold_gain":0,"player_choice":"Take Wound","damage_taken":0,"relics_obtained":["Golden Idol"],"max_hp_gain":0,"max_hp_loss":0,"event_name":"Golden Idol","floor":5,"gold_loss":0,"cards_obtained":["Injury"]},{"damage_healed":0,"gold_gain":0,"player_choice":"Fought Mushrooms","damage_taken":0,"max_hp_gain":0,"max_hp_loss":0,"event_name":"Mushrooms","floor":7,"gold_loss":0},{"cards_removed":["Injury"],"damage_healed":0,"gold_gain":0,"player_choice":"Card Removal","damage_taken":7,"max_hp_gain":0,"max_hp_loss":0,"event_name":"Golden Wing","floor":11,"gold_loss":0}],"is_beta":false,"boss_relics":[],"items_purged_floors":[],"is_endless":false,"potions_floor_spawned":[7,8,14],"killed_by":"Hexaghost","ascension_level":5}