{"gold_per_floor":[112,112,128,78,0,30,30,59,83,83,83,105,105,120,120,218,218,232,232],"floor_reached":19,"playtime":658,"items_purged":[],"score":407,"play_id":"4b9fee04-979e-449b-a16b-64325e5aeae7","local_time":"20190506202122","is_ascension_mode":true,"campfire_choices":[{"floor":13,"key":"REST"},{"data":"Accuracy","floor":15,"key":"SMITH"}],"neow_cost":"NONE","seed_source_timestamp":110396268803100,"circlet_count":0,"master_deck":["AscendersBane","Defend_G","Defend_G+1","Defend_G","Defend_G","Defend_G","Strike_G","Strike_G","Strike_G","Strike_G","Survivor","Neutralize","Sucker Punch","Catalyst","Skewer","Cloak And Dagger+1","Infinite Blades","Regret","Accuracy+1","Burst","A Thousand Cuts","Normality","Normality","Writhe"],"relics":["Ring of the Snake","NeowsBlessing","War Paint","Pantograph","Regal Pillow","Anchor","Odd Mushroom","Calling Bell","Dream Catcher","Mercury Hourglass","Nunchaku"],"potions_floor_usage":[8,8,18],"damage_taken":[{"damage":0,"enemies":"2 Louse","floor":1,"turns":1},{"damage":0,"enemies":"Cultist","floor":3,"turns":1},{"damage":0,"enemies":"Gremlin Nob","floor":6,"turns":1},{"damage":22,"enemies":"3 Sentries","floor":8,"turns":11},{"damage":24,"enemies":"The Mushroom Lair","floor":12,"turns":6},{"damage":2,"enemies":"Jaw Worm","floor":14,"turns":4},{"damage":49,"enemies":"Slime Boss","floor":16,"turns":9},{"damage":50,"enemies":"Spheric Guardian","floor":18,"turns":6},{"damage":11,"enemies":"Chosen","floor":19,"turns":4}],"seed_played":"-8195050759590795393","potions_obtained":[{"floor":2,"key":"GhostInAJar"},{"floor":2,"key":"Strength Potion"},{"floor":16,"key":"Strength Potion"}],"is_trial":false,"path_per_floor":["M","?","M","?","$","E","$","E","T","?","?","?","R","M","R","B",null,"M","M"],"character_chosen":"THE_SILENT","items_purchased":["Skewer"],"campfire_rested":1,"item_purchase_floors":[5],"current_hp_per_floor":[63,63,63,63,63,63,63,41,41,41,41,17,53,51,51,21,58,8,0],"gold":232,"neow_bonus":"THREE_ENEMY_KILL","is_prod":false,"is_daily":false,"chose_seed":false,"campfire_upgraded":1,"win_rate":0,"timestamp":1557166882,"path_taken":["M","?","?","?","$","E","$","E","T","?","?","?","R","?","R","BOSS","M","?"],"build_version":"2019-01-23","purchased_purges":0,"victory":false,"max_hp_per_floor":[70,70,70,70,70,70,70,70,70,70,70,70,70,70,70,70,70,70,70],"card_choices":[{"not_picked":["PiercingWail","Expertise"],"picked":"Sucker Punch","floor":1},{"not_picked":["All Out Attack","Reflex"],"picked":"Catalyst","floor":3},{"not_picked":["Caltrops","Underhanded Strike"],"picked":"Cloak And Dagger","floor":6},{"not_picked":["Backflip","Poisoned Stab"],"picked":"Infinite Blades","floor":8},{"not_picked":["Dodge and Roll","Deflect"],"picked":"Accuracy","floor":12},{"not_picked":["Deflect","Backflip"],"picked":"Burst","floor":14},{"not_picked":["Adrenaline","Venomology"],"picked":"A Thousand Cuts","floor":16},{"not_picked":["Predator","Expertise","PiercingWail"],"picked":"SKIP","floor":18}],"player_experience":1827793,"relics_obtained":[{"floor":6,"key":"War Paint"},{"floor":8,"key":"Pantograph"},{"floor":9,"key":"Regal Pillow"},{"floor":12,"key":"Odd Mushroom"},{"floor":17,"key":"Dream Catcher"},{"floor":17,"key":"Mercury Hourglass"},{"floor":17,"key":"Nunchaku"}],"event_choices":[{"damage_healed":0,"gold_gain":0,"player_choice":"Got Potions","damage_taken":0,"max_hp_gain":0,"max_hp_loss":0,"event_name":"Lab","floor":2,"gold_loss":0},{"cards_removed":["Strike_G"],"damage_healed":0,"gold_gain":0,"player_choice":"Card Removal","damage_taken":0,"max_hp_gain":0,"max_hp_loss":0,"event_name":"The Cleric","floor":4,"gold_loss":50},{"damage_healed":0,"gold_gain":0,"player_choice":"Ignored","damage_taken":0,"max_hp_gain":0,"max_hp_loss":0,"event_name":"Golden Wing","floor":10,"gold_loss":0},{"damage_healed":0,"gold_gain":0,"player_choice":"Box","damage_taken":0,"relics_obtained":["Anchor"],"max_hp_gain":0,"max_hp_loss":0,"event_name":"Big Fish","floor":11,"gold_loss":0,"cards_obtained":["Regret"]},{"damage_healed":0,"gold_gain":0,"player_choice":"Fought Mushrooms","damage_taken":0,"max_hp_gain":0,"max_hp_loss":0,"event_name":"Mushrooms","floor":12,"gold_loss":0}],"is_beta":false,"boss_relics":[{"not_picked":["Runic Pyramid","HoveringKite"],"picked":"Calling Bell"}],"items_purged_floors":[],"is_endless":false,"potions_floor_spawned":[3,6,16],"killed_by":"Chosen","ascension_level":11}