{"gold_per_floor":[109,109,109,184,202,202,232,232,255,255,255,271,295,117,117,248,248,262,188,188,224,240,240,240,279,279,297,297,15,15,30,30,156,156,170,170,170,295,168,168,187,187,187,208,208,224,243,243,243,243],"floor_reached":51,"playtime":2507,"items_purged":["Injury","Pain"],"score":686,"play_id":"aa7f40e9-a512-4c95-a58d-b67a17198756","local_time":"20190306003115","is_ascension_mode":false,"campfire_choices":[{"data":"Neutralize","floor":6,"key":"SMITH"},{"floor":10,"key":"REST"},{"floor":15,"key":"REST"},{"data":"Footwork","floor":23,"key":"SMITH"},{"data":"Glass Knife","floor":28,"key":"SMITH"},{"data":"Apotheosis","floor":30,"key":"SMITH"},{"floor":32,"key":"REST"},{"data":"Strike_G","floor":40,"key":"PURGE"},{"data":"Strike_G","floor":42,"key":"PURGE"},{"data":"Strike_G","floor":45,"key":"PURGE"},{"floor":49,"key":"REST"}],"neow_cost":"NONE","seed_source_timestamp":0,"circlet_count":0,"master_deck":["Defend_G","Defend_G","Defend_G","Defend_G","Defend_G","Survivor","Neutralize+1","Quick Slash+1","Deflect","Dagger Throw","Poisoned Stab","Cloak And Dagger","Dagger Throw","Accuracy","Glass Knife+1","Tactician+1","Footwork+1","Dodge and Roll+1","Poisoned Stab+1","Escape Plan+1","Apotheosis+1","Dagger Spray","Tools of the Trade","Deflect+1","Secret Weapon","Backflip","Accuracy","Cloak And Dagger","Infinite Blades","Underhanded Strike+1","Masterful Stab+1","Flying Knee+1"],"special_seed":0,"relics":["Ring of the Serpent","Bag of Marbles","Vajra","Dodecahedron","Golden Idol","Bag of Preparation","Sozu","Red Mask","WarpedTongs","Boot","Thread and Needle","Peace Pipe","Sundial"],"potions_floor_usage":[16,16,31],"damage_taken":[{"damage":0,"enemies":"2 Louse","floor":1,"turns":2},{"damage":0,"enemies":"Small Slimes","floor":5,"turns":3},{"damage":33,"enemies":"3 Sentries","floor":7,"turns":10},{"damage":0,"enemies":"Cultist","floor":12,"turns":2},{"damage":1,"enemies":"Red Slaver","floor":13,"turns":2},{"damage":31,"enemies":"Hexaghost","floor":16,"turns":12},{"damage":2,"enemies":"Shell Parasite","floor":18,"turns":3},{"damage":6,"enemies":"Masked Bandits","floor":21,"turns":4},{"damage":2,"enemies":"3 Byrds","floor":22,"turns":4},{"damage":10,"enemies":"Slavers","floor":25,"turns":4},{"damage":5,"enemies":"3 Cultists","floor":27,"turns":6},{"damage":0,"enemies":"Cultist and Chosen","floor":31,"turns":6},{"damage":30,"enemies":"Automaton","floor":33,"turns":12},{"damage":0,"enemies":"3 Shapes","floor":35,"turns":4},{"damage":0,"enemies":"Mind Bloom Boss Battle","floor":38,"turns":5},{"damage":0,"enemies":"Orb Walker","floor":41,"turns":3},{"damage":0,"enemies":"Spire Growth","floor":44,"turns":5},{"damage":0,"enemies":"Maw","floor":46,"turns":5},{"damage":5,"enemies":"3 Darklings","floor":47,"turns":5},{"damage":24,"enemies":"Awakened One","floor":50,"turns":15}],"seed_played":"291859264287842105","potions_obtained":[{"floor":7,"key":"Weak Potion"},{"floor":12,"key":"SteroidPotion"},{"floor":13,"key":"Swift Potion"},{"floor":16,"key":"Swift Potion"}],"is_trial":false,"path_per_floor":["M","?","?","?","M","R","E","?","T","R","?","M","M","$","R","B",null,"M","$","?","?","M","R","?","E","T","M","R","$","R","M","R","B",null,"M","?","?","?","$","R","M","R","T","M","R","M","M","$","R","B",null],"character_chosen":"THE_SILENT","items_purchased":["Dagger Throw","Accuracy","Footwork","Apotheosis","Accuracy","Cloak And Dagger"],"campfire_rested":4,"item_purchase_floors":[14,14,19,29,39,39],"current_hp_per_floor":[70,63,63,52,52,52,19,19,19,40,40,40,39,39,60,29,70,68,68,68,62,60,60,60,50,50,45,45,45,45,45,66,36,70,70,70,70,70,70,70,70,70,70,70,70,70,65,65,70,46],"gold":243,"neow_bonus":"RANDOM_COMMON_RELIC","is_prod":false,"is_daily":false,"chose_seed":false,"campfire_upgraded":4,"win_rate":0,"timestamp":1551861075,"path_taken":["M","?","?","?","M","R","E","?","T","R","?","M","?","$","R","BOSS","M","$","?","?","M","R","?","E","T","M","R","$","R","?","R","BOSS","M","?","?","?","$","R","M","R","T","?","R","M","M","?","R","BOSS"],"build_version":"2019-01-23","purchased_purges":2,"victory":true,"max_hp_per_floor":[70,70,70,70,70,70,70,70,70,70,70,70,70,70,70,70,70,70,70,70,70,70,70,70,70,70,70,70,70,70,70,70,70,70,70,70,70,70,70,70,70,70,70,70,70,70,70,70,70,70],"card_choices":[{"not_picked":["Riddle With Holes","Caltrops"],"picked":"Quick Slash","floor":1},{"not_picked":["Blade Dance","Outmaneuver"],"picked":"Deflect","floor":5},{"not_picked":["Underhanded Strike","Outmaneuver"],"picked":"Dagger Throw","floor":7},{"not_picked":["Poisoned Stab","Outmaneuver","Blade Dance"],"picked":"SKIP","floor":12},{"not_picked":["Flying Knee","Deadly Poison"],"picked":"Cloak And Dagger","floor":13},{"not_picked":["Night Terror","Bullet Time"],"picked":"Glass Knife","floor":16},{"not_picked":["Deflect","Sucker Punch"],"picked":"Tactician+1","floor":18},{"not_picked":["Bane+1","Finisher"],"picked":"Dodge and Roll+1","floor":21},{"not_picked":["Bane","Accuracy"],"picked":"Poisoned Stab+1","floor":22},{"not_picked":["Poisoned Stab+1","Dagger Spray"],"picked":"Escape Plan+1","floor":25},{"not_picked":["Crippling Poison","Sucker Punch","Calculated Gamble"],"picked":"SKIP","floor":27},{"not_picked":["Deflect","Wraith Form v2"],"picked":"Dagger Spray","floor":31},{"not_picked":["Night Terror","Doppelganger"],"picked":"Tools of the Trade","floor":33},{"not_picked":["PiercingWail+1","Underhanded Strike"],"picked":"Deflect+1","floor":35},{"not_picked":["Madness","Mayhem"],"picked":"Secret Weapon","floor":37},{"not_picked":["Bane+1","Prepared"],"picked":"Backflip","floor":38},{"not_picked":["Slice+1","Underhanded Strike+1"],"picked":"Infinite Blades","floor":41},{"not_picked":["Deadly Poison+1","Prepared"],"picked":"Underhanded Strike+1","floor":44},{"not_picked":["Underhanded Strike","PiercingWail"],"picked":"Masterful Stab+1","floor":46},{"not_picked":["Slice+1","Eviscerate"],"picked":"Flying Knee+1","floor":47}],"player_experience":276681,"relics_obtained":[{"floor":7,"key":"Dodecahedron"},{"floor":9,"key":"Bag of Preparation"},{"floor":21,"key":"Red Mask"},{"floor":25,"key":"Boot"},{"floor":26,"key":"Thread and Needle"},{"floor":38,"key":"Peace Pipe"},{"floor":43,"key":"Sundial"}],"event_choices":[{"damage_healed":0,"gold_gain":0,"player_choice":"Success","damage_taken":7,"relics_obtained":["Vajra"],"max_hp_gain":0,"max_hp_loss":0,"event_name":"Scrap Ooze","floor":2,"gold_loss":0},{"damage_healed":0,"gold_gain":0,"player_choice":"Grow","damage_taken":0,"max_hp_gain":0,"max_hp_loss":0,"event_name":"Living Wall","floor":3,"gold_loss":0,"cards_upgraded":["Quick Slash"]},{"damage_healed":0,"gold_gain":75,"player_choice":"Gather Gold","damage_taken":11,"max_hp_gain":0,"max_hp_loss":0,"event_name":"World of Goop","floor":4,"gold_loss":0},{"damage_healed":0,"gold_gain":0,"player_choice":"Take Wound","damage_taken":0,"relics_obtained":["Golden Idol"],"max_hp_gain":0,"max_hp_loss":0,"event_name":"Golden Idol","floor":8,"gold_loss":0,"cards_obtained":["Injury"]},{"damage_healed":0,"gold_gain":0,"cards_transformed":["Strike_G"],"player_choice":"Transformed","damage_taken":0,"max_hp_gain":0,"max_hp_loss":0,"event_name":"Transmorgrifier","floor":11,"gold_loss":0,"cards_obtained":["Poisoned Stab"]},{"damage_healed":0,"gold_gain":0,"player_choice":"Ignored","damage_taken":0,"max_hp_gain":0,"max_hp_loss":0,"event_name":"Ghosts","floor":20,"gold_loss":0},{"damage_healed":0,"gold_gain":0,"player_choice":"Fought Bandits","damage_taken":0,"max_hp_gain":0,"max_hp_loss":0,"event_name":"Masked Bandits","floor":21,"gold_loss":0},{"damage_healed":0,"gold_gain":0,"player_choice":"Rummage","damage_taken":0,"relics_obtained":["WarpedTongs"],"max_hp_gain":0,"max_hp_loss":0,"event_name":"Accursed Blacksmith","floor":24,"gold_loss":0,"cards_obtained":["Pain"]},{"cards_removed":["Strike_G"],"damage_healed":0,"gold_gain":0,"player_choice":"Removed Attack","damage_taken":0,"max_hp_gain":0,"max_hp_loss":0,"event_name":"Falling","floor":36,"gold_loss":0},{"damage_healed":0,"gold_gain":0,"player_choice":"Memory 1","damage_taken":0,"max_hp_gain":0,"max_hp_loss":0,"event_name":"SensoryStone","floor":37,"gold_loss":0},{"damage_healed":0,"gold_gain":0,"player_choice":"Fight","damage_taken":0,"max_hp_gain":0,"max_hp_loss":0,"event_name":"MindBloom","floor":38,"gold_loss":0}],"is_beta":false,"boss_relics":[{"not_picked":["Velvet Choker","Coffee Dripper"],"picked":"Sozu"},{"not_picked":["Eternal Feather","HoveringKite"],"picked":"Ring of the Serpent"}],"items_purged_floors":[14,29],"is_endless":false,"potions_floor_spawned":[7,12,13,16,22,44,46],"ascension_level":0}