{"gold_per_floor":[119,138,148,168,198,226,244,257,280,290,290,306,306,322,322,322],"floor_reached":16,"playtime":867,"items_purged":[],"score":108,"play_id":"adb43d24-b01b-4edf-ad88-aa47fbe0cc2a","local_time":"20190303104446","is_ascension_mode":false,"campfire_choices":[{"floor":11,"key":"REST"},{"floor":13,"key":"REST"},{"floor":15,"key":"RECALL"}],"neow_cost":"NONE","seed_source_timestamp":184877557399086,"circlet_count":0,"master_deck":["Strike_B","Strike_B","Strike_B","Strike_B","Defend_B","Defend_B","Defend_B","Defend_B","Zap","Dualcast","Rebound","Beam Cell","Rebound","Conserve Battery","Streamline","Go for the Eyes","Streamline","Leap","Stack","Sunder"],"relics":["Eternal Feather","Tiny Chest","Incense Burner","Strawberry"],"potions_floor_usage":[14,16],"damage_taken":[{"damage":6,"enemies":"2 Louse","floor":1,"turns":2},{"damage":1,"enemies":"Cultist","floor":2,"turns":3},{"damage":6,"enemies":"Jaw Worm","floor":3,"turns":4},{"damage":9,"enemies":"3 Louse","floor":4,"turns":4},{"damage":23,"enemies":"Lagavulin","floor":6,"turns":5},{"damage":16,"enemies":"Large Slime","floor":7,"turns":3},{"damage":0,"enemies":"Looter","floor":8,"turns":3},{"damage":11,"enemies":"Exordium Wildlife","floor":10,"turns":3},{"damage":8,"enemies":"Gremlin Gang","floor":12,"turns":5},{"damage":11,"enemies":"Lots of Slimes","floor":14,"turns":4},{"damage":70,"enemies":"The Guardian","floor":16,"turns":9}],"seed_played":"7721408991826082578","potions_obtained":[{"floor":3,"key":"LiquidBronze"},{"floor":4,"key":"SmokeBomb"},{"floor":12,"key":"Poison Potion"},{"floor":14,"key":"LiquidBronze"}],"is_trial":false,"path_per_floor":["M","M","M","M","?","E","M","M","T","M","R","M","R","M","R","B"],"character_chosen":"DEFECT","items_purchased":[],"campfire_rested":2,"item_purchase_floors":[],"current_hp_per_floor":[69,68,62,53,53,30,14,14,21,10,43,35,68,57,69,0],"gold":322,"neow_bonus":"BOSS_RELIC","is_prod":false,"is_daily":false,"chose_seed":false,"campfire_upgraded":0,"win_rate":0,"timestamp":1551638686,"path_taken":["M","M","M","M","?","E","M","M","T","?","R","M","R","M","R","BOSS"],"build_version":"2019-01-23","purchased_purges":0,"victory":false,"max_hp_per_floor":[75,75,75,75,75,75,75,75,82,82,82,82,82,82,82,82],"card_choices":[{"not_picked":["Cold Snap","Coolheaded"],"picked":"Rebound","floor":1},{"not_picked":["Tempest","Redo"],"picked":"Beam Cell","floor":2},{"not_picked":["Barrage","Stack"],"picked":"Rebound","floor":3},{"not_picked":["Barrage","Amplify"],"picked":"Conserve Battery","floor":4},{"not_picked":["Go for the Eyes","Melter"],"picked":"Streamline","floor":6},{"not_picked":["Darkness","Turbo"],"picked":"Go for the Eyes","floor":7},{"not_picked":["Hologram","Heatsinks"],"picked":"Streamline","floor":8},{"not_picked":["Chill","Doom and Gloom"],"picked":"Leap","floor":10},{"not_picked":["Cold Snap","Coolheaded"],"picked":"Stack","floor":12},{"not_picked":["Barrage","Coolheaded"],"picked":"Sunder","floor":14}],"player_experience":943698,"relics_obtained":[{"floor":6,"key":"Incense Burner"},{"floor":9,"key":"Strawberry"}],"event_choices":[{"damage_healed":0,"gold_gain":0,"player_choice":"Gave Potion","damage_taken":0,"relics_obtained":["Tiny Chest"],"max_hp_gain":0,"max_hp_loss":0,"event_name":"WeMeetAgain","floor":5,"gold_loss":0}],"is_beta":false,"boss_relics":[],"items_purged_floors":[],"is_endless":false,"potions_floor_spawned":[3,4,12,14],"killed_by":"The Guardian","ascension_level":0}