{"gold_per_floor":[116,116,116,134,145,173,173,191,191,220,239,251,251,263,263,263],"floor_reached":16,"playtime":440,"items_purged":[],"score":194,"play_id":"34e45756-c88b-447a-bca1-5680df8b2100","local_time":"20190413172428","is_ascension_mode":true,"campfire_choices":[{"floor":7,"key":"REST"},{"floor":13,"key":"REST"},{"floor":15,"key":"REST"}],"neow_cost":"NONE","seed_source_timestamp":233469452300800,"circlet_count":0,"master_deck":["AscendersBane","Strike_R","Strike_R","Strike_R","Strike_R","Defend_R","Defend_R","Defend_R","Defend_R","Bash","Pummel","Searing Blow+1","Sword Boomerang+1","Whirlwind+1","Flex","Dual Wield","Whirlwind+1","Spot Weakness+1","Pommel Strike+1","Corruption"],"relics":["Burning Blood","NeowsBlessing","Molten Egg 2","Darkstone Periapt","Toxic Egg 2","Bronze Scales"],"potions_floor_usage":[6,6,10,14,16],"damage_taken":[{"damage":0,"enemies":"2 Louse","floor":1,"turns":1},{"damage":0,"enemies":"Small Slimes","floor":4,"turns":1},{"damage":0,"enemies":"Jaw Worm","floor":5,"turns":1},{"damage":40,"enemies":"Lagavulin","floor":6,"turns":6},{"damage":21,"enemies":"Large Slime","floor":8,"turns":4},{"damage":30,"enemies":"3 Sentries","floor":10,"turns":5},{"damage":13,"enemies":"Red Slaver","floor":11,"turns":3},{"damage":15,"enemies":"Lots of Slimes","floor":12,"turns":2},{"damage":0,"enemies":"Blue Slaver","floor":14,"turns":1},{"damage":69,"enemies":"Slime Boss","floor":16,"turns":6}],"seed_played":"10626603929114961","potions_obtained":[{"floor":1,"key":"BloodPotion"},{"floor":5,"key":"LiquidBronze"},{"floor":8,"key":"AttackPotion"},{"floor":11,"key":"FearPotion"},{"floor":12,"key":"AttackPotion"}],"is_trial":false,"path_per_floor":["M","?","?","M","M","E","R","M","T","E","M","M","R","M","R","B"],"character_chosen":"IRONCLAD","items_purchased":[],"campfire_rested":3,"item_purchase_floors":[],"current_hp_per_floor":[74,67,67,73,75,48,70,55,55,31,24,15,37,43,65,0],"gold":263,"neow_bonus":"THREE_ENEMY_KILL","is_prod":false,"is_daily":false,"chose_seed":false,"campfire_upgraded":0,"win_rate":0,"timestamp":1555169068,"path_taken":["M","?","?","M","M","E","R","?","T","E","M","M","R","M","R","BOSS"],"build_version":"2019-01-23","purchased_purges":0,"victory":false,"max_hp_per_floor":[75,75,75,75,75,75,75,75,75,75,75,75,75,75,75,75],"card_choices":[{"not_picked":["Bloodletting","Thunderclap"],"picked":"Pummel","floor":1},{"not_picked":["Flex","Power Through"],"picked":"Sword Boomerang+1","floor":4},{"not_picked":["Warcry","Power Through"],"picked":"Whirlwind+1","floor":5},{"not_picked":["Havoc","True Grit"],"picked":"Flex","floor":6},{"not_picked":["Clothesline+1","Reaper+1"],"picked":"Dual Wield","floor":8},{"not_picked":["Bloodletting+1","Fiend Fire+1"],"picked":"Whirlwind+1","floor":10},{"not_picked":["Blood for Blood+1","Headbutt+1"],"picked":"Spot Weakness+1","floor":11},{"not_picked":["Bloodletting+1","Second Wind+1"],"picked":"Pommel Strike+1","floor":12},{"not_picked":["Anger+1","Dual Wield+1"],"picked":"Corruption","floor":14}],"player_experience":1689262,"relics_obtained":[{"floor":6,"key":"Darkstone Periapt"},{"floor":9,"key":"Toxic Egg 2"},{"floor":10,"key":"Bronze Scales"}],"event_choices":[{"damage_healed":0,"gold_gain":0,"player_choice":"Success","damage_taken":7,"relics_obtained":["Molten Egg 2"],"max_hp_gain":0,"max_hp_loss":0,"event_name":"Scrap Ooze","floor":2,"gold_loss":0},{"damage_healed":0,"gold_gain":0,"cards_transformed":["Strike_R"],"player_choice":"Change","damage_taken":0,"max_hp_gain":0,"max_hp_loss":0,"event_name":"Living Wall","floor":3,"gold_loss":0,"cards_obtained":["Searing Blow"]}],"is_beta":false,"boss_relics":[],"items_purged_floors":[],"is_endless":false,"potions_floor_spawned":[1,5,8,11,12],"killed_by":"Slime Boss","ascension_level":14}