{"gold_per_floor":[17,92,42,55,55,230,230,250,304,351,351,369,26,60,60,179,179,195,195,195,209,229,229,268,268,268,268,281,302,168,168,168,288,288,311,386,402,5,5,43,43,43,113,113,137,152,152,152,152,152],"floor_reached":51,"playtime":2846,"items_purged":["Doubt","Strike_R","Strike_R"],"score":1019,"play_id":"759899c1-803b-4547-8a4e-581149d0d458","local_time":"20181011211341","is_ascension_mode":true,"campfire_choices":[{"data":"Bash","floor":7,"key":"SMITH"},{"data":"Heavy Blade","floor":11,"key":"SMITH"},{"data":"Seeing Red","floor":15,"key":"SMITH"},{"data":"Apotheosis","floor":23,"key":"SMITH"},{"data":"Entrench","floor":25,"key":"SMITH"},{"data":"Barricade","floor":27,"key":"SMITH"},{"data":"Double Tap","floor":32,"key":"SMITH"},{"data":"Body Slam","floor":44,"key":"SMITH"},{"data":"Madness","floor":47,"key":"SMITH"},{"data":"Flame Barrier","floor":49,"key":"SMITH"}],"neow_cost":"NO_GOLD","seed_source_timestamp":288734907259900,"circlet_count":0,"master_deck":["Defend_R","Defend_R","Defend_R","Defend_R","Bash+1","Battle Trance","Seeing Red+1","Heavy Blade+1","Body Slam+1","Apotheosis+1","Barricade+1","Entrench+1","Flame Barrier+1","Shrug It Off","Double Tap+1","Madness+1","Body Slam+1","Demon Form","Entrench+1","Metallicize"],"relics":["Burning Blood","Golden Idol","Bag of Preparation","Boot","Membership Card","Potion Belt","Empty Cage","Anchor","Enchiridion","Pear","Bottled Tornado","Runic Pyramid","DollysMirror","FossilizedHelix","PreservedInsect","Centennial Puzzle","Pantograph","Meat on the Bone"],"potions_floor_usage":[21,24,50,50,50,50],"damage_taken":[{"damage":0,"enemies":"Small Slimes","floor":1,"turns":3},{"damage":7,"enemies":"Jaw Worm","floor":4,"turns":3},{"damage":10,"enemies":"2 Louse","floor":8,"turns":3},{"damage":2,"enemies":"2 Fungi Beasts","floor":12,"turns":3},{"damage":8,"enemies":"Lagavulin","floor":14,"turns":5},{"damage":24,"enemies":"Slime Boss","floor":16,"turns":10},{"damage":4,"enemies":"Chosen","floor":18,"turns":5},{"damage":0,"enemies":"3 Byrds","floor":21,"turns":4},{"damage":21,"enemies":"Shelled Parasite and Fungi","floor":22,"turns":6},{"damage":4,"enemies":"Slavers","floor":24,"turns":4},{"damage":0,"enemies":"Centurion and Healer","floor":28,"turns":4},{"damage":0,"enemies":"3 Cultists","floor":29,"turns":7},{"damage":0,"enemies":"Automaton","floor":33,"turns":7},{"damage":20,"enemies":"3 Darklings","floor":35,"turns":6},{"damage":0,"enemies":"3 Shapes","floor":37,"turns":4},{"damage":19,"enemies":"2 Orb Walkers","floor":40,"turns":4},{"damage":0,"enemies":"Reptomancer","floor":45,"turns":3},{"damage":1,"enemies":"Sphere and 2 Shapes","floor":46,"turns":3},{"damage":0,"enemies":"Awakened One","floor":50,"turns":8}],"seed_played":"-7483149541608414457","potions_obtained":[{"floor":8,"key":"LiquidBronze"},{"floor":12,"key":"Explosive Potion"},{"floor":16,"key":"FairyPotion"},{"floor":18,"key":"LiquidBronze"},{"floor":21,"key":"Weak Potion"},{"floor":22,"key":"AttackPotion"},{"floor":33,"key":"GamblersBrew"}],"is_trial":false,"path_per_floor":["M","?","?","M","?","?","R","M","T","T","R","M","$","E","R","B",null,"M","T","?","M","M","R","E","R","T","R","M","M","$","?","R","B",null,"M","?","M","$","?","E","$","T","T","R","M","M","R","?","R","B"],"character_chosen":"IRONCLAD","items_purchased":["Membership Card","Apotheosis","Madness","LiquidBronze","DollysMirror","FossilizedHelix","PreservedInsect"],"campfire_rested":0,"item_purchase_floors":[13,13,30,30,38,38,38],"current_hp_per_floor":[96,85,85,84,60,60,60,56,56,56,56,60,60,58,58,40,96,96,96,80,86,71,71,83,83,83,83,89,95,95,95,95,101,106,92,82,88,88,88,75,75,75,75,75,81,86,86,86,86,106],"gold":152,"neow_bonus":"TWENTY_PERCENT_HP_BONUS","is_prod":false,"is_daily":false,"chose_seed":false,"campfire_upgraded":10,"win_rate":0,"timestamp":1539285221,"path_taken":["M","?","?","M","?","?","R","?","T","?","R","?","$","E","R","BOSS","M","?","?","?","M","R","E","R","T","R","?","?","$","?","R","BOSS","M","?","?","$","?","E","?","?","T","R","?","M","R","?","R","BOSS"],"build_version":"2018-10-04v2","purchased_purges":3,"victory":true,"max_hp_per_floor":[96,96,96,96,96,96,96,96,96,96,96,96,96,96,96,96,96,96,96,96,96,96,96,106,106,106,106,106,106,106,106,106,106,106,106,106,106,106,106,106,106,106,106,106,106,106,106,106,106,106],"card_choices":[{"not_picked":["Iron Wave","Searing Blow"],"picked":"Battle Trance","floor":1},{"not_picked":["Carnage","Thunderclap"],"picked":"Seeing Red","floor":4},{"not_picked":["Wild Strike","Body Slam"],"picked":"Heavy Blade","floor":8},{"not_picked":["Searing Blow","Havoc"],"picked":"Body Slam","floor":12},{"not_picked":["Carnage","Wild Strike","Sword Boomerang"],"picked":"SKIP","floor":14},{"not_picked":["Limit Break","Dark Embrace"],"picked":"Barricade","floor":16},{"not_picked":["Sword Boomerang","Twin Strike","Reckless Charge"],"picked":"SKIP","floor":18},{"not_picked":["Infernal Blade","Carnage"],"picked":"Entrench","floor":21},{"not_picked":["Corruption+1","Heavy Blade"],"picked":"Flame Barrier","floor":22},{"not_picked":["Twin Strike+1","Bloodletting","Headbutt+1"],"picked":"SKIP","floor":24},{"not_picked":["Heavy Blade","Second Wind"],"picked":"Shrug It Off","floor":28},{"not_picked":["Iron Wave","Armaments"],"picked":"Double Tap","floor":29},{"not_picked":["Bludgeon","Feed"],"picked":"Demon Form","floor":33},{"not_picked":["Sentinel","Armaments+1","Iron Wave"],"picked":"SKIP","floor":35},{"not_picked":["Clothesline+1","Cleave","Warcry"],"picked":"SKIP","floor":37},{"not_picked":["Headbutt","Fire Breathing","Warcry+1"],"picked":"SKIP","floor":40},{"not_picked":["Flex","Searing Blow"],"picked":"Metallicize","floor":45},{"not_picked":["Thunderclap","Headbutt","Shockwave+1"],"picked":"SKIP","floor":46}],"player_experience":668025,"relics_obtained":[{"floor":9,"key":"Bag of Preparation"},{"floor":10,"key":"Boot"},{"floor":14,"key":"Potion Belt"},{"floor":19,"key":"Anchor"},{"floor":20,"key":"Enchiridion"},{"floor":24,"key":"Pear"},{"floor":26,"key":"Bottled Tornado"},{"floor":40,"key":"Centennial Puzzle"},{"floor":42,"key":"Pantograph"},{"floor":43,"key":"Meat on the Bone"}],"event_choices":[{"event_name":"World of Goop","player_choice":"Gather Gold","floor":2,"damage_taken":0},{"event_name":"The Cleric","player_choice":"Card Removal","floor":3,"damage_taken":0},{"event_name":"Golden Idol","player_choice":"Take Damage","floor":5,"damage_taken":0},{"event_name":"Liars Game","player_choice":"agreed","floor":6,"damage_taken":0},{"event_name":"Cursed Tome","player_choice":"Obtained Book","floor":20,"damage_taken":0},{"event_name":"The Library","player_choice":"Read","floor":31,"damage_taken":0},{"event_name":"FaceTrader","player_choice":"Touch","floor":36,"damage_taken":0},{"event_name":"Upgrade Shrine","player_choice":"Upgraded","floor":39,"damage_taken":0},{"event_name":"The Moai Head","player_choice":"Ignored","floor":48,"damage_taken":0}],"is_beta":false,"boss_relics":[{"not_picked":["Philosopher\u0027s Stone","Runic Dome"],"picked":"Empty Cage"},{"not_picked":["Tiny House","Sozu"],"picked":"Runic Pyramid"}],"items_purged_floors":[13,30,38],"is_endless":false,"potions_floor_spawned":[8,12,16,18,21,22,33,40,45],"ascension_level":4}