{"gold_per_floor":[364,382,397,54,73,73,105,105,105,105,133,148,148,168,168,270,270,288,288,288,121,121,147,147,166,192,210,230,247,247,260,260,260],"floor_reached":33,"playtime":5629,"items_purged":[],"score":365,"play_id":"c606ff3d-d880-4cc4-a2ce-b175c1b8ec5b","local_time":"20181010181814","is_ascension_mode":true,"campfire_choices":[{"data":"Armaments","floor":6,"key":"SMITH"},{"data":"Limit Break","floor":8,"key":"SMITH"},{"floor":10,"key":"REST"},{"data":"Heavy Blade","floor":13,"key":"SMITH"},{"data":"Armaments","floor":15,"key":"SMITH"},{"floor":24,"key":"REST"},{"floor":30,"key":"REST"},{"floor":32,"key":"REST"}],"neow_cost":"PERCENT_DAMAGE","seed_source_timestamp":189040954715800,"circlet_count":0,"master_deck":["Strike_R","Strike_R","Defend_R","Defend_R","Defend_R","Defend_R","Bash","Blood for Blood","Inflame","True Grit","Reaper","Armaments+1","Limit Break+1","Inflame","Heavy Blade+1","Armaments+1","Feed","Headbutt+1","Armaments+1","Combust+1","Clash+1","Demon Form","Flex","Rage"],"relics":["Burning Blood","Toy Ornithopter","Blood Vial","Turnip","Astrolabe","Nloth\u0027s Gift","Red Skull","Dream Catcher","Vajra"],"potions_floor_usage":[5,5,16,27,33],"damage_taken":[{"damage":5,"enemies":"Cultist","floor":1,"turns":4},{"damage":4,"enemies":"Jaw Worm","floor":2,"turns":4},{"damage":0,"enemies":"2 Louse","floor":3,"turns":3},{"damage":6,"enemies":"Exordium Thugs","floor":5,"turns":4},{"damage":36,"enemies":"Lagavulin","floor":7,"turns":8},{"damage":45,"enemies":"3 Sentries","floor":11,"turns":7},{"damage":9,"enemies":"Blue Slaver","floor":12,"turns":4},{"damage":12,"enemies":"2 Fungi Beasts","floor":14,"turns":4},{"damage":53,"enemies":"The Guardian","floor":16,"turns":7},{"damage":29,"enemies":"Spheric Guardian","floor":18,"turns":5},{"damage":58,"enemies":"Gremlin Leader","floor":23,"turns":6},{"damage":18,"enemies":"Shell Parasite","floor":25,"turns":5},{"damage":23,"enemies":"3 Cultists","floor":27,"turns":5},{"damage":23,"enemies":"Snecko","floor":28,"turns":5},{"damage":20,"enemies":"Sentry and Sphere","floor":29,"turns":4},{"damage":53,"enemies":"Centurion and Healer","floor":31,"turns":6},{"damage":96,"enemies":"Automaton","floor":33,"turns":6}],"seed_played":"-5159813128973905926","potions_obtained":[{"floor":1,"key":"Fire Potion"},{"floor":3,"key":"Poison Potion"},{"floor":14,"key":"Strength Potion"},{"floor":16,"key":"FearPotion"},{"floor":18,"key":"Ancient Potion"},{"floor":31,"key":"Poison Potion"}],"is_trial":false,"path_per_floor":["M","M","M","$","M","R","E","R","T","R","E","M","R","M","R","B",null,"M","?","?","$","$","E","R","M","T","M","M","M","R","M","R"],"character_chosen":"IRONCLAD","items_purchased":["Toy Ornithopter","Reaper","Red Skull","Flex"],"campfire_rested":4,"item_purchase_floors":[4,4,21,21],"current_hp_per_floor":[57,59,65,65,80,80,50,50,50,74,61,65,65,69,69,45,80,61,61,61,61,61,26,51,41,41,57,59,47,72,44,70,0],"gold":260,"neow_bonus":"TWO_FIFTY_GOLD","is_prod":false,"is_daily":false,"chose_seed":false,"campfire_upgraded":4,"win_rate":0,"timestamp":1539188294,"path_taken":["M","?","M","$","?","R","E","R","T","R","E","M","R","M","R","BOSS","M","?","?","?","$","E","R","M","T","?","M","M","R","M","R","BOSS"],"build_version":"2018-10-04v2","purchased_purges":0,"victory":false,"max_hp_per_floor":[80,80,80,80,80,80,80,80,80,80,80,80,80,80,80,80,80,84,84,84,84,84,84,84,84,84,84,84,84,84,87,87,87],"card_choices":[{"not_picked":["Combust","Thunderclap"],"picked":"Blood for Blood","floor":1},{"not_picked":["Dual Wield","Intimidate"],"picked":"Inflame","floor":2},{"not_picked":["Iron Wave","Dropkick"],"picked":"True Grit","floor":3},{"not_picked":["Pommel Strike","Rupture"],"picked":"Armaments","floor":5},{"not_picked":["Power Through","Barricade"],"picked":"Limit Break","floor":7},{"not_picked":["Metallicize","Dual Wield"],"picked":"Inflame","floor":11},{"not_picked":["Rampage","Cleave"],"picked":"Heavy Blade","floor":12},{"not_picked":["Thunderclap","Shockwave"],"picked":"Armaments","floor":14},{"not_picked":["Demon Form","Reaper"],"picked":"Feed","floor":16},{"not_picked":["Sword Boomerang","Disarm"],"picked":"Clash+1","floor":18},{"not_picked":["Burning Pact","Warcry","Flex+1"],"picked":"SKIP","floor":23},{"not_picked":["Reckless Charge","Thunderclap","Impervious"],"picked":"SKIP","floor":25},{"not_picked":["Sentinel","Heavy Blade+1","Metallicize"],"picked":"SKIP","floor":27},{"not_picked":["Wild Strike","Rampage+1","Headbutt"],"picked":"SKIP","floor":28},{"not_picked":["Cleave","Headbutt","Armaments"],"picked":"SKIP","floor":29},{"not_picked":["Infernal Blade","Metallicize"],"picked":"Rage","floor":30},{"not_picked":["Armaments","Cleave+1","Feel No Pain"],"picked":"SKIP","floor":31}],"player_experience":654451,"relics_obtained":[{"floor":7,"key":"Blood Vial"},{"floor":9,"key":"Blue Candle"},{"floor":11,"key":"Turnip"},{"floor":23,"key":"Dream Catcher"},{"floor":26,"key":"Vajra"}],"event_choices":[{"event_name":"N\u0027loth","player_choice":"Traded a Blue Candle","floor":19,"damage_taken":0},{"event_name":"Match and Keep!","player_choice":"1 cards matched","floor":20,"damage_taken":0}],"is_beta":false,"boss_relics":[{"not_picked":["Sozu","Orrery"],"picked":"Astrolabe"}],"items_purged_floors":[],"is_endless":false,"potions_floor_spawned":[1,3,14,16,18,31],"killed_by":"Automaton","ascension_level":4}