{"gold_per_floor":[15,67,87,162,162,162,162,242,242,288,325,361,373,419,431,533,545,573,495,507,131,56,99,99,113,140,140,140,180,180,196,196,285,348,364,384,509,509,533,533],"floor_reached":40,"playtime":1920,"items_purged":["Strike_R"],"score":747,"play_id":"c7123679-92c4-4297-a01b-c024bef00f12","local_time":"20190414013321","is_ascension_mode":true,"campfire_choices":[{"data":"Searing Blow","floor":6,"key":"SMITH"},{"floor":15,"key":"REST"},{"floor":24,"key":"REST"},{"floor":27,"key":"REST"},{"floor":32,"key":"REST"}],"neow_cost":"NO_GOLD","seed_source_timestamp":261320762597700,"circlet_count":0,"master_deck":["AscendersBane","Strike_R","Strike_R","Defend_R","Defend_R","Defend_R","Bash+1","Apotheosis+1","Deep Breath","Searing Blow+1","Flame Barrier","Uppercut","Bludgeon","Demon Form+1","Sadistic Nature+1","Reaper","Exhume","Madness","Madness"],"relics":["Burning Blood","Vajra","Golden Idol","Frozen Egg 2","MawBank","Mango","Centennial Puzzle","Mark of Pain","Bag of Preparation","Ornamental Fan","Anchor","Calipers","Red Mask","Tiny House","Magic Flower"],"potions_floor_usage":[16,23,29,33,36,39,40],"damage_taken":[{"damage":2,"enemies":"Cultist","floor":1,"turns":4},{"damage":0,"enemies":"2 Louse","floor":3,"turns":2},{"damage":34,"enemies":"Gremlin Nob","floor":10,"turns":4},{"damage":6,"enemies":"Small Slimes","floor":11,"turns":4},{"damage":16,"enemies":"3 Louse","floor":12,"turns":4},{"damage":16,"enemies":"3 Sentries","floor":14,"turns":8},{"damage":35,"enemies":"The Guardian","floor":16,"turns":13},{"damage":0,"enemies":"Chosen","floor":18,"turns":4},{"damage":45,"enemies":"Gremlin Leader","floor":23,"turns":5},{"damage":10,"enemies":"Shell Parasite","floor":25,"turns":3},{"damage":35,"enemies":"Masked Bandits","floor":29,"turns":5},{"damage":1,"enemies":"Cultist and Chosen","floor":31,"turns":4},{"damage":72,"enemies":"Champ","floor":33,"turns":10},{"damage":2,"enemies":"3 Shapes","floor":35,"turns":6},{"damage":29,"enemies":"3 Darklings","floor":36,"turns":6},{"damage":21,"enemies":"Mind Bloom Boss Battle","floor":37,"turns":8},{"damage":49,"enemies":"Writhing Mass","floor":39,"turns":5},{"damage":69,"enemies":"Reptomancer","floor":40,"turns":7}],"seed_played":"-6231781217477592901","potions_obtained":[{"floor":10,"key":"Ancient Potion"},{"floor":14,"key":"GamblersBrew"},{"floor":16,"key":"SkillPotion"},{"floor":23,"key":"Swift Potion"},{"floor":31,"key":"Swift Potion"},{"floor":33,"key":"SkillPotion"},{"floor":34,"key":"AttackPotion"},{"floor":39,"key":"GamblersBrew"}],"is_trial":false,"path_per_floor":["M","T","M","?","?","R","?","T","T","E","M","M","?","E","R","B",null,"M","?","$","$","?","E","R","M","T","R","T","?","?","M","R","B",null,"M","M","?","?","M","E"],"character_chosen":"IRONCLAD","items_purchased":["Bag of Preparation","Sadistic Nature+1"],"campfire_rested":4,"item_purchase_floors":[21,21],"current_hp_per_floor":[72,72,75,64,64,64,64,64,64,50,50,40,40,30,56,27,74,80,80,80,80,80,41,67,63,63,89,89,60,60,65,89,36,81,85,92,86,74,34,0],"gold":533,"neow_bonus":"RANDOM_COLORLESS_2","is_prod":false,"is_daily":false,"chose_seed":false,"campfire_upgraded":1,"win_rate":0,"timestamp":1555198401,"path_taken":["M","?","?","?","?","R","?","?","T","E","M","M","?","E","R","BOSS","M","?","?","$","?","E","R","?","T","R","?","?","?","M","R","BOSS","M","?","?","?","M","E"],"build_version":"2019-01-23","purchased_purges":1,"victory":false,"max_hp_per_floor":[75,75,75,75,75,75,75,75,75,89,89,89,89,89,89,89,89,89,89,89,89,89,89,89,89,89,89,89,89,89,89,89,89,94,94,94,94,94,94,94],"card_choices":[{"not_picked":["Heavy Blade","Pummel"],"picked":"Searing Blow","floor":1},{"not_picked":["Sword Boomerang","Body Slam","Entrench"],"picked":"SKIP","floor":3},{"not_picked":["Body Slam","Ghostly Armor"],"picked":"Flame Barrier","floor":10},{"not_picked":["Cleave","Twin Strike"],"picked":"Uppercut","floor":11},{"not_picked":["Anger","Second Wind","Intimidate"],"picked":"SKIP","floor":12},{"not_picked":["Shrug It Off","Pommel Strike"],"picked":"Bludgeon","floor":14},{"not_picked":["Dark Embrace+1","Barricade+1"],"picked":"Demon Form+1","floor":16},{"not_picked":["Reckless Charge","Flex","Combust+1"],"picked":"SKIP","floor":18},{"not_picked":["Combust+1","Cleave","Thunderclap"],"picked":"SKIP","floor":23},{"not_picked":["Armaments+1","Pummel","Shrug It Off"],"picked":"SKIP","floor":25},{"not_picked":["Clash","Cleave"],"picked":"Reaper","floor":31},{"not_picked":["Clash","Headbutt","Disarm"],"picked":"SKIP","floor":35},{"not_picked":["Sword Boomerang","Thunderclap"],"picked":"Exhume","floor":36},{"not_picked":["Heavy Blade","Twin Strike","Uppercut"],"picked":"SKIP","floor":39}],"player_experience":1695246,"relics_obtained":[{"floor":2,"key":"Vajra"},{"floor":8,"key":"Frozen Egg 2"},{"floor":9,"key":"MawBank"},{"floor":10,"key":"Mango"},{"floor":14,"key":"Centennial Puzzle"},{"floor":23,"key":"Ornamental Fan"},{"floor":26,"key":"Anchor"},{"floor":28,"key":"Calipers"},{"floor":29,"key":"Red Mask"},{"floor":37,"key":"Magic Flower"}],"event_choices":[{"damage_healed":0,"gold_gain":75,"player_choice":"Gather Gold","damage_taken":11,"max_hp_gain":0,"max_hp_loss":0,"event_name":"World of Goop","floor":4,"gold_loss":0},{"cards_removed":["Strike_R"],"damage_healed":0,"gold_gain":0,"player_choice":"Forget","damage_taken":0,"max_hp_gain":0,"max_hp_loss":0,"event_name":"Living Wall","floor":5,"gold_loss":0},{"damage_healed":0,"gold_gain":0,"player_choice":"Take Wound","damage_taken":0,"relics_obtained":["Golden Idol"],"max_hp_gain":0,"max_hp_loss":0,"event_name":"Golden Idol","floor":7,"gold_loss":0,"cards_obtained":["Injury"]},{"damage_healed":0,"gold_gain":0,"player_choice":"Ignored","damage_taken":0,"max_hp_gain":0,"max_hp_loss":0,"event_name":"Shining Light","floor":13,"gold_loss":0},{"cards_removed":["Injury"],"damage_healed":0,"gold_gain":0,"player_choice":"Upgrade and Remove","damage_taken":0,"max_hp_gain":0,"max_hp_loss":0,"event_name":"Designer","floor":19,"gold_loss":90,"cards_upgraded":["Bash"]},{"cards_removed":["Strike_R"],"damage_healed":0,"gold_gain":0,"player_choice":"Gave Gold","damage_taken":0,"max_hp_gain":0,"max_hp_loss":0,"event_name":"Beggar","floor":22,"gold_loss":75},{"damage_healed":0,"gold_gain":0,"player_choice":"Fought Bandits","damage_taken":0,"max_hp_gain":0,"max_hp_loss":0,"event_name":"Masked Bandits","floor":29,"gold_loss":0},{"cards_removed":["Defend_R"],"damage_healed":0,"gold_gain":0,"player_choice":"Offered Basic","damage_taken":0,"max_hp_gain":0,"max_hp_loss":0,"event_name":"Bonfire Elementals","floor":30,"gold_loss":0},{"damage_healed":0,"gold_gain":0,"player_choice":"Fight","damage_taken":0,"max_hp_gain":0,"max_hp_loss":0,"event_name":"MindBloom","floor":37,"gold_loss":0},{"damage_healed":0,"gold_gain":0,"player_choice":"Embrace Madness","damage_taken":12,"max_hp_gain":0,"max_hp_loss":0,"event_name":"Winding Halls","floor":38,"gold_loss":0,"cards_obtained":["Madness","Madness"]}],"is_beta":false,"boss_relics":[{"not_picked":["Coffee Dripper","Eternal Feather"],"picked":"Mark of Pain"},{"not_picked":["Orrery","Runic Pyramid"],"picked":"Tiny House"}],"items_purged_floors":[21],"is_endless":false,"potions_floor_spawned":[10,14,16,23,31,33,35,39],"killed_by":"Reptomancer","ascension_level":14}