{"gold_per_floor":[113,63,90,107,107,133,150,182,182,135,161,181,510,510,510,510],"floor_reached":16,"playtime":757,"items_purged":[],"score":207,"play_id":"b2cf8b99-470d-4daf-a301-10f5bec12951","local_time":"20181221210826","is_ascension_mode":true,"campfire_choices":[{"floor":15,"key":"REST"}],"neow_cost":"NONE","seed_source_timestamp":589311002759600,"circlet_count":0,"master_deck":["Strike_R","Strike_R","Strike_R","Strike_R","Defend_R","Defend_R","Defend_R","Defend_R","Bash","Clash","Reaper","Bludgeon","Dual Wield","Spot Weakness","Shockwave","Thunderclap"],"relics":["Burning Blood","NeowsBlessing","Red Skull","Calipers","Torii","Darkstone Periapt","Matryoshka","Oddly Smooth Stone","Old Coin","Dodecahedron","Ornamental Fan"],"potions_floor_usage":[11,16,16],"damage_taken":[{"damage":0,"enemies":"Jaw Worm","floor":1,"turns":1},{"damage":0,"enemies":"Small Slimes","floor":4,"turns":1},{"damage":0,"enemies":"Gremlin Nob","floor":6,"turns":1},{"damage":6,"enemies":"2 Louse","floor":7,"turns":2},{"damage":40,"enemies":"Lagavulin","floor":8,"turns":6},{"damage":20,"enemies":"3 Sentries","floor":11,"turns":4},{"damage":6,"enemies":"Exordium Wildlife","floor":12,"turns":2},{"damage":16,"enemies":"Lagavulin","floor":13,"turns":7},{"damage":88,"enemies":"Slime Boss","floor":16,"turns":11}],"seed_played":"5901646013760118114","potions_obtained":[{"floor":4,"key":"Explosive Potion"},{"floor":12,"key":"BloodPotion"},{"floor":13,"key":"Weak Potion"}],"is_trial":false,"path_per_floor":["M","?","T","M","?","E","M","E","T","?","E","M","E","T","R","B"],"character_chosen":"IRONCLAD","items_purchased":[],"campfire_rested":1,"item_purchase_floors":[],"current_hp_per_floor":[78,78,78,80,77,80,80,46,46,46,44,44,41,41,65,0],"gold":510,"neow_bonus":"THREE_ENEMY_KILL","is_prod":false,"is_daily":false,"chose_seed":false,"campfire_upgraded":0,"win_rate":0,"timestamp":1545422906,"path_taken":["M","?","?","M","?","E","M","E","T","?","E","M","E","?","R","BOSS"],"build_version":"2018-12-20","purchased_purges":0,"victory":false,"max_hp_per_floor":[80,80,80,80,80,80,80,80,80,80,80,80,80,80,80,80],"card_choices":[{"not_picked":["True Grit","Thunderclap"],"picked":"Clash","floor":1},{"not_picked":["Armaments","Twin Strike"],"picked":"Reaper","floor":4},{"not_picked":["Bloodletting","Sword Boomerang"],"picked":"Bludgeon","floor":6},{"not_picked":["Warcry","True Grit"],"picked":"Dual Wield","floor":7},{"not_picked":["Brutality","Dual Wield"],"picked":"Spot Weakness","floor":8},{"not_picked":["Body Slam","Spot Weakness","Clothesline"],"picked":"SKIP","floor":11},{"not_picked":["Havoc","Battle Trance"],"picked":"Shockwave","floor":12},{"not_picked":["Dark Embrace","Bloodletting"],"picked":"Thunderclap","floor":13}],"player_experience":1044922,"relics_obtained":[{"floor":3,"key":"Red Skull"},{"floor":6,"key":"Torii"},{"floor":8,"key":"Darkstone Periapt"},{"floor":9,"key":"Matryoshka"},{"floor":11,"key":"Oddly Smooth Stone"},{"floor":13,"key":"Old Coin"},{"floor":14,"key":"Dodecahedron"},{"floor":14,"key":"Ornamental Fan"}],"event_choices":[{"cards_removed":["Strike_R"],"damage_healed":0,"gold_gain":0,"player_choice":"Card Removal","damage_taken":0,"max_hp_gain":0,"max_hp_loss":0,"event_name":"The Cleric","floor":2,"gold_loss":50},{"damage_healed":0,"gold_gain":0,"player_choice":"Success","damage_taken":3,"relics_obtained":["Calipers"],"max_hp_gain":0,"max_hp_loss":0,"event_name":"Scrap Ooze","floor":5,"gold_loss":0},{"damage_healed":0,"gold_gain":0,"player_choice":"Left Gold","damage_taken":0,"max_hp_gain":0,"max_hp_loss":0,"event_name":"World of Goop","floor":10,"gold_loss":47}],"is_beta":false,"boss_relics":[],"items_purged_floors":[],"is_endless":false,"potions_floor_spawned":[4,12,13],"killed_by":"Slime Boss","ascension_level":7}