{"path_per_floor":["M","M","?","M","$","R","$","R","T","M","?","M","M","?","R","B",null,"M","?","?","M"],"character_chosen":"THE_SILENT","items_purchased":["Deadly Poison","Footwork","Quick Slash"],"gold_per_floor":[116,133,133,146,45,45,18,18,90,109,136,154,165,165,165,269,269,284,284,199,218],"floor_reached":22,"campfire_rested":2,"playtime":2417,"current_hp_per_floor":[68,68,68,67,67,70,70,70,70,70,58,58,58,63,75,29,75,39,39,39,20],"items_purged":[],"gold":218,"play_id":"9295e151-6610-4a5c-b46d-7992c651391a","is_prod":false,"is_daily":false,"is_ascension_mode":false,"campfire_upgraded":1,"path_taken":["M","M","?","M","$","R","?","R","T","M","?","M","?","?","R","BOSS","M","?","?","M","M"],"build_version":"2018-01-25-PROD3","purchased_purges":0,"victory":false,"master_deck":["Defend_G","Defend_G","Defend_G","Defend_G","Defend_G","Strike_G","Strike_G","Strike_G","Strike_G","Strike_G","Survivor","Neutralize+1","Slice","Distraction","Deflect","Deadly Poison","Footwork","Quick Slash","Leg Sweep","Crippling Poison","Predator","Caltrops","Burst","Backstab+1","Crippling Poison+1"],"max_hp_per_floor":[70,70,70,70,70,70,70,70,70,70,70,70,70,75,75,75,75,75,75,75,75],"relics":["Ring of the Snake","Vajra","Kunai","Odd Mushroom","Question Card","Torii"],"card_choices":[{"not_picked":["PiercingWail","Flying Knee"],"picked":"Slice"},{"not_picked":["Acrobatics","Catalyst"],"picked":"Distraction"},{"not_picked":["Acrobatics","Venomology"],"picked":"Deflect"},{"not_picked":["Slice","Quick Slash"],"picked":"Leg Sweep"},{"not_picked":["Backflip","Deadly Poison"],"picked":"Crippling Poison"},{"not_picked":["Flying Knee","Well Laid Plans"],"picked":"Predator"},{"not_picked":["Choke","Flying Knee"],"picked":"Caltrops"},{"not_picked":["Unload","After Image"],"picked":"Burst"},{"not_picked":["Bane","Flying Knee","Escape Plan"],"picked":"Backstab"},{"not_picked":["Bane","Calculated Gamble","Poisoned Stab"],"picked":"Crippling Poison"}],"player_experience":11831,"potions_floor_usage":[18,22],"damage_taken":[{"damage":2.0,"enemies":"Jaw Worm","floor":1.0,"turns":4.0},{"damage":0.0,"enemies":"2 Louse","floor":2.0,"turns":3.0},{"damage":1.0,"enemies":"Cultist","floor":4.0,"turns":3.0},{"damage":0.0,"enemies":"3 Louse","floor":10.0,"turns":6.0},{"damage":12.0,"enemies":"The Mushroom Lair","floor":11.0,"turns":6.0},{"damage":0.0,"enemies":"Large Slime","floor":12.0,"turns":7.0},{"damage":0.0,"enemies":"Exordium Wildlife","floor":13.0,"turns":5.0},{"damage":46.0,"enemies":"Slime Boss","floor":16.0,"turns":18.0},{"damage":36,"enemies":"Chosen","floor":18,"turns":10},{"damage":19,"enemies":"3 Byrds","floor":21,"turns":6},{"damage":25,"enemies":"Slaver and Parasite","floor":22,"turns":6}],"event_choices":[{"event_name":"Golden Wing","player_choice":"Ignored","floor":3.0,"damage_taken":0.0},{"event_name":"Mushrooms","player_choice":"Fought Mushrooms","floor":11.0,"damage_taken":0.0},{"event_name":"Big Fish","player_choice":"Donut","floor":14.0,"damage_taken":0.0},{"event_name":"Drug Dealer","player_choice":"Ignored","floor":19,"damage_taken":0},{"event_name":"Addict","player_choice":"Obtained Relic","floor":20,"damage_taken":0}],"boss_relics":[{"not_picked":["Runic Dome","Astrolabe"],"picked":"Question Card"}],"potions_floor_spawned":[2,4,10,13,18,21],"seed_played":"-3854529344449634546","killed_by":"Slaver and Parasite","ascension_level":0,"is_trial":false}