{"gold_per_floor":[114,114,114,38,51,51,51,51,51,64,97,29,54,97,97,216,279,294,313,313,6,131,131,151,151,177,177],"floor_reached":27,"playtime":1290,"items_purged":["Strike_R"],"score":310,"play_id":"f14b89f1-d24c-468d-8894-83af3bcd4712","local_time":"20190426152008","is_ascension_mode":true,"campfire_choices":[{"data":"Wild Strike","floor":6,"key":"SMITH"},{"data":"Bash","floor":8,"key":"SMITH"},{"floor":15,"key":"REST"},{"data":"Feel No Pain","floor":23,"key":"SMITH"},{"floor":25,"key":"REST"}],"neow_cost":"NONE","seed_source_timestamp":1319458559923300,"circlet_count":0,"master_deck":["Strike_R+1","Strike_R+1","Strike_R+1","Strike_R","Defend_R","Defend_R","Defend_R","Defend_R","Bash+1","Wild Strike+1","Feel No Pain+1","Carnage","Rage","Limit Break","Flame Barrier","Berserk+1","Uppercut","Shrug It Off","Sentinel+1","Ghostly","Ghostly","Ghostly","Ghostly","Ghostly","Warcry","Combust+1"],"relics":["Burning Blood","Happy Flower","Golden Idol","Frozen Egg 2","Regal Pillow","Ornamental Fan","Tiny House","Strange Spoon","Ginger","The Courier","Dream Catcher"],"potions_floor_usage":[27,27],"damage_taken":[{"damage":7,"enemies":"2 Louse","floor":1,"turns":3},{"damage":7,"enemies":"Jaw Worm","floor":5,"turns":3},{"damage":0,"enemies":"Small Slimes","floor":10,"turns":2},{"damage":16,"enemies":"Gremlin Nob","floor":11,"turns":3},{"damage":7,"enemies":"3 Louse","floor":13,"turns":2},{"damage":25,"enemies":"3 Sentries","floor":14,"turns":10},{"damage":48,"enemies":"Slime Boss","floor":16,"turns":12},{"damage":7,"enemies":"Chosen","floor":18,"turns":4},{"damage":21,"enemies":"Spheric Guardian","floor":19,"turns":5},{"damage":0,"enemies":"Colosseum Slavers","floor":22,"turns":8},{"damage":8,"enemies":"Colosseum Nobs","floor":22,"turns":8},{"damage":29,"enemies":"3 Cultists","floor":24,"turns":9},{"damage":46,"enemies":"Gremlin Leader","floor":27,"turns":7}],"seed_played":"-6212815080600565609","potions_obtained":[{"floor":10,"key":"Block Potion"},{"floor":11,"key":"Block Potion"},{"floor":16,"key":"Dexterity Potion"}],"is_trial":false,"path_per_floor":["M","?","?","$","M","R","?","R","T","M","E","$","M","E","R","B",null,"M","M","?","$","?","R","M","R","T","E"],"character_chosen":"IRONCLAD","items_purchased":["Feel No Pain","Limit Break","Strange Spoon","Warcry"],"campfire_rested":2,"item_purchase_floors":[4,12,21,21],"current_hp_per_floor":[71,51,35,35,34,34,39,39,39,45,35,35,34,15,55,13,72,71,56,45,45,43,43,20,45,45,0],"gold":177,"neow_bonus":"RANDOM_COMMON_RELIC","is_prod":false,"is_daily":false,"chose_seed":false,"campfire_upgraded":3,"win_rate":0,"timestamp":1556317208,"path_taken":["M","?","?","$","M","R","?","R","T","M","E","$","M","E","R","BOSS","M","M","?","$","?","R","M","R","T","E"],"build_version":"2019-01-23","purchased_purges":1,"victory":false,"max_hp_per_floor":[80,80,80,80,80,80,85,85,85,85,85,85,85,85,85,85,90,90,90,45,45,45,45,45,45,45,45],"card_choices":[{"not_picked":["Sword Boomerang","Armaments"],"picked":"Wild Strike","floor":1},{"not_picked":["Blood for Blood","Clash","Intimidate"],"picked":"SKIP","floor":5},{"not_picked":["Clash","Wild Strike"],"picked":"Carnage","floor":10},{"not_picked":["Havoc","Clash"],"picked":"Rage","floor":11},{"not_picked":["Fire Breathing+1","Sever Soul","Sword Boomerang"],"picked":"SKIP","floor":13},{"not_picked":["Ghostly Armor","Dual Wield"],"picked":"Flame Barrier","floor":14},{"not_picked":["Limit Break","Brutality+1"],"picked":"Berserk+1","floor":16},{"not_picked":["Reckless Charge","Havoc"],"picked":"Uppercut","floor":17},{"not_picked":["Flex","Cleave"],"picked":"Shrug It Off","floor":18},{"not_picked":["Pommel Strike+1","Armaments"],"picked":"Sentinel+1","floor":19},{"not_picked":["Clash+1","Brutality+1"],"picked":"Combust+1","floor":24}],"player_experience":374645,"relics_obtained":[{"floor":9,"key":"Frozen Egg 2"},{"floor":11,"key":"Regal Pillow"},{"floor":14,"key":"Ornamental Fan"},{"floor":22,"key":"Ginger"},{"floor":22,"key":"The Courier"},{"floor":26,"key":"Dream Catcher"}],"event_choices":[{"damage_healed":0,"gold_gain":0,"player_choice":"Take Damage","damage_taken":20,"relics_obtained":["Golden Idol"],"max_hp_gain":0,"max_hp_loss":0,"event_name":"Golden Idol","floor":2,"gold_loss":0},{"damage_healed":0,"gold_gain":0,"player_choice":"Entered Light","damage_taken":16,"max_hp_gain":0,"max_hp_loss":0,"event_name":"Shining Light","floor":3,"gold_loss":0,"cards_upgraded":["Strike_R","Strike_R"]},{"damage_healed":0,"gold_gain":0,"player_choice":"Donut","damage_taken":0,"max_hp_gain":5,"max_hp_loss":0,"event_name":"Big Fish","floor":7,"gold_loss":0},{"damage_healed":0,"gold_gain":0,"player_choice":"Became a Ghost","damage_taken":0,"max_hp_gain":0,"max_hp_loss":45,"event_name":"Ghosts","floor":20,"gold_loss":0,"cards_obtained":["Ghostly","Ghostly","Ghostly","Ghostly","Ghostly"]},{"damage_healed":0,"gold_gain":0,"player_choice":"Fight","damage_taken":0,"max_hp_gain":0,"max_hp_loss":0,"event_name":"Colosseum","floor":22,"gold_loss":0},{"damage_healed":0,"gold_gain":0,"player_choice":"Fought Nobs","damage_taken":0,"max_hp_gain":0,"max_hp_loss":0,"event_name":"Colosseum","floor":22,"gold_loss":0}],"is_beta":false,"boss_relics":[{"not_picked":["White Beast Statue","Runic Dome"],"picked":"Tiny House"}],"items_purged_floors":[21],"is_endless":false,"potions_floor_spawned":[10,11,16,22,24],"killed_by":"Gremlin Leader","ascension_level":6}