{"gold_per_floor":[116,136,136,61,71,71,106,118,182,214,226,254,284,314,326,440,452,480,506,518,530,542],"floor_reached":22,"playtime":813,"items_purged":["Strike_R"],"score":307,"play_id":"3bef050e-0f3d-4d89-8b8e-f4fe13dfdcf1","local_time":"20190223212403","is_ascension_mode":true,"campfire_choices":[{"data":"Spot Weakness","floor":6,"key":"SMITH"},{"data":"Demon Form","floor":8,"key":"SMITH"},{"floor":15,"key":"REST"}],"neow_cost":"NONE","seed_source_timestamp":560408107931099,"circlet_count":0,"master_deck":["AscendersBane","Strike_R","Strike_R","Strike_R+1","Defend_R","Defend_R","Defend_R","Defend_R","Bash+1","Thunderclap","Spot Weakness+1","Bludgeon","Clash","Demon Form+1","Power Through","Immolate","Inflame","True Grit+1","Ghostly","Ghostly","Ghostly","Ghostly","Ghostly"],"relics":["Burning Blood","NeowsBlessing","MawBank","Whetstone","Lizard Tail"],"potions_floor_usage":[7,18,18,22,22],"damage_taken":[{"damage":0,"enemies":"Small Slimes","floor":1,"turns":1},{"damage":0,"enemies":"Cultist","floor":2,"turns":1},{"damage":0,"enemies":"2 Louse","floor":5,"turns":2},{"damage":25,"enemies":"Lagavulin","floor":7,"turns":5},{"damage":2,"enemies":"2 Fungi Beasts","floor":10,"turns":3},{"damage":14,"enemies":"Red Slaver","floor":12,"turns":2},{"damage":15,"enemies":"Large Slime","floor":13,"turns":3},{"damage":0,"enemies":"Blue Slaver","floor":14,"turns":3},{"damage":74,"enemies":"Hexaghost","floor":16,"turns":11},{"damage":22,"enemies":"2 Thieves","floor":18,"turns":4},{"damage":44,"enemies":"Spheric Guardian","floor":19,"turns":6},{"damage":31,"enemies":"Chosen and Byrds","floor":22,"turns":8}],"seed_played":"-1190411243511876120","potions_obtained":[{"floor":2,"key":"Weak Potion"},{"floor":12,"key":"Weak Potion"},{"floor":14,"key":"Fire Potion"},{"floor":18,"key":"Weak Potion"},{"floor":19,"key":"Block Potion"}],"is_trial":false,"path_per_floor":["M","M","?","$","M","R","E","R","T","M","$","M","M","M","R","B",null,"M","M","?","?","M"],"character_chosen":"IRONCLAD","items_purchased":[],"campfire_rested":1,"item_purchase_floors":[],"current_hp_per_floor":[78,80,80,80,80,80,61,61,61,65,65,57,48,54,78,10,63,47,9,9,9,0],"gold":542,"neow_bonus":"THREE_ENEMY_KILL","is_prod":false,"is_daily":false,"chose_seed":false,"campfire_upgraded":2,"win_rate":0,"timestamp":1550953443,"path_taken":["M","M","?","$","M","R","E","R","T","M","$","M","?","M","R","BOSS","M","?","?","?","M"],"build_version":"2019-01-23","purchased_purges":1,"victory":false,"max_hp_per_floor":[80,80,80,80,80,80,80,80,80,80,80,80,80,80,80,80,80,80,80,40,40,40],"card_choices":[{"not_picked":["Wild Strike","Warcry"],"picked":"Thunderclap","floor":1},{"not_picked":["Heavy Blade","Ghostly Armor"],"picked":"Spot Weakness","floor":2},{"not_picked":["Twin Strike","Burning Pact"],"picked":"Clash","floor":5},{"not_picked":["Shrug It Off","Cleave"],"picked":"Demon Form","floor":7},{"not_picked":["Headbutt","Warcry"],"picked":"Power Through","floor":10},{"not_picked":["Perfected Strike","Havoc","Thunderclap"],"picked":"SKIP","floor":12},{"not_picked":["Ghostly Armor","Second Wind","Clothesline"],"picked":"SKIP","floor":13},{"not_picked":["Wild Strike","Anger","Pommel Strike"],"picked":"SKIP","floor":14},{"not_picked":["Dark Embrace","Impervious"],"picked":"Immolate","floor":16},{"not_picked":["Clash","True Grit"],"picked":"Inflame","floor":18},{"not_picked":["Sever Soul","Headbutt"],"picked":"True Grit","floor":19}],"player_experience":1420040,"relics_obtained":[{"floor":7,"key":"MawBank"},{"floor":9,"key":"Whetstone"}],"event_choices":[{"damage_healed":0,"gold_gain":0,"cards_transformed":["Strike_R"],"player_choice":"Transformed","damage_taken":0,"max_hp_gain":0,"max_hp_loss":0,"event_name":"Transmorgrifier","floor":3,"gold_loss":0,"cards_obtained":["Bludgeon"]},{"damage_healed":0,"gold_gain":0,"player_choice":"Became a Ghost","damage_taken":0,"max_hp_gain":0,"max_hp_loss":40,"event_name":"Ghosts","floor":20,"gold_loss":0,"cards_obtained":["Ghostly","Ghostly","Ghostly","Ghostly","Ghostly"]},{"damage_healed":0,"gold_gain":0,"player_choice":"Forge","damage_taken":0,"max_hp_gain":0,"max_hp_loss":0,"event_name":"Accursed Blacksmith","floor":21,"gold_loss":0,"cards_upgraded":["True Grit"]}],"is_beta":false,"boss_relics":[{"not_picked":["Orrery","Mark of Pain"],"picked":"Lizard Tail"}],"items_purged_floors":[4],"is_endless":false,"potions_floor_spawned":[2,12,14,18,19],"killed_by":"Chosen and Byrds","ascension_level":10}