{"gold_per_floor":[113,38,38,50,99,124,136,166,193,193,221,236,292,192,192,297,297,307,49,69,69,69,69,103,28,28,44,63,63,95,7,7,107,107,122,122,173,27,27,27,44,44,44,44,62,25,41,76,76,76,76,76,1,31,31],"floor_reached":55,"playtime":4605,"items_purged":["Strike_R","Strike_R","Injury","Parasite","Parasite"],"score":986,"play_id":"e3d2b2f4-5661-42a5-a2b4-c983ff49e1c5","local_time":"20190514172558","is_ascension_mode":true,"campfire_choices":[{"floor":10.0,"key":"REST"},{"floor":15.0,"key":"REST"},{"data":"Feed","floor":23,"key":"SMITH"},{"data":"Shockwave","floor":32,"key":"SMITH"},{"data":"Entrench","floor":40,"key":"SMITH"},{"data":"Pommel Strike","floor":42,"key":"SMITH"},{"data":"Heavy Blade","floor":44,"key":"SMITH"},{"floor":49,"key":"RECALL"},{"data":"Limit Break","floor":52,"key":"SMITH"}],"neow_cost":"NONE","seed_source_timestamp":0,"circlet_count":0,"master_deck":["Strike_R","Strike_R","Defend_R","Defend_R","Defend_R","Defend_R","Bash","Immolate","Sword Boomerang","Entrench+1","Reaper","Pommel Strike+1","Disarm","Cleave","Warcry","Spot Weakness","Feed+1","Inflame","Shockwave+1","Iron Wave+1","Shrug It Off+1","J.A.X.","Intimidate","Metallicize+1","Evolve+1","Impervious","Limit Break+1","Battle Trance","Madness","Madness","Heavy Blade+1","Inflame","Sword Boomerang+1","Pummel+1","Burning Pact+1"],"special_seed":0,"relics":["Burning Blood","CultistMask","Red Skull","Bottled Lightning","Prayer Wheel","Happy Flower","Boot","Tiny Chest","Calling Bell","Omamori","Kunai","Turnip","Membership Card","Ancient Tea Set","Matryoshka","Oddly Smooth Stone","Bag of Marbles","Dream Catcher","Red Mask","Cursed Key","Peace Pipe","Paper Frog","Molten Egg 2","Pantograph","Bottled Tornado"],"potions_floor_usage":[20,33,33,37,50,54,55,55],"damage_taken":[{"damage":0.0,"enemies":"2 Louse","floor":1.0,"turns":1.0},{"damage":0.0,"enemies":"Cultist","floor":4.0,"turns":2.0},{"damage":72.0,"enemies":"Lagavulin","floor":6.0,"turns":9.0},{"damage":4.0,"enemies":"Jaw Worm","floor":7.0,"turns":3.0},{"damage":15.0,"enemies":"3 Sentries","floor":8.0,"turns":4.0},{"damage":30.0,"enemies":"Gremlin Nob","floor":11.0,"turns":4.0},{"damage":7.0,"enemies":"Blue Slaver","floor":12.0,"turns":3.0},{"damage":20.0,"enemies":"3 Sentries","floor":13.0,"turns":4.0},{"damage":26.0,"enemies":"Slime Boss","floor":16.0,"turns":10.0},{"damage":34.0,"enemies":"2 Thieves","floor":18.0,"turns":3.0},{"damage":31,"enemies":"Chosen","floor":20,"turns":5},{"damage":29,"enemies":"Slavers","floor":24,"turns":5},{"damage":15,"enemies":"Snecko","floor":27,"turns":4},{"damage":24,"enemies":"Snake Plant","floor":28,"turns":5},{"damage":11,"enemies":"Masked Bandits","floor":30,"turns":5},{"damage":31,"enemies":"Automaton","floor":33,"turns":12},{"damage":18,"enemies":"Orb Walker","floor":35,"turns":6},{"damage":43,"enemies":"2 Orb Walkers","floor":37,"turns":5},{"damage":4,"enemies":"3 Shapes","floor":41,"turns":6},{"damage":27,"enemies":"Writhing Mass","floor":45,"turns":5},{"damage":9,"enemies":"3 Darklings","floor":47,"turns":2},{"damage":20,"enemies":"Nemesis","floor":48,"turns":7},{"damage":133,"enemies":"Time Eater","floor":50,"turns":11},{"damage":84,"enemies":"Shield and Spear","floor":54,"turns":7},{"damage":53,"enemies":"The Heart","floor":55,"turns":3}],"seed_played":"-1599434571108346874","potions_obtained":[{"floor":6.0,"key":"PowerPotion"},{"floor":11.0,"key":"SpeedPotion"},{"floor":18.0,"key":"PowerPotion"},{"floor":27,"key":"SkillPotion"},{"floor":35,"key":"SkillPotion"},{"floor":41,"key":"Poison Potion"},{"floor":45,"key":"GamblersBrew"}],"is_trial":false,"path_per_floor":["M","$","?","M","T","E","M","E","T","R","E","M","E","$","R","B",null,"M","$","M","?","?","R","E","$","T","M","M","?","?","$","R","B",null,"M","?","?","$","?","R","M","R","T","R","M","$","M","E","R","B",null,"R","$","E","B"],"character_chosen":"IRONCLAD","items_purchased":["Membership Card","Paper Frog","Heavy Blade","LiquidBronze","Regen Potion","LiquidBronze"],"campfire_rested":2,"item_purchase_floors":[19,38,38,46,53,53],"current_hp_per_floor":[80,80,80,80,80,14,23,23,23,47,23,29,36,36,60,47,72,58,58,33,33,33,33,44,44,44,39,43,43,42,42,42,37,80,84,72,57,57,57,57,99,99,99,99,95,95,106,101,101,28,87,87,87,28,0],"gold":31,"neow_bonus":"ONE_RANDOM_RARE_CARD","is_prod":false,"is_daily":false,"chose_seed":false,"campfire_upgraded":6,"win_rate":0,"timestamp":1557872758,"path_taken":["M","$","?","?","?","E","?","E","T","R","E","M","E","$","R","BOSS","M","$","M","?","?","R","E","$","T","M","M","?","?","$","R","BOSS","M","?","?","$","?","R","M","R","T","R","M","?","M","E","R","BOSS","R","$","E","BOSS"],"build_version":"2019-01-23","purchased_purges":5,"victory":false,"max_hp_per_floor":[80,80,80,80,80,80,80,80,80,80,80,80,80,80,80,80,80,80,80,80,80,80,80,84,81,81,85,89,89,93,90,90,94,94,94,94,98,98,98,98,102,102,102,102,106,106,106,106,106,106,106,106,106,110,110],"card_choices":[{"not_picked":["Iron Wave","Anger"],"picked":"Sword Boomerang","floor":1.0},{"not_picked":["Iron Wave","Clash"],"picked":"Entrench","floor":4.0},{"not_picked":["Armaments","Evolve"],"picked":"Reaper","floor":6.0},{"not_picked":["Power Through","True Grit"],"picked":"Pommel Strike","floor":7.0},{"not_picked":["True Grit","Shrug It Off"],"picked":"Disarm","floor":8.0},{"not_picked":["Rage","Immolate"],"picked":"Cleave","floor":11.0},{"not_picked":["Headbutt","Perfected Strike"],"picked":"Warcry","floor":12.0},{"not_picked":["Twin Strike","Body Slam","Seeing Red"],"picked":"SKIP","floor":12.0},{"not_picked":["Shockwave","Sword Boomerang"],"picked":"Spot Weakness","floor":13.0},{"not_picked":["Immolate","Brutality"],"picked":"Feed","floor":16.0},{"not_picked":["Flex","Havoc"],"picked":"Inflame","floor":18.0},{"not_picked":["Flex","Anger+1"],"picked":"Shockwave","floor":18.0},{"not_picked":["Havoc","True Grit"],"picked":"Iron Wave+1","floor":20},{"not_picked":["Havoc","Dark Embrace"],"picked":"Shrug It Off+1","floor":20},{"not_picked":["Clothesline","Sever Soul"],"picked":"Intimidate","floor":24},{"not_picked":["Body Slam+1","Flex+1"],"picked":"Metallicize+1","floor":27},{"not_picked":["Warcry","Combust","Spot Weakness"],"picked":"SKIP","floor":27},{"not_picked":["Headbutt","Clothesline"],"picked":"Evolve+1","floor":28},{"not_picked":["Feel No Pain+1","Sentinel"],"picked":"Impervious","floor":28},{"not_picked":["Exhume","Demon Form"],"picked":"Limit Break","floor":33},{"not_picked":["Iron Wave","Uppercut+1"],"picked":"Battle Trance","floor":35},{"not_picked":["Pummel","Pommel Strike","Flex+1"],"picked":"SKIP","floor":35},{"not_picked":["Pummel","Pommel Strike","Flex+1"],"picked":"SKIP","floor":35},{"not_picked":["Heavy Blade+1","Rampage+1","Anger"],"picked":"SKIP","floor":41},{"not_picked":["Iron Wave+1","Reckless Charge","Rampage"],"picked":"SKIP","floor":41},{"not_picked":["Carnage+1","Clothesline+1","Rupture+1"],"picked":"SKIP","floor":45},{"not_picked":["Clash+1","Body Slam+1","Pommel Strike+1"],"picked":"SKIP","floor":45},{"not_picked":["Body Slam+1","Havoc"],"picked":"Inflame","floor":47},{"not_picked":["Demon Form","Iron Wave+1"],"picked":"Sword Boomerang+1","floor":47},{"not_picked":["Sever Soul+1","Feel No Pain+1"],"picked":"Pummel+1","floor":48},{"not_picked":["Twin Strike+1","Cleave+1"],"picked":"Burning Pact+1","floor":54}],"player_experience":330901,"relics_obtained":[{"floor":5.0,"key":"Red Skull"},{"floor":6.0,"key":"Bottled Lightning"},{"floor":8.0,"key":"Prayer Wheel"},{"floor":9.0,"key":"Happy Flower"},{"floor":11.0,"key":"Boot"},{"floor":13.0,"key":"Tiny Chest"},{"floor":17.0,"key":"Omamori"},{"floor":17.0,"key":"Kunai"},{"floor":17.0,"key":"Turnip"},{"floor":24,"key":"Matryoshka"},{"floor":26,"key":"Oddly Smooth Stone"},{"floor":26,"key":"Bag of Marbles"},{"floor":30,"key":"Red Mask"},{"floor":37,"key":"Peace Pipe"},{"floor":43,"key":"Molten Egg 2"},{"floor":48,"key":"Pantograph"},{"floor":54,"key":"Bottled Tornado"}],"event_choices":[{"damage_healed":0.0,"max_hp_gain":0.0,"max_hp_loss":0.0,"gold_gain":0.0,"event_name":"FaceTrader","player_choice":"Trade","floor":3.0,"gold_loss":0.0,"damage_taken":0.0,"relics_obtained":["CultistMask"]},{"damage_healed":0,"gold_gain":0,"player_choice":"Obtain J.A.X.","damage_taken":0,"max_hp_gain":0,"max_hp_loss":0,"event_name":"Drug Dealer","floor":21,"gold_loss":0,"cards_obtained":["J.A.X."]},{"damage_healed":0,"gold_gain":0,"player_choice":"Stole Relic","damage_taken":0,"relics_obtained":["Ancient Tea Set"],"max_hp_gain":0,"max_hp_loss":0,"event_name":"Addict","floor":22,"gold_loss":0,"cards_obtained":["Shame"]},{"damage_healed":0,"gold_gain":0,"player_choice":"Opened","damage_taken":0,"relics_obtained":["Dream Catcher"],"max_hp_gain":0,"max_hp_loss":0,"event_name":"The Mausoleum","floor":29,"gold_loss":0},{"damage_healed":0,"gold_gain":0,"player_choice":"Fought Bandits","damage_taken":0,"max_hp_gain":0,"max_hp_loss":0,"event_name":"Masked Bandits","floor":30,"gold_loss":0},{"damage_healed":0,"gold_gain":0,"player_choice":"Embrace Madness","damage_taken":12,"max_hp_gain":0,"max_hp_loss":0,"event_name":"Winding Halls","floor":36,"gold_loss":0,"cards_obtained":["Madness","Madness"]},{"damage_healed":0,"gold_gain":0,"player_choice":"Fight","damage_taken":0,"max_hp_gain":0,"max_hp_loss":0,"event_name":"Mysterious Sphere","floor":37,"gold_loss":0},{"cards_removed":["Strike_R"],"damage_healed":0,"gold_gain":0,"player_choice":"Removed Attack","damage_taken":0,"max_hp_gain":0,"max_hp_loss":0,"event_name":"Falling","floor":39,"gold_loss":0}],"is_beta":false,"boss_relics":[{"not_picked":["Fusion Hammer","Orrery"],"picked":"Calling Bell"},{"not_picked":["Astrolabe","Tiny House"],"picked":"Cursed Key"}],"items_purged_floors":[2,14,19,25,31],"is_endless":false,"potions_floor_spawned":[6,11,18,27,35,41,45],"killed_by":"The Heart","ascension_level":5}