{"gold_per_floor":[119,136,136,149,164,164,189,189,216,216,230,230,30,30,30,134,134,147,75,93,93,93],"floor_reached":22,"playtime":1080,"items_purged":[],"score":267,"play_id":"7deb045d-ecb8-4c8d-af9a-62e60e5e4dab","local_time":"20190308170604","is_ascension_mode":true,"campfire_choices":[{"data":"Hyperbeam","floor":6,"key":"SMITH"},{"floor":10,"key":"REST"},{"floor":15,"key":"REST"}],"neow_cost":"NONE","seed_source_timestamp":66756328232100,"circlet_count":0,"master_deck":["Zap","Dualcast","Sweeping Beam","Doom and Gloom","Hyperbeam+1","Turbo","Leap","Electrodynamics","Hello World","Redo","Thunder Strike","Thunder Strike","Stack+1","Tempest","Thunder Strike","Loop"],"relics":["Cracked Core","NeowsBlessing","GremlinMask","Oddly Smooth Stone","Lantern","Toy Ornithopter","Pandora\u0027s Box"],"potions_floor_usage":[5,16,16,20,22],"damage_taken":[{"damage":0,"enemies":"2 Louse","floor":1,"turns":1},{"damage":0,"enemies":"Cultist","floor":2,"turns":1},{"damage":0,"enemies":"Jaw Worm","floor":4,"turns":1},{"damage":7,"enemies":"Gremlin Gang","floor":5,"turns":3},{"damage":36,"enemies":"Gremlin Nob","floor":7,"turns":4},{"damage":5,"enemies":"Looter","floor":11,"turns":2},{"damage":28,"enemies":"Slime Boss","floor":16,"turns":6},{"damage":38,"enemies":"Shell Parasite","floor":18,"turns":4},{"damage":23,"enemies":"2 Thieves","floor":20,"turns":3},{"damage":29,"enemies":"Snake Plant","floor":22,"turns":2}],"seed_played":"9924648363726707","potions_obtained":[{"floor":2,"key":"FearPotion"},{"floor":5,"key":"Fire Potion"},{"floor":7,"key":"FocusPotion"},{"floor":20,"key":"SteroidPotion"}],"is_trial":false,"path_per_floor":["M","M","?","M","M","R","E","?","T","R","M","?","$","?","R","B",null,"M","$","M","?","M"],"character_chosen":"DEFECT","items_purchased":["Toy Ornithopter","Regen Potion"],"campfire_rested":2,"item_purchase_floors":[13,19],"current_hp_per_floor":[68,68,68,68,61,61,25,25,25,47,42,42,42,35,57,39,66,28,28,19,19,0],"gold":93,"neow_bonus":"THREE_ENEMY_KILL","is_prod":false,"is_daily":false,"chose_seed":false,"campfire_upgraded":1,"win_rate":0,"timestamp":1552061164,"path_taken":["M","M","?","M","?","R","E","?","T","R","?","?","$","?","R","BOSS","M","$","M","?","M"],"build_version":"2019-01-23","purchased_purges":0,"victory":false,"max_hp_per_floor":[75,75,75,75,75,75,75,75,75,75,75,75,75,75,75,75,75,75,75,75,75,75],"card_choices":[{"not_picked":["Stack","Rebound"],"picked":"Sweeping Beam","floor":1},{"not_picked":["Streamline","Stack","Barrage"],"picked":"SKIP","floor":2},{"not_picked":["Gash","Tempest"],"picked":"Doom and Gloom","floor":4},{"not_picked":["Hello World","Sweeping Beam"],"picked":"Hyperbeam","floor":5},{"not_picked":["Undo","Capacitor","Stack"],"picked":"SKIP","floor":7},{"not_picked":["Auto Shields","Rebound"],"picked":"Leap","floor":11},{"not_picked":["Seek","Machine Learning"],"picked":"Electrodynamics","floor":16},{"not_picked":["Compile Driver","Cold Snap+1"],"picked":"Stack+1","floor":18},{"not_picked":["Rebound","FTL"],"picked":"Tempest","floor":20}],"player_experience":1457567,"relics_obtained":[{"floor":7,"key":"Oddly Smooth Stone"},{"floor":9,"key":"Lantern"}],"event_choices":[{"damage_healed":0,"gold_gain":0,"player_choice":"Trade","damage_taken":0,"relics_obtained":["GremlinMask"],"max_hp_gain":0,"max_hp_loss":0,"event_name":"FaceTrader","floor":3,"gold_loss":0},{"damage_healed":0,"gold_gain":0,"player_choice":"1 cards matched","damage_taken":0,"max_hp_gain":0,"max_hp_loss":0,"event_name":"Match and Keep!","floor":8,"gold_loss":0,"cards_obtained":["Turbo"]},{"cards_removed":["Strike_B"],"damage_healed":0,"gold_gain":0,"player_choice":"Forget","damage_taken":0,"max_hp_gain":0,"max_hp_loss":0,"event_name":"Living Wall","floor":12,"gold_loss":0},{"cards_removed":["Strike_B"],"damage_healed":0,"gold_gain":0,"player_choice":"Card Removal","damage_taken":7,"max_hp_gain":0,"max_hp_loss":0,"event_name":"Golden Wing","floor":14,"gold_loss":0},{"damage_healed":0,"gold_gain":0,"cards_transformed":["All For One","Blizzard"],"player_choice":"Became Test Subject","damage_taken":0,"max_hp_gain":0,"max_hp_loss":0,"event_name":"Drug Dealer","floor":21,"gold_loss":0,"cards_obtained":["Thunder Strike","Loop"]}],"is_beta":false,"boss_relics":[{"not_picked":["Tiny House","Coffee Dripper"],"picked":"Pandora\u0027s Box"}],"items_purged_floors":[],"is_endless":false,"potions_floor_spawned":[2,5,7,20],"killed_by":"Snake Plant","ascension_level":9}