{"gold_per_floor":[113,30,30,30,49,49,49,75,75,75,97,107,117,136,136,136],"floor_reached":16,"playtime":925,"items_purged":[],"score":125,"play_id":"6f429d7b-a154-4367-9b5a-e2b356c6570f","local_time":"20181103212618","is_ascension_mode":true,"campfire_choices":[{"floor":6,"key":"REST"},{"floor":10,"key":"REST"},{"floor":15,"key":"REST"}],"neow_cost":"NONE","seed_source_timestamp":432434973715900,"circlet_count":0,"master_deck":["Defend_G","Defend_G","Defend_G","Defend_G","Defend_G","Strike_G","Strike_G","Strike_G","Strike_G","Strike_G","Survivor","Neutralize","Quick Slash","Underhanded Strike","Noxious Fumes","Deadly Poison","Quick Slash","Tactician","Acrobatics","Prepared","Acrobatics","Bane","Skewer"],"relics":["HoveringKite","Dream Catcher","Frozen Egg 2","Odd Mushroom"],"potions_floor_usage":[11,16],"damage_taken":[{"damage":6,"enemies":"Jaw Worm","floor":1,"turns":8},{"damage":7,"enemies":"Small Slimes","floor":5,"turns":3},{"damage":39,"enemies":"3 Sentries","floor":8,"turns":8},{"damage":17,"enemies":"The Mushroom Lair","floor":11,"turns":4},{"damage":1,"enemies":"Cultist","floor":12,"turns":3},{"damage":12,"enemies":"2 Fungi Beasts","floor":13,"turns":3},{"damage":1,"enemies":"Looter","floor":14,"turns":3},{"damage":42,"enemies":"Slime Boss","floor":16,"turns":10}],"seed_played":"-4780286058502221979","potions_obtained":[{"floor":8,"key":"Fire Potion"},{"floor":12,"key":"Weak Potion"}],"is_trial":false,"path_per_floor":["M","$","?","?","M","R","?","E","T","R","?","M","M","M","R"],"character_chosen":"THE_SILENT","items_purchased":["Underhanded Strike","Noxious Fumes"],"campfire_rested":3,"item_purchase_floors":[2,2],"current_hp_per_floor":[64,64,64,64,57,70,70,31,31,52,35,34,22,21,42,0],"gold":136,"neow_bonus":"BOSS_RELIC","is_prod":false,"is_daily":false,"chose_seed":false,"campfire_upgraded":0,"win_rate":0,"timestamp":1541276778,"path_taken":["M","$","?","?","M","R","?","E","T","R","?","M","M","M","R","BOSS"],"build_version":"2018-10-25v2","purchased_purges":0,"victory":false,"max_hp_per_floor":[70,70,70,70,70,70,70,70,70,70,70,70,70,70,70,70],"card_choices":[{"not_picked":["Slice","Prepared"],"picked":"Quick Slash","floor":1},{"not_picked":["Footwork","Heel Hook"],"picked":"Quick Slash","floor":5},{"not_picked":["Blade Dance","Prepared"],"picked":"Tactician","floor":8},{"not_picked":["Deadly Poison","Quick Slash"],"picked":"Acrobatics","floor":10},{"not_picked":["Flying Knee","Dodge and Roll"],"picked":"Prepared","floor":12},{"not_picked":["Dodge and Roll","Bullet Time"],"picked":"Acrobatics","floor":13},{"not_picked":["Sucker Punch","Outmaneuver"],"picked":"Bane","floor":14},{"not_picked":["Blade Dance","Noxious Fumes+1"],"picked":"Skewer","floor":15}],"player_experience":839777,"relics_obtained":[{"floor":8,"key":"Dream Catcher"},{"floor":9,"key":"Frozen Egg 2"},{"floor":11,"key":"Odd Mushroom"}],"event_choices":[{"damage_healed":0,"gold_gain":0,"player_choice":"Ignored","damage_taken":0,"max_hp_gain":0,"max_hp_loss":0,"event_name":"Shining Light","floor":3,"gold_loss":0},{"damage_healed":0,"gold_gain":0,"player_choice":"1 cards matched","damage_taken":0,"max_hp_gain":0,"max_hp_loss":0,"event_name":"Match and Keep!","floor":4,"gold_loss":0,"cards_obtained":["Deadly Poison"]},{"damage_healed":0,"gold_gain":0,"player_choice":"Leave","damage_taken":0,"max_hp_gain":0,"max_hp_loss":0,"event_name":"The Cleric","floor":7,"gold_loss":0},{"damage_healed":0,"gold_gain":0,"player_choice":"Fought Mushrooms","damage_taken":0,"max_hp_gain":0,"max_hp_loss":0,"event_name":"Mushrooms","floor":11,"gold_loss":0}],"is_beta":false,"boss_relics":[],"items_purged_floors":[],"is_endless":false,"potions_floor_spawned":[8,12],"killed_by":"Slime Boss","ascension_level":5}