{"gold_per_floor":[116,116,116,136,136,136,136,136,136,86,86,86,105,125,125,256,256,280,25,25,25,49,49,65,98,121,121,140,153,153,153,153,274,274,292,34,34,0,333,333,365,444,469,469,261,274,274,284,284,284,284,284,103,134,134],"floor_reached":55,"playtime":4302,"items_purged":[],"score":791,"play_id":"d9c58723-ca85-4682-a19b-f189a35a3293","local_time":"20190503222145","is_ascension_mode":true,"campfire_choices":[{"floor":6,"key":"REST"},{"data":"Neutralize","floor":8,"key":"SMITH"},{"floor":15,"key":"REST"},{"floor":23,"key":"REST"},{"floor":27,"key":"REST"},{"data":"Catalyst","floor":30,"key":"SMITH"},{"data":"Crippling Poison","floor":32,"key":"SMITH"},{"data":"Crippling Poison","floor":40,"key":"SMITH"},{"floor":47,"key":"REST"},{"floor":49,"key":"RECALL"},{"data":"Adrenaline","floor":52,"key":"SMITH"}],"neow_cost":"NONE","seed_source_timestamp":1305456338865917,"circlet_count":0,"master_deck":["Defend_G","Defend_G","Defend_G","Strike_G+1","Strike_G","Strike_G+1","Survivor","Neutralize+1","Bouncing Flask+1","Crippling Poison+1","Crippling Poison+1","Glass Knife","Prepared+1","Crippling Poison+1","Calculated Gamble+1","Catalyst+1","Adrenaline+1","Dramatic Entrance","Noxious Fumes","Backstab+1"],"relics":["Ring of the Snake","Juzu Bracelet","Paper Crane","White Beast Statue","Mercury Hourglass","Nilry\u0027s Codex","Oddly Smooth Stone","Empty Cage","Pantograph","Red Mask","Shuriken","Mummified Hand","Happy Flower","Toy Ornithopter","Vajra"],"potions_floor_usage":[22,25,28,29,33,48,50,50,54,55,55,55],"damage_taken":[{"damage":8,"enemies":"Small Slimes","floor":1,"turns":5},{"damage":0,"enemies":"2 Louse","floor":4,"turns":4},{"damage":0,"enemies":"Cultist","floor":13,"turns":2},{"damage":2,"enemies":"3 Louse","floor":14,"turns":3},{"damage":22,"enemies":"Hexaghost","floor":16,"turns":8},{"damage":1,"enemies":"Chosen","floor":18,"turns":5},{"damage":5,"enemies":"2 Thieves","floor":22,"turns":3},{"damage":14,"enemies":"Centurion and Healer","floor":24,"turns":6},{"damage":16,"enemies":"Gremlin Leader","floor":25,"turns":9},{"damage":3,"enemies":"Snecko","floor":28,"turns":4},{"damage":6,"enemies":"Snake Plant","floor":29,"turns":4},{"damage":49,"enemies":"Automaton","floor":33,"turns":9},{"damage":7,"enemies":"3 Shapes","floor":35,"turns":4},{"damage":28,"enemies":"Giant Head","floor":41,"turns":8},{"damage":7,"enemies":"Orb Walker","floor":46,"turns":3},{"damage":4,"enemies":"3 Darklings","floor":48,"turns":4},{"damage":63,"enemies":"Awakened One","floor":50,"turns":18},{"damage":22,"enemies":"Shield and Spear","floor":54,"turns":4},{"damage":85,"enemies":"The Heart","floor":55,"turns":11}],"seed_played":"2764023109994083392","potions_obtained":[{"floor":0,"key":"Strength Potion"},{"floor":0,"key":"GamblersBrew"},{"floor":0,"key":"SteroidPotion"},{"floor":4,"key":"Explosive Potion"},{"floor":14,"key":"Dexterity Potion"},{"floor":16,"key":"Fire Potion"},{"floor":22,"key":"PowerPotion"},{"floor":25,"key":"LiquidBronze"},{"floor":28,"key":"Swift Potion"},{"floor":29,"key":"PowerPotion"},{"floor":33,"key":"EssenceOfSteel"},{"floor":48,"key":"PowerPotion"},{"floor":54,"key":"Fire Potion"}],"is_trial":false,"path_per_floor":["M","?","?","M","?","R","?","R","T","?","?","?","M","M","R","B",null,"M","$","?","?","M","R","M","E","T","R","M","M","R","?","R","B",null,"M","$","?","?","?","R","E","T","T","?","$","M","R","M","R","B",null,"R","$","E","B"],"character_chosen":"THE_SILENT","items_purchased":["Mercury Hourglass","Pantograph","Toy Ornithopter","Noxious Fumes","Fire Potion","Explosive Potion"],"campfire_rested":5,"item_purchase_floors":[19,36,45,53,53,53],"current_hp_per_floor":[62,62,44,44,30,51,51,51,51,51,51,34,34,32,53,31,70,69,69,69,53,48,69,55,39,39,60,57,51,51,51,51,2,70,63,63,63,63,63,63,35,35,35,35,35,28,49,50,50,12,70,70,70,53,0],"gold":134,"neow_bonus":"THREE_SMALL_POTIONS","is_prod":false,"is_daily":false,"chose_seed":false,"campfire_upgraded":5,"win_rate":0,"timestamp":1556940105,"path_taken":["M","?","?","M","?","R","?","R","T","?","?","?","M","M","R","BOSS","M","$","?","?","M","R","M","E","T","R","M","M","R","?","R","BOSS","M","?","?","?","?","R","E","?","T","?","$","M","R","M","R","BOSS","R","$","E","BOSS"],"build_version":"2019-01-23","purchased_purges":0,"victory":false,"max_hp_per_floor":[70,70,70,70,70,70,70,70,70,70,70,70,70,70,70,70,70,70,70,70,70,70,70,70,70,70,70,70,70,70,70,70,70,70,70,70,70,70,70,70,70,70,70,70,70,70,70,70,70,70,70,70,70,70,70],"card_choices":[{"not_picked":["Setup","Sucker Punch"],"picked":"Bouncing Flask","floor":1},{"not_picked":["Tactician","Bane","Slice"],"picked":"SKIP","floor":4},{"not_picked":["Dagger Throw","Bouncing Flask"],"picked":"Crippling Poison","floor":13},{"not_picked":["Poisoned Stab","Underhanded Strike"],"picked":"Crippling Poison","floor":14},{"not_picked":["Phantasmal Killer","Tools of the Trade"],"picked":"Glass Knife","floor":16},{"not_picked":["Poisoned Stab","Sucker Punch","Eviscerate"],"picked":"SKIP","floor":18},{"not_picked":["PiercingWail","Finisher"],"picked":"Prepared+1","floor":22},{"not_picked":["Flying Knee","Cloak And Dagger","Poisoned Stab"],"picked":"SKIP","floor":24},{"not_picked":["Blade Dance","Setup+1"],"picked":"Crippling Poison+1","floor":25},{"not_picked":["Backflip","Dagger Throw+1"],"picked":"Calculated Gamble+1","floor":28},{"not_picked":["Prepared+1","Infinite Blades"],"picked":"Catalyst","floor":29},{"not_picked":["Unload","Burst"],"picked":"Adrenaline","floor":33},{"not_picked":["Eviscerate+1","Cloak And Dagger","Deflect"],"picked":"SKIP","floor":35},{"not_picked":["Tactician","Expertise+1","Underhanded Strike+1"],"picked":"SKIP","floor":41},{"not_picked":["Swift Strike","HandOfGreed"],"picked":"Dramatic Entrance","floor":44},{"not_picked":["Skewer+1","Choke","Dagger Throw+1"],"picked":"SKIP","floor":46},{"not_picked":["Reflex","Deadly Poison","Riddle With Holes"],"picked":"SKIP","floor":48},{"not_picked":["Underhanded Strike","Heel Hook+1"],"picked":"Backstab+1","floor":54}],"player_experience":223877,"relics_obtained":[{"floor":9,"key":"Paper Crane"},{"floor":21,"key":"Nilry\u0027s Codex"},{"floor":25,"key":"Oddly Smooth Stone"},{"floor":41,"key":"Shuriken"},{"floor":42,"key":"Mummified Hand"},{"floor":43,"key":"Happy Flower"},{"floor":54,"key":"Vajra"}],"event_choices":[{"damage_healed":0,"gold_gain":0,"player_choice":"Ignored","damage_taken":0,"max_hp_gain":0,"max_hp_loss":0,"event_name":"Liars Game","floor":2,"gold_loss":0},{"damage_healed":0,"gold_gain":0,"player_choice":"Success","damage_taken":18,"relics_obtained":["Juzu Bracelet"],"max_hp_gain":0,"max_hp_loss":0,"event_name":"Scrap Ooze","floor":3,"gold_loss":0},{"damage_healed":0,"gold_gain":0,"player_choice":"Entered Light","damage_taken":14,"max_hp_gain":0,"max_hp_loss":0,"event_name":"Shining Light","floor":5,"gold_loss":0,"cards_upgraded":["Strike_G","Strike_G"]},{"damage_healed":0,"gold_gain":0,"cards_transformed":["Defend_G"],"player_choice":"Transformed","damage_taken":0,"max_hp_gain":0,"max_hp_loss":0,"event_name":"Transmorgrifier","floor":7,"gold_loss":0,"cards_obtained":["Acrobatics"]},{"cards_removed":["Strike_G"],"damage_healed":0,"gold_gain":0,"player_choice":"Card Removal","damage_taken":0,"max_hp_gain":0,"max_hp_loss":0,"event_name":"The Cleric","floor":10,"gold_loss":50},{"damage_healed":0,"gold_gain":0,"player_choice":"Grow","damage_taken":0,"max_hp_gain":0,"max_hp_loss":0,"event_name":"Living Wall","floor":11,"gold_loss":0,"cards_upgraded":["Bouncing Flask"]},{"damage_healed":0,"gold_gain":0,"player_choice":"Take Damage","damage_taken":17,"relics_obtained":["Golden Idol"],"max_hp_gain":0,"max_hp_loss":0,"event_name":"Golden Idol","floor":12,"gold_loss":0},{"damage_healed":0,"gold_gain":0,"player_choice":"Ignored","damage_taken":0,"max_hp_gain":0,"max_hp_loss":0,"event_name":"N\u0027loth","floor":20,"gold_loss":0},{"damage_healed":0,"gold_gain":0,"player_choice":"Obtained Book","damage_taken":16,"max_hp_gain":0,"max_hp_loss":0,"event_name":"Cursed Tome","floor":21,"gold_loss":0},{"damage_healed":0,"gold_gain":0,"player_choice":"Bought 0 Potions","damage_taken":0,"max_hp_gain":0,"max_hp_loss":0,"event_name":"The Woman in Blue","floor":31,"gold_loss":0},{"cards_removed":["Acrobatics"],"damage_healed":0,"gold_gain":0,"player_choice":"Purged","damage_taken":0,"max_hp_gain":0,"max_hp_loss":0,"event_name":"Purifier","floor":37,"gold_loss":0},{"damage_healed":0,"gold_gain":0,"player_choice":"Paid","damage_taken":0,"relics_obtained":["Red Mask"],"max_hp_gain":0,"max_hp_loss":0,"event_name":"Tomb of Lord Red Mask","floor":38,"gold_loss":34},{"damage_healed":0,"gold_gain":333,"player_choice":"Gave Idol","damage_taken":0,"max_hp_gain":0,"max_hp_loss":0,"event_name":"The Moai Head","floor":39,"relics_lost":["Golden Idol"],"gold_loss":0},{"damage_healed":0,"gold_gain":0,"player_choice":"Memory 1","damage_taken":0,"max_hp_gain":0,"max_hp_loss":0,"event_name":"SensoryStone","floor":44,"gold_loss":0}],"is_beta":false,"boss_relics":[{"not_picked":["Ectoplasm","Runic Dome"],"picked":"White Beast Statue"},{"not_picked":["Snecko Eye","Coffee Dripper"],"picked":"Empty Cage"}],"items_purged_floors":[],"is_endless":false,"potions_floor_spawned":[4,14,16,18,22,24,25,28,29,33,35,41,46,48,54],"killed_by":"The Heart","ascension_level":2}