{"gold_per_floor":[116,129,304,379,395,421,421,32,32,42,56,72,72,86,86,181,181,199,161,161,0,11,11],"floor_reached":23,"playtime":959,"items_purged":["Doubt"],"score":334,"play_id":"57be18db-10d9-462d-ba9b-0a96e5f3d794","local_time":"20190505022222","is_ascension_mode":true,"campfire_choices":[{"floor":7,"key":"REST"},{"floor":13,"key":"REST"},{"data":"Reinforced Body","floor":15,"key":"SMITH"}],"neow_cost":"NONE","seed_source_timestamp":106440645616800,"circlet_count":0,"master_deck":["AscendersBane","Defend_B","Defend_B","Defend_B","Defend_B","Zap","Dualcast","Turbo","Melter","Tempest","Chill","Reinforced Body+1","Echo Form","Echo Form","Double Energy","Loop","Bite","Bite","Bite","Bite","Bite","Capacitor"],"relics":["Cracked Core","NeowsBlessing","Girya","Toy Ornithopter","Letter Opener","Lizard Tail"],"potions_floor_usage":[10,12,14,22,22,23],"damage_taken":[{"damage":0,"enemies":"2 Louse","floor":1,"turns":1},{"damage":0,"enemies":"Jaw Worm","floor":2,"turns":1},{"damage":0,"enemies":"Cultist","floor":5,"turns":1},{"damage":45,"enemies":"3 Sentries","floor":6,"turns":6},{"damage":11,"enemies":"Lots of Slimes","floor":10,"turns":4},{"damage":7,"enemies":"Red Slaver","floor":11,"turns":2},{"damage":0,"enemies":"Looter","floor":12,"turns":1},{"damage":0,"enemies":"Blue Slaver","floor":14,"turns":2},{"damage":45,"enemies":"The Guardian","floor":16,"turns":15},{"damage":21,"enemies":"Shell Parasite","floor":18,"turns":4},{"damage":29,"enemies":"2 Thieves","floor":22,"turns":5},{"damage":118,"enemies":"Book of Stabbing","floor":23,"turns":8}],"seed_played":"6003294441913248157","potions_obtained":[{"floor":2,"key":"EssenceOfSteel"},{"floor":11,"key":"AttackPotion"},{"floor":12,"key":"Block Potion"},{"floor":16,"key":"FearPotion"},{"floor":22,"key":"Regen Potion"}],"is_trial":false,"path_per_floor":["M","M","?","?","M","E","R","$","T","M","M","M","R","M","R","B",null,"M","$","?","?","M","E"],"character_chosen":"DEFECT","items_purchased":["Toy Ornithopter","Fruit Juice","Loop"],"campfire_rested":2,"item_purchase_floors":[8,8,19],"current_hp_per_floor":[68,68,68,57,57,12,34,34,34,33,26,31,55,60,60,15,64,43,43,43,43,40,0],"gold":11,"neow_bonus":"THREE_ENEMY_KILL","is_prod":false,"is_daily":false,"chose_seed":false,"campfire_upgraded":1,"win_rate":0,"timestamp":1557015742,"path_taken":["M","M","?","?","?","E","R","?","T","M","M","M","R","?","R","BOSS","M","$","?","?","M","E"],"build_version":"2019-01-23","purchased_purges":1,"victory":false,"max_hp_per_floor":[75,75,75,75,75,75,75,75,75,80,80,80,80,80,80,80,80,80,80,56,56,56,56],"card_choices":[{"not_picked":["Ball Lightning","Consume"],"picked":"Turbo","floor":1},{"not_picked":["Conserve Battery","Chaos"],"picked":"Melter","floor":2},{"not_picked":["Doom and Gloom","Hologram"],"picked":"Tempest","floor":5},{"not_picked":["Scrape","FTL","Cold Snap"],"picked":"SKIP","floor":6},{"not_picked":["Streamline","Leap"],"picked":"Chill","floor":10},{"not_picked":["Blizzard","Gash","Skim"],"picked":"SKIP","floor":11},{"not_picked":["Hologram","Coolheaded"],"picked":"Reinforced Body","floor":12},{"not_picked":["Go for the Eyes","Compile Driver"],"picked":"Echo Form","floor":14},{"not_picked":["Rainbow","Amplify"],"picked":"Echo Form","floor":16},{"not_picked":["Cold Snap","Hologram"],"picked":"Double Energy","floor":18},{"not_picked":["Glacier","Hello World"],"picked":"Capacitor","floor":22}],"player_experience":1809206,"relics_obtained":[{"floor":6,"key":"Girya"},{"floor":9,"key":"Letter Opener"}],"event_choices":[{"damage_healed":0,"gold_gain":175,"player_choice":"AGREE","damage_taken":0,"max_hp_gain":0,"max_hp_loss":0,"event_name":"Liars Game","floor":3,"gold_loss":0,"cards_obtained":["Doubt"]},{"damage_healed":0,"gold_gain":75,"player_choice":"Gather Gold","damage_taken":11,"max_hp_gain":0,"max_hp_loss":0,"event_name":"World of Goop","floor":4,"gold_loss":0},{"damage_healed":0,"gold_gain":0,"player_choice":"Became a vampire","damage_taken":0,"max_hp_gain":0,"max_hp_loss":24,"event_name":"Vampires","floor":20,"gold_loss":0,"cards_obtained":["Bite","Bite","Bite","Bite","Bite"]},{"damage_healed":0,"gold_gain":0,"player_choice":"Paid Fearfully","damage_taken":0,"max_hp_gain":0,"max_hp_loss":0,"event_name":"Masked Bandits","floor":21,"gold_loss":161}],"is_beta":false,"boss_relics":[{"not_picked":["Eternal Feather","Velvet Choker"],"picked":"Lizard Tail"}],"items_purged_floors":[8],"is_endless":false,"potions_floor_spawned":[2,11,12,16,22],"killed_by":"Book of Stabbing","ascension_level":12}