{"gold_per_floor":[20,38,55,130,144,144,169,219,219,230,230,230,256,256],"floor_reached":14,"playtime":271,"items_purged":[],"score":200,"play_id":"b93d0540-bd24-4f08-bf2b-85192239df1c","local_time":"20190514012832","is_ascension_mode":true,"campfire_choices":[{"data":"Sunder","floor":6.0,"key":"SMITH"},{"floor":12,"key":"REST"}],"neow_cost":"NO_GOLD","seed_source_timestamp":296309287539057,"circlet_count":0,"master_deck":["AscendersBane","Strike_B","Strike_B","Strike_B","Defend_B","Defend_B","Defend_B","Defend_B","Zap","Dualcast","Hologram","Sunder+1","Heatsinks","Double Energy","Coolheaded","Recycle"],"special_seed":0,"relics":["Cracked Core","Calipers","Bag of Marbles","Bottled Lightning","Girya"],"potions_floor_usage":[13],"damage_taken":[{"damage":1.0,"enemies":"Cultist","floor":1.0,"turns":3.0},{"damage":5.0,"enemies":"2 Louse","floor":2.0,"turns":3.0},{"damage":7.0,"enemies":"Jaw Worm","floor":3.0,"turns":3.0},{"damage":17.0,"enemies":"Lots of Slimes","floor":5.0,"turns":5.0},{"damage":8.0,"enemies":"Gremlin Nob","floor":7.0,"turns":3.0},{"damage":10,"enemies":"Gremlin Gang","floor":10,"turns":5},{"damage":25,"enemies":"Lagavulin","floor":13,"turns":4},{"damage":0,"enemies":"Blue Slaver","floor":14,"turns":2}],"seed_played":"-4910650982261351860","potions_obtained":[{"floor":2.0,"key":"Swift Potion"},{"floor":5.0,"key":"GamblersBrew"},{"floor":10,"key":"Energy Potion"},{"floor":13,"key":"SteroidPotion"}],"is_trial":false,"path_per_floor":["M","M","M","?","M","R","E","?","T","M","?","R","E","M"],"character_chosen":"DEFECT","items_purchased":[],"campfire_rested":1,"item_purchase_floors":[],"current_hp_per_floor":[63,58,51,40,23,23,15,15,15,5,5,26,1,1],"gold":256,"neow_bonus":"ONE_RARE_RELIC","is_prod":false,"is_daily":false,"chose_seed":false,"campfire_upgraded":1,"win_rate":0,"timestamp":1557768512,"path_taken":["M","M","M","?","M","R","E","?","T","?","?","R","E","M"],"build_version":"2019-01-23","purchased_purges":0,"victory":false,"max_hp_per_floor":[71,71,71,71,71,71,71,71,71,71,71,71,71,71],"card_choices":[{"not_picked":["Go for the Eyes","Redo"],"picked":"Hologram","floor":1.0},{"not_picked":["Reprogram","Glacier"],"picked":"Sunder","floor":2.0},{"not_picked":["Coolheaded","Loop"],"picked":"Heatsinks","floor":3.0},{"not_picked":["Beam Cell","Leap","Aggregate"],"picked":"SKIP","floor":5.0},{"not_picked":["Rebound","Hologram"],"picked":"Double Energy","floor":7.0},{"not_picked":["Rainbow","Compile Driver"],"picked":"Coolheaded","floor":10},{"not_picked":["Rebound","Fusion"],"picked":"Recycle","floor":13}],"player_experience":1665064,"relics_obtained":[{"floor":7.0,"key":"Bag of Marbles"},{"floor":9.0,"key":"Bottled Lightning"},{"floor":13,"key":"Girya"}],"event_choices":[{"damage_healed":0.0,"max_hp_gain":0.0,"max_hp_loss":0.0,"gold_gain":75.0,"event_name":"World of Goop","player_choice":"Gather Gold","floor":4.0,"gold_loss":0.0,"damage_taken":11.0},{"damage_healed":0.0,"max_hp_gain":0.0,"max_hp_loss":0.0,"gold_gain":50.0,"event_name":"Golden Shrine","player_choice":"Pray","floor":8.0,"gold_loss":0.0,"damage_taken":0.0},{"cards_removed":["Strike_B"],"damage_healed":0,"gold_gain":0,"player_choice":"Purged","damage_taken":0,"max_hp_gain":0,"max_hp_loss":0,"event_name":"Purifier","floor":11,"gold_loss":0}],"is_beta":false,"boss_relics":[],"items_purged_floors":[],"is_endless":false,"potions_floor_spawned":[2,5,10,13],"killed_by":"Blue Slaver","ascension_level":20}