{"gold_per_floor":[110,128,53,53,64,96,96,96,174,174,174,197,175,213,213,333,396,411,447,447,438,30,68,68,68,68,68,68,68,99,117,117,117],"floor_reached":33,"playtime":1731,"items_purged":["Doubt"],"score":418,"play_id":"1848597b-3470-4c21-beae-d323929705f8","local_time":"20181116142048","is_ascension_mode":true,"campfire_choices":[{"floor":7,"key":"REST"},{"floor":15,"key":"REST"},{"floor":25,"key":"REST"},{"floor":27,"key":"REST"},{"floor":32,"key":"REST"}],"neow_cost":"CURSE","seed_source_timestamp":158923111254100,"circlet_count":0,"master_deck":["Strike_R+1","Strike_R+1","Strike_R+1","Strike_R+1","Defend_R+1","Defend_R+1","Defend_R+1","Defend_R+1","Bash+1","Blood for Blood","Headbutt","Fiend Fire","Cleave","Injury","Dropkick","Feed","Battle Trance","Armaments+1","Headbutt","Iron Wave+1","Violence","Shockwave","Burning Pact+1","Inflame+1","Dark Embrace+1"],"relics":["Burning Blood","Nunchaku","Centennial Puzzle","Gremlin Horn","Golden Idol","Thread and Needle","Potion Belt","Tiny House","Red Mask","Brimstone","Frozen Egg 2","Blue Candle","Dodecahedron"],"potions_floor_usage":[16,19,23,24,30,30,30,33],"damage_taken":[{"damage":18,"enemies":"Cultist","floor":1,"turns":6},{"damage":14,"enemies":"2 Louse","floor":2,"turns":4},{"damage":4,"enemies":"Small Slimes","floor":5,"turns":5},{"damage":35,"enemies":"Lagavulin","floor":6,"turns":5},{"damage":5,"enemies":"3 Louse","floor":12,"turns":2},{"damage":9,"enemies":"Gremlin Nob","floor":14,"turns":3},{"damage":29,"enemies":"Hexaghost","floor":16,"turns":6},{"damage":17,"enemies":"3 Byrds","floor":18,"turns":5},{"damage":27,"enemies":"Masked Bandits","floor":19,"turns":5},{"damage":2,"enemies":"2 Thieves","floor":21,"turns":4},{"damage":48,"enemies":"Gremlin Leader","floor":23,"turns":4},{"damage":0,"enemies":"Snecko","floor":24,"turns":1},{"damage":33,"enemies":"Book of Stabbing","floor":30,"turns":5},{"damage":0,"enemies":"3 Cultists","floor":31,"turns":4},{"damage":123,"enemies":"Automaton","floor":33,"turns":6}],"seed_played":"-6886144649103547995","potions_obtained":[{"floor":2,"key":"Dexterity Potion"},{"floor":6,"key":"FearPotion"},{"floor":17,"key":"SmokeBomb"},{"floor":19,"key":"EssenceOfSteel"},{"floor":23,"key":"SteroidPotion"},{"floor":29,"key":"SmokeBomb"},{"floor":29,"key":"Block Potion"},{"floor":29,"key":"Explosive Potion"},{"floor":30,"key":"FearPotion"}],"is_trial":false,"path_per_floor":["M","M","$","$","M","E","R","?","T","?","?","M","?","E","R","B",null,"M","?","?","M","$","E","M","R","T","R","$","?","E","M","R","B"],"character_chosen":"IRONCLAD","items_purchased":["Brimstone","Violence","Shockwave"],"campfire_rested":5,"item_purchase_floors":[22,22,22],"current_hp_per_floor":[60,52,52,52,54,25,49,49,49,49,37,38,38,35,59,36,74,63,46,46,50,50,12,18,45,45,72,72,72,48,54,82,0],"gold":117,"neow_bonus":"ONE_RARE_RELIC","is_prod":false,"is_daily":false,"chose_seed":false,"campfire_upgraded":0,"win_rate":0,"timestamp":1542374448,"path_taken":["M","M","?","$","M","E","R","?","T","?","?","M","?","E","R","BOSS","M","?","?","M","$","E","M","R","T","R","$","?","E","?","R","BOSS"],"build_version":"2018-11-15","purchased_purges":1,"victory":false,"max_hp_per_floor":[80,80,80,80,80,80,80,80,80,80,80,80,80,80,80,80,85,85,89,89,89,89,93,93,93,93,93,93,93,96,96,96,96],"card_choices":[{"not_picked":["True Grit","Reckless Charge"],"picked":"Blood for Blood","floor":1},{"not_picked":["Iron Wave","Sword Boomerang"],"picked":"Headbutt","floor":2},{"not_picked":["Iron Wave","Anger"],"picked":"Fiend Fire","floor":5},{"not_picked":["Pommel Strike","Offering"],"picked":"Cleave","floor":6},{"not_picked":["Clash","Warcry","Searing Blow"],"picked":"SKIP","floor":12},{"not_picked":["Perfected Strike","Battle Trance"],"picked":"Dropkick","floor":14},{"not_picked":["Impervious","Fiend Fire"],"picked":"Feed","floor":16},{"not_picked":["Clash","Reckless Charge"],"picked":"Battle Trance","floor":17},{"not_picked":["Twin Strike","Wild Strike+1"],"picked":"Armaments+1","floor":18},{"not_picked":["Clothesline","Pommel Strike"],"picked":"Headbutt","floor":19},{"not_picked":["Sword Boomerang","Dropkick+1"],"picked":"Iron Wave+1","floor":21},{"not_picked":["Clash","Pummel"],"picked":"Burning Pact+1","floor":23},{"not_picked":["Rupture+1","Headbutt+1"],"picked":"Inflame+1","floor":30},{"not_picked":["Twin Strike","Anger+1"],"picked":"Dark Embrace+1","floor":31}],"player_experience":918520,"relics_obtained":[{"floor":6,"key":"Centennial Puzzle"},{"floor":9,"key":"Gremlin Horn"},{"floor":14,"key":"Potion Belt"},{"floor":19,"key":"Red Mask"},{"floor":23,"key":"Frozen Egg 2"},{"floor":26,"key":"Blue Candle"},{"floor":30,"key":"Dodecahedron"}],"event_choices":[{"cards_removed":["Strike_R"],"damage_healed":0,"gold_gain":0,"player_choice":"Forget","damage_taken":0,"max_hp_gain":0,"max_hp_loss":0,"event_name":"Living Wall","floor":8,"gold_loss":0},{"damage_healed":0,"gold_gain":0,"player_choice":"Take Wound","damage_taken":0,"relics_obtained":["Golden Idol"],"max_hp_gain":0,"max_hp_loss":0,"event_name":"Golden Idol","floor":10,"gold_loss":0,"cards_obtained":["Injury"]},{"damage_healed":0,"gold_gain":0,"player_choice":"Success","damage_taken":12,"relics_obtained":["Thread and Needle"],"max_hp_gain":0,"max_hp_loss":0,"event_name":"Scrap Ooze","floor":11,"gold_loss":0},{"damage_healed":0,"gold_gain":0,"player_choice":"Left Gold","damage_taken":0,"max_hp_gain":0,"max_hp_loss":0,"event_name":"World of Goop","floor":13,"gold_loss":22},{"damage_healed":0,"gold_gain":0,"player_choice":"Fought Bandits","damage_taken":0,"max_hp_gain":0,"max_hp_loss":0,"event_name":"Masked Bandits","floor":19,"gold_loss":0},{"damage_healed":0,"gold_gain":0,"player_choice":"Simplicity","damage_taken":0,"max_hp_gain":0,"max_hp_loss":0,"event_name":"Back to Basics","floor":20,"gold_loss":0,"cards_upgraded":["Strike_R","Strike_R","Strike_R","Strike_R","Defend_R","Defend_R","Defend_R","Defend_R"]},{"damage_healed":0,"gold_gain":0,"player_choice":"Got Potions","damage_taken":0,"max_hp_gain":0,"max_hp_loss":0,"event_name":"Lab","floor":29,"gold_loss":0}],"is_beta":false,"boss_relics":[{"not_picked":["Runic Dome","Velvet Choker"],"picked":"Tiny House"}],"items_purged_floors":[3],"is_endless":false,"potions_floor_spawned":[2,6,19,23,30],"killed_by":"Automaton","ascension_level":7}