{"gold_per_floor":[217,217,39,39,214,243,243,269,269,285,285,303,334,344,344,442,442,461,461,480,498,498,498,443,443,443,443,106,117,146,146],"floor_reached":31,"playtime":1530,"items_purged":["Strike_B"],"score":366,"play_id":"baef93d0-669e-4f64-b034-ac37cdc09605","local_time":"20181128222527","is_ascension_mode":true,"campfire_choices":[{"floor":7,"key":"REST"},{"floor":11,"key":"REST"},{"floor":15,"key":"DIG"},{"floor":23,"key":"DIG"},{"floor":25,"key":"DIG"},{"floor":27,"key":"DIG"}],"neow_cost":"NONE","seed_source_timestamp":299191820081400,"circlet_count":0,"master_deck":["Defend_B","Defend_B","Defend_B","Defend_B","Zap","Dualcast","Darkness","Rebound","Leap","Buffer","Turbo","Undo","Multi-Cast","Static Discharge","Biased Cognition","Hyperbeam+1","Heatsinks+1","Rebound+1","Chaos","Tempest+1","Capacitor","Rainbow+1","Amplify+1"],"relics":["Cracked Core","Meat on the Bone","Orichalcum","Shovel","Matryoshka","Bag of Preparation","Pantograph","Pen Nib","Regal Pillow","Astrolabe","Singing Bowl","Tiny Chest","Torii","Strawberry","Toxic Egg 2","Bottled Tornado","Dream Catcher","Bottled Flame"],"potions_floor_usage":[8,16,16,21,21,30,31],"damage_taken":[{"damage":2,"enemies":"Jaw Worm","floor":1,"turns":4},{"damage":29,"enemies":"Lagavulin","floor":6,"turns":7},{"damage":30,"enemies":"Gremlin Nob","floor":8,"turns":6},{"damage":0,"enemies":"2 Louse","floor":10,"turns":2},{"damage":2,"enemies":"Small Slimes","floor":12,"turns":3},{"damage":10,"enemies":"Lagavulin","floor":13,"turns":6},{"damage":8,"enemies":"3 Louse","floor":14,"turns":7},{"damage":24,"enemies":"The Guardian","floor":16,"turns":9},{"damage":12,"enemies":"3 Byrds","floor":18,"turns":3},{"damage":6,"enemies":"Chosen","floor":20,"turns":4},{"damage":21,"enemies":"Snake Plant","floor":21,"turns":4},{"damage":12,"enemies":"Cultist and Chosen","floor":29,"turns":6},{"damage":59,"enemies":"Gremlin Leader","floor":30,"turns":6},{"damage":25,"enemies":"Sentry and Sphere","floor":31,"turns":5}],"seed_played":"-8598727331407033753","potions_obtained":[{"floor":1,"key":"Weak Potion"},{"floor":10,"key":"Swift Potion"},{"floor":12,"key":"LiquidBronze"},{"floor":16,"key":"SpeedPotion"},{"floor":18,"key":"Regen Potion"},{"floor":20,"key":"SpeedPotion"},{"floor":29,"key":"LiquidBronze"}],"is_trial":false,"path_per_floor":["M","?","$","?","?","E","R","E","T","M","R","M","E","M","R","B",null,"M","?","M","M","?","R","?","R","T","R","$","M","E","M"],"character_chosen":"DEFECT","items_purchased":["Orichalcum","Rebound","Tempest+1","Capacitor","Dream Catcher"],"campfire_rested":2,"item_purchase_floors":[3,3,28,28,28],"current_hp_per_floor":[66,66,66,59,59,42,64,46,46,46,68,66,56,48,48,49,69,57,57,51,42,42,42,42,42,49,49,49,49,17,0],"gold":146,"neow_bonus":"HUNDRED_GOLD","is_prod":false,"is_daily":false,"chose_seed":false,"campfire_upgraded":0,"win_rate":0,"timestamp":1543440327,"path_taken":["M","?","$","?","?","E","R","E","T","M","R","?","E","M","R","BOSS","M","?","M","M","?","R","?","R","T","R","$","M","E","M"],"build_version":"2018-11-15","purchased_purges":1,"victory":false,"max_hp_per_floor":[75,75,75,75,75,75,75,75,75,75,75,75,75,75,75,75,75,75,75,75,75,75,75,75,75,82,82,82,82,82,82],"card_choices":[{"not_picked":["Streamline","Stack"],"picked":"Darkness","floor":1},{"not_picked":["Rebound","Go for the Eyes"],"picked":"Leap","floor":6},{"not_picked":["Cold Snap","Hologram"],"picked":"Buffer","floor":8},{"not_picked":["Sweeping Beam","Go for the Eyes"],"picked":"Turbo","floor":10},{"not_picked":["Compile Driver","Beam Cell"],"picked":"Undo","floor":12},{"not_picked":["Hologram","Turbo"],"picked":"Multi-Cast","floor":13},{"not_picked":["Rebound","Reinforced Body"],"picked":"Static Discharge","floor":14},{"not_picked":["All For One","Hyperbeam"],"picked":"Biased Cognition","floor":16},{"not_picked":["Hologram","Rebound+1","Beam Cell+1"],"picked":"SKIP","floor":18},{"not_picked":["Leap","Sweeping Beam","Barrage"],"picked":"SKIP","floor":20},{"not_picked":["Cold Snap","Sweeping Beam+1","Steam+1"],"picked":"SKIP","floor":21},{"not_picked":["Skim+1","Aggregate+1"],"picked":"Rainbow+1","floor":29},{"not_picked":["Streamline","Fission+1"],"picked":"Amplify+1","floor":30}],"player_experience":1033381,"relics_obtained":[{"floor":6,"key":"Shovel"},{"floor":8,"key":"Matryoshka"},{"floor":9,"key":"Bag of Preparation"},{"floor":9,"key":"Pantograph"},{"floor":13,"key":"Pen Nib"},{"floor":15,"key":"Regal Pillow"},{"floor":23,"key":"Singing Bowl"},{"floor":25,"key":"Torii"},{"floor":26,"key":"Strawberry"},{"floor":26,"key":"Toxic Egg 2"},{"floor":27,"key":"Bottled Tornado"},{"floor":30,"key":"Bottled Flame"}],"event_choices":[{"damage_healed":0,"gold_gain":0,"player_choice":"Box","damage_taken":0,"relics_obtained":["Meat on the Bone"],"max_hp_gain":0,"max_hp_loss":0,"event_name":"Big Fish","floor":2,"gold_loss":0,"cards_obtained":["Regret"]},{"cards_removed":["Regret"],"damage_healed":0,"gold_gain":0,"player_choice":"Card Removal","damage_taken":7,"max_hp_gain":0,"max_hp_loss":0,"event_name":"Golden Wing","floor":4,"gold_loss":0},{"damage_healed":0,"gold_gain":175,"player_choice":"AGREE","damage_taken":0,"max_hp_gain":0,"max_hp_loss":0,"event_name":"Liars Game","floor":5,"gold_loss":0,"cards_obtained":["Doubt"]},{"damage_healed":0,"gold_gain":0,"player_choice":"Read","damage_taken":0,"max_hp_gain":0,"max_hp_loss":0,"event_name":"The Library","floor":19,"gold_loss":0,"cards_obtained":["Chaos"]},{"cards_removed":["Doubt"],"damage_healed":0,"gold_gain":0,"player_choice":"Elegance","damage_taken":0,"max_hp_gain":0,"max_hp_loss":0,"event_name":"Back to Basics","floor":22,"gold_loss":0},{"damage_healed":0,"gold_gain":0,"player_choice":"Obtained Relic","damage_taken":0,"relics_obtained":["Tiny Chest"],"max_hp_gain":0,"max_hp_loss":0,"event_name":"Addict","floor":24,"gold_loss":85}],"is_beta":false,"boss_relics":[{"not_picked":["Tiny House","Orrery"],"picked":"Astrolabe"}],"items_purged_floors":[28],"is_endless":false,"potions_floor_spawned":[1,10,12,16,18,20,29],"killed_by":"Sentry and Sphere","ascension_level":7}