{"gold_per_floor":[15,32,32,32,52,79,79,79],"floor_reached":8,"playtime":303,"items_purged":[],"score":95,"play_id":"20f2983b-9622-415d-a970-634e02dbbd43","local_time":"20190418194649","is_ascension_mode":true,"campfire_choices":[{"floor":7,"key":"REST"}],"neow_cost":"NO_GOLD","seed_source_timestamp":82937602784200,"circlet_count":0,"master_deck":["AscendersBane","Strike_R","Strike_R","Strike_R","Defend_R","Defend_R","Defend_R","Defend_R","Bash","Burning Pact","True Grit","Body Slam","Feel No Pain","Dual Wield"],"relics":["Burning Blood","Juzu Bracelet"],"potions_floor_usage":[6,6,8],"damage_taken":[{"damage":12,"enemies":"Small Slimes","floor":1,"turns":5},{"damage":8,"enemies":"2 Louse","floor":2,"turns":5},{"damage":18,"enemies":"Cultist","floor":5,"turns":6},{"damage":54,"enemies":"Gremlin Nob","floor":6,"turns":5},{"damage":33,"enemies":"Lagavulin","floor":8,"turns":7}],"seed_played":"7179282714127741864","potions_obtained":[{"floor":2,"key":"Poison Potion"},{"floor":5,"key":"PowerPotion"},{"floor":6,"key":"EssenceOfSteel"}],"is_trial":false,"path_per_floor":["M","M","?","?","M","E","R","E"],"character_chosen":"IRONCLAD","items_purchased":[],"campfire_rested":1,"item_purchase_floors":[],"current_hp_per_floor":[76,74,67,67,55,7,33,0],"gold":79,"neow_bonus":"TWENTY_PERCENT_HP_BONUS","is_prod":false,"is_daily":false,"chose_seed":false,"campfire_upgraded":0,"win_rate":0,"timestamp":1555609609,"path_taken":["M","M","?","?","?","E","R","E"],"build_version":"2019-01-23","purchased_purges":0,"victory":false,"max_hp_per_floor":[89,89,89,89,89,89,89,89],"card_choices":[{"not_picked":["Body Slam","Twin Strike"],"picked":"Burning Pact","floor":1},{"not_picked":["Heavy Blade","Twin Strike"],"picked":"True Grit","floor":2},{"not_picked":["Rage","Cleave"],"picked":"Feel No Pain","floor":5},{"not_picked":["Combust","Searing Blow"],"picked":"Dual Wield","floor":6}],"player_experience":1729146,"relics_obtained":[{"floor":6,"key":"Juzu Bracelet"}],"event_choices":[{"cards_removed":["Strike_R"],"damage_healed":0,"gold_gain":0,"player_choice":"Card Removal","damage_taken":7,"max_hp_gain":0,"max_hp_loss":0,"event_name":"Golden Wing","floor":3,"gold_loss":0},{"damage_healed":0,"gold_gain":0,"cards_transformed":["Strike_R"],"player_choice":"Transformed","damage_taken":0,"max_hp_gain":0,"max_hp_loss":0,"event_name":"Transmorgrifier","floor":4,"gold_loss":0,"cards_obtained":["Body Slam"]}],"is_beta":false,"boss_relics":[],"items_purged_floors":[],"is_endless":false,"potions_floor_spawned":[2,5,6],"killed_by":"Lagavulin","ascension_level":14}