{"gold_per_floor":[116,79,79,3,3,329,348,348,372,385,415,415,415,447,447,447],"floor_reached":16,"playtime":710,"items_purged":[],"score":174,"play_id":"dc67c736-73df-4cec-b44e-5fee6c093b86","local_time":"20190317175034","is_ascension_mode":true,"campfire_choices":[{"floor":8,"key":"REST"},{"floor":13,"key":"REST"},{"floor":15,"key":"REST"}],"neow_cost":"CURSE","seed_source_timestamp":256940555145700,"circlet_count":0,"master_deck":["AscendersBane","Defend_G","Defend_G","Defend_G","Defend_G","Defend_G","Strike_G","Strike_G","Strike_G","Strike_G","Survivor","Neutralize","Clumsy","Flying Knee","Accuracy","Accuracy","Heel Hook","Blade Dance","Acrobatics","Expertise","Die Die Die","Caltrops"],"relics":["Ring of the Snake","Tingsha","Meat on the Bone","Old Coin","Ancient Tea Set","Thread and Needle","Girya"],"potions_floor_usage":[11,16],"damage_taken":[{"damage":1,"enemies":"2 Louse","floor":1,"turns":3},{"damage":50,"enemies":"Gremlin Nob","floor":6,"turns":6},{"damage":0,"enemies":"Small Slimes","floor":7,"turns":3},{"damage":6,"enemies":"Jaw Worm","floor":10,"turns":5},{"damage":27,"enemies":"Lagavulin","floor":11,"turns":7},{"damage":27,"enemies":"Gremlin Nob","floor":14,"turns":5},{"damage":63,"enemies":"Hexaghost","floor":16,"turns":11}],"seed_played":"4050785461734303682","potions_obtained":[{"floor":7,"key":"SpeedPotion"},{"floor":10,"key":"SteroidPotion"}],"is_trial":false,"path_per_floor":["M","$","?","$","?","E","M","R","T","M","E","?","R","E","R","B"],"character_chosen":"THE_SILENT","items_purchased":["Accuracy","Accuracy"],"campfire_rested":3,"item_purchase_floors":[2,4],"current_hp_per_floor":[62,62,59,59,59,21,33,54,54,48,33,33,54,39,60,0],"gold":447,"neow_bonus":"ONE_RARE_RELIC","is_prod":false,"is_daily":false,"chose_seed":false,"campfire_upgraded":0,"win_rate":0,"timestamp":1552841434,"path_taken":["M","$","?","$","?","E","M","R","T","?","E","?","R","E","R","BOSS"],"build_version":"2019-01-23","purchased_purges":0,"victory":false,"max_hp_per_floor":[70,70,70,70,70,70,70,70,70,70,70,70,70,70,70,70],"card_choices":[{"not_picked":["Deadly Poison","Cloak And Dagger"],"picked":"Flying Knee","floor":1},{"not_picked":["Predator","Storm of Steel"],"picked":"Blade Dance","floor":6},{"not_picked":["Quick Slash","Deadly Poison"],"picked":"Acrobatics","floor":7},{"not_picked":["Flying Knee","Dodge and Roll"],"picked":"Expertise","floor":10},{"not_picked":["Backstab","Sucker Punch"],"picked":"Die Die Die","floor":11},{"not_picked":["Acrobatics","Bane"],"picked":"Caltrops","floor":14}],"player_experience":1536504,"relics_obtained":[{"floor":6,"key":"Old Coin"},{"floor":9,"key":"Ancient Tea Set"},{"floor":11,"key":"Thread and Needle"},{"floor":14,"key":"Girya"}],"event_choices":[{"damage_healed":0,"gold_gain":0,"player_choice":"Success","damage_taken":3,"relics_obtained":["Meat on the Bone"],"max_hp_gain":0,"max_hp_loss":0,"event_name":"Scrap Ooze","floor":3,"gold_loss":0},{"damage_healed":0,"gold_gain":0,"cards_transformed":["Strike_G"],"player_choice":"Change","damage_taken":0,"max_hp_gain":0,"max_hp_loss":0,"event_name":"Living Wall","floor":5,"gold_loss":0,"cards_obtained":["Heel Hook"]},{"damage_healed":0,"gold_gain":0,"player_choice":"Ignored","damage_taken":0,"max_hp_gain":0,"max_hp_loss":0,"event_name":"Shining Light","floor":12,"gold_loss":0}],"is_beta":false,"boss_relics":[],"items_purged_floors":[],"is_endless":false,"potions_floor_spawned":[7,10],"killed_by":"Hexaghost","ascension_level":10}