{"gold_per_floor":[114,124,124,49,59,91,91,106,106,126,201,230,66,66,66,165,165,180,204,204,225,9,9,25,25,25,38,38,38,58,83,83,83],"floor_reached":33,"playtime":2272,"items_purged":["Defend_B"],"score":568,"play_id":"ae22b13f-5fe5-4234-a9c9-07e19c011c83","local_time":"20190502063517","is_ascension_mode":true,"campfire_choices":[{"floor":7.0,"key":"REST"},{"floor":15.0,"key":"REST"},{"floor":23.0,"key":"REST"},{"floor":28.0,"key":"REST"},{"floor":32,"key":"REST"}],"neow_cost":"PERCENT_DAMAGE","seed_source_timestamp":0,"circlet_count":0,"master_deck":["AscendersBane","Defend_B","Defend_B","Defend_B","Zap","Dualcast","Creative AI","Reinforced Body","Undo","Ball Lightning","Coolheaded","Leap","White Noise","Biased Cognition","Heatsinks+1","Storm+1","BootSequence+1","Storm","Heatsinks","Genetic Algorithm","Glacier","Coolheaded","Leap","Coolheaded","Glacier"],"special_seed":0,"relics":["Cracked Core","Potion Belt","Bottled Tornado","Blood Vial","Golden Idol","Astrolabe","Nloth\u0027s Gift","Orichalcum"],"potions_floor_usage":[33],"damage_taken":[{"damage":4.0,"enemies":"Jaw Worm","floor":1.0,"turns":4.0},{"damage":4.0,"enemies":"2 Louse","floor":2.0,"turns":2.0},{"damage":9.0,"enemies":"Small Slimes","floor":5.0,"turns":5.0},{"damage":23.0,"enemies":"3 Sentries","floor":6.0,"turns":5.0},{"damage":0.0,"enemies":"Blue Slaver","floor":8.0,"turns":5.0},{"damage":1.0,"enemies":"Lots of Slimes","floor":10.0,"turns":3.0},{"damage":0.0,"enemies":"Lagavulin","floor":12.0,"turns":9.0},{"damage":18.0,"enemies":"Slime Boss","floor":16.0,"turns":9.0},{"damage":20.0,"enemies":"Spheric Guardian","floor":18.0,"turns":7.0},{"damage":16.0,"enemies":"Chosen","floor":19.0,"turns":5.0},{"damage":26.0,"enemies":"Snake Plant","floor":21.0,"turns":4.0},{"damage":24.0,"enemies":"Shelled Parasite and Fungi","floor":24.0,"turns":11.0},{"damage":0.0,"enemies":"Chosen and Byrds","floor":27.0,"turns":5.0},{"damage":19.0,"enemies":"Sentry and Sphere","floor":30.0,"turns":9.0},{"damage":4,"enemies":"Centurion and Healer","floor":31,"turns":7},{"damage":31,"enemies":"Collector","floor":33,"turns":5}],"seed_played":"-8863151130516355194","potions_obtained":[{"floor":1.0,"key":"Poison Potion"},{"floor":5.0,"key":"SkillPotion"},{"floor":6.0,"key":"AttackPotion"},{"floor":16.0,"key":"SkillPotion"},{"floor":21.0,"key":"Poison Potion"},{"floor":24.0,"key":"Strength Potion"},{"floor":31,"key":"Weak Potion"}],"is_trial":false,"path_per_floor":["M","M","?","?","M","E","R","M","T","M","?","E","$","?","R","B",null,"M","M","?","M","$","R","M","$","T","M","R","$","M","M","R","B"],"character_chosen":"DEFECT","items_purchased":["Blood Vial","Glacier","Coolheaded"],"campfire_rested":5,"item_purchase_floors":[13,22,22],"current_hp_per_floor":[42,38,61,61,52,29,50,50,50,49,38,38,38,14,35,19,58,40,26,26,2,2,23,1,1,1,3,24,24,7,5,26,0],"gold":83,"neow_bonus":"THREE_RARE_CARDS","is_prod":false,"is_daily":false,"chose_seed":false,"campfire_upgraded":0,"win_rate":0,"timestamp":1556793317,"path_taken":["M","M","?","?","M","E","R","M","T","M","?","E","$","?","R","BOSS","M","M","?","?","?","R","M","?","T","M","R","$","M","M","R","BOSS"],"build_version":"2019-01-23","purchased_purges":1,"victory":false,"max_hp_per_floor":[71,71,71,71,71,71,71,71,71,71,71,71,71,71,71,71,71,71,71,71,71,71,71,71,71,71,71,71,71,71,71,71,71],"card_choices":[{"not_picked":["Multi-Cast","Hyperbeam"],"picked":"Creative AI","floor":0.0},{"not_picked":["Blizzard","Static Discharge"],"picked":"Reinforced Body","floor":1.0},{"not_picked":["Doom and Gloom","Rip and Tear"],"picked":"Undo","floor":2.0},{"not_picked":["Streamline","Storm"],"picked":"Ball Lightning","floor":5.0},{"not_picked":["Fission","Chaos"],"picked":"Coolheaded","floor":6.0},{"not_picked":["Beam Cell","Blizzard"],"picked":"Leap","floor":8.0},{"not_picked":["Hologram","Gash"],"picked":"White Noise","floor":10.0},{"not_picked":["Auto Shields","Gash","Go for the Eyes"],"picked":"SKIP","floor":12.0},{"not_picked":["Creative AI","Thunder Strike"],"picked":"Biased Cognition","floor":16.0},{"not_picked":["Beam Cell","Leap"],"picked":"Storm","floor":18.0},{"not_picked":["Compile Driver","Scrape+1","Hello World"],"picked":"SKIP","floor":18.0},{"not_picked":["Skim+1","Compile Driver"],"picked":"Heatsinks","floor":19.0},{"not_picked":["Sweeping Beam","Rebound","Go for the Eyes"],"picked":"SKIP","floor":19.0},{"not_picked":["Aggregate","Blizzard+1"],"picked":"Genetic Algorithm","floor":21.0},{"not_picked":["Reboot","Redo","All For One"],"picked":"SKIP","floor":24.0},{"not_picked":["Sweeping Beam","Ball Lightning"],"picked":"Leap","floor":27.0},{"not_picked":["Gash","Barrage"],"picked":"Coolheaded","floor":30.0},{"not_picked":["Hologram","Steam"],"picked":"Glacier","floor":31}],"player_experience":823178,"relics_obtained":[{"floor":6.0,"key":"Potion Belt"},{"floor":9.0,"key":"Bottled Tornado"},{"floor":12.0,"key":"Prayer Wheel"},{"floor":26.0,"key":"Orichalcum"}],"event_choices":[{"damage_healed":23.0,"max_hp_gain":0.0,"max_hp_loss":0.0,"gold_gain":0.0,"event_name":"Big Fish","player_choice":"Banana","floor":3.0,"gold_loss":0.0,"damage_taken":0.0},{"cards_removed":["Strike_B"],"damage_healed":0.0,"max_hp_gain":0.0,"max_hp_loss":0.0,"gold_gain":0.0,"event_name":"The Cleric","player_choice":"Card Removal","floor":4.0,"gold_loss":75.0,"damage_taken":0.0},{"damage_healed":0.0,"max_hp_gain":0.0,"max_hp_loss":0.0,"gold_gain":75.0,"event_name":"World of Goop","player_choice":"Gather Gold","floor":11.0,"gold_loss":0.0,"damage_taken":11.0},{"damage_healed":0.0,"max_hp_gain":0.0,"max_hp_loss":0.0,"gold_gain":0.0,"event_name":"Golden Idol","player_choice":"Take Damage","floor":14.0,"gold_loss":0.0,"damage_taken":24.0,"relics_obtained":["Golden Idol"]},{"damage_healed":0.0,"max_hp_gain":0.0,"max_hp_loss":0.0,"gold_gain":0.0,"event_name":"N\u0027loth","player_choice":"Traded Relic","floor":20.0,"relics_lost":["Prayer Wheel"],"gold_loss":0.0,"damage_taken":0.0,"relics_obtained":["Nloth\u0027s Gift"]}],"is_beta":false,"boss_relics":[{"not_picked":["Calling Bell","Eternal Feather"],"picked":"Astrolabe"}],"items_purged_floors":[22],"is_endless":false,"potions_floor_spawned":[1,5,6,16,21,24,31],"killed_by":"Collector","ascension_level":20}