{"gold_per_floor":[114,129,429,263,278,278,293,323,323,323,338,368,383,458,458,558,558,543,4,4,4,19,49,76,103,115,127,154,196,223,250,262,374,386,413,440,467,27,36,66,81,131,131,146,421,436,451,466,466,466],"floor_reached":51,"playtime":3971,"items_purged":["Regret"],"score":817,"play_id":"05f3ba6b-f45d-42b2-8ae5-5340892389c9","local_time":"20190414001422","daily_mods":["Heirloom","Blue Cards","Binary"],"is_ascension_mode":false,"campfire_choices":[{"data":"Feel No Pain","floor":6,"key":"SMITH"},{"data":"1","floor":15,"key":"LIFT"},{"data":"2","floor":27,"key":"LIFT"},{"data":"3","floor":32,"key":"LIFT"},{"floor":49,"key":"REST"}],"neow_cost":"","seed_source_timestamp":189113603518765,"circlet_count":0,"master_deck":["Strike_R","Strike_R","Strike_R","Strike_R","Defend_R","Defend_R","Defend_R","Defend_R","Bash","Shrug It Off","Seeing Red","Shrug It Off","Seeing Red","Feel No Pain+1","Iron Wave","Warcry","Genetic Algorithm","Hologram","True Grit","Seeing Red","Corruption","Dark Shackles","Purity","Dramatic Entrance","BootSequence","White Noise","Shrug It Off","Dark Shackles","Magnetism","Creative AI","Flame Barrier+1","Pain","Body Slam+1","Regret"],"special_seed":18000,"relics":["Burning Blood","Charon\u0027s Ashes","Old Coin","The Courier","Girya","Meat on the Bone","Singing Bowl","Fusion Hammer","ClockworkSouvenir","Bag of Preparation","MawBank","Du-Vu Doll","Bag of Marbles","Cursed Key","Bronze Scales","Vajra","StoneCalendar","Blood Vial","Paper Frog","Question Card"],"potions_floor_usage":[8,16,23,23,29,40,50],"damage_taken":[{"damage":3,"enemies":"Jaw Worm","floor":1,"turns":4},{"damage":5,"enemies":"Small Slimes","floor":2,"turns":4},{"damage":0,"enemies":"2 Louse","floor":5,"turns":3},{"damage":13,"enemies":"Large Slime","floor":7,"turns":7},{"damage":4,"enemies":"3 Sentries","floor":8,"turns":6},{"damage":4,"enemies":"Lots of Slimes","floor":11,"turns":3},{"damage":37,"enemies":"Lagavulin","floor":12,"turns":9},{"damage":0,"enemies":"Blue Slaver","floor":13,"turns":5},{"damage":51,"enemies":"The Guardian","floor":16,"turns":26},{"damage":6,"enemies":"2 Thieves","floor":18,"turns":4},{"damage":0,"enemies":"3 Byrds","floor":22,"turns":3},{"damage":1,"enemies":"Book of Stabbing","floor":23,"turns":7},{"damage":1,"enemies":"Snake Plant","floor":24,"turns":5},{"damage":0,"enemies":"Centurion and Healer","floor":25,"turns":7},{"damage":2,"enemies":"Cultist and Chosen","floor":28,"turns":4},{"damage":0,"enemies":"Slavers","floor":29,"turns":3},{"damage":17,"enemies":"Sentry and Sphere","floor":30,"turns":9},{"damage":1,"enemies":"Snecko","floor":31,"turns":6},{"damage":13,"enemies":"Champ","floor":33,"turns":12},{"damage":3,"enemies":"Orb Walker","floor":35,"turns":3},{"damage":0,"enemies":"3 Darklings","floor":36,"turns":4},{"damage":5,"enemies":"Jaw Worm Horde","floor":37,"turns":4},{"damage":11,"enemies":"2 Orb Walkers","floor":39,"turns":5},{"damage":40,"enemies":"Nemesis","floor":40,"turns":7},{"damage":0,"enemies":"4 Shapes","floor":41,"turns":2},{"damage":8,"enemies":"Giant Head","floor":42,"turns":7},{"damage":6,"enemies":"Maw","floor":44,"turns":7},{"damage":1,"enemies":"Jaw Worm Horde","floor":46,"turns":3},{"damage":4,"enemies":"Spire Growth","floor":47,"turns":4},{"damage":0,"enemies":"4 Shapes","floor":48,"turns":1},{"damage":29,"enemies":"Donu and Deca","floor":50,"turns":7}],"seed_played":"-6873937662443283493","potions_obtained":[{"floor":5,"key":"Explosive Potion"},{"floor":11,"key":"Ancient Potion"},{"floor":13,"key":"Energy Potion"},{"floor":18,"key":"Swift Potion"},{"floor":22,"key":"Poison Potion"},{"floor":24,"key":"Energy Potion"},{"floor":28,"key":"GamblersBrew"},{"floor":33,"key":"FearPotion"},{"floor":35,"key":"Regen Potion"},{"floor":44,"key":"SneckoOil"},{"floor":48,"key":"AttackPotion"}],"is_trial":false,"path_per_floor":["M","M","?","$","M","R","M","E","T","T","M","E","M","?","R","B",null,"M","$","?","?","M","E","M","M","T","R","M","E","M","M","R","B",null,"M","M","M","$","?","E","M","E","T","M","?","M","M","M","R","B",null],"character_chosen":"IRONCLAD","items_purchased":["Shrug It Off","Seeing Red","Corruption","Dark Shackles","ClockworkSouvenir","Purity","Dramatic Entrance","Bag of Preparation","Bronze Scales","Vajra","Dark Shackles","Magnetism"],"campfire_rested":1,"item_purchase_floors":[4,4,19,19,19,19,19,19,38,38,38,38],"current_hp_per_floor":[80,80,80,80,80,80,73,75,75,75,77,58,64,53,53,22,82,82,82,73,73,81,84,86,88,88,88,90,90,79,86,86,81,94,96,98,100,100,95,73,83,85,85,87,87,96,102,110,110,87],"gold":466,"neow_bonus":"","is_prod":false,"is_daily":true,"chose_seed":false,"campfire_upgraded":1,"win_rate":0,"timestamp":1555226062,"path_taken":["M","M","?","$","M","R","M","E","T","?","M","E","M","?","R","BOSS","M","$","?","?","M","E","M","M","T","R","?","E","M","M","R","BOSS","M","M","M","$","?","E","M","E","T","M","?","?","M","M","R","BOSS"],"build_version":"2019-01-23","purchased_purges":1,"victory":true,"max_hp_per_floor":[80,80,80,80,80,80,80,80,80,80,80,80,80,80,80,82,82,82,82,82,82,84,84,86,88,88,88,90,90,90,92,92,94,94,96,98,100,100,100,100,102,104,104,104,104,106,108,110,110,110],"card_choices":[{"not_picked":["Warcry"],"picked":"Shrug It Off","floor":1},{"not_picked":["Sword Boomerang"],"picked":"Seeing Red","floor":2},{"not_picked":["Infernal Blade"],"picked":"Feel No Pain","floor":5},{"not_picked":["Headbutt"],"picked":"Iron Wave","floor":7},{"not_picked":["Redo"],"picked":"Warcry","floor":8},{"not_picked":["Cold Snap"],"picked":"Genetic Algorithm","floor":11},{"not_picked":["Buffer"],"picked":"Hologram","floor":12},{"not_picked":["Cold Snap"],"picked":"True Grit","floor":13},{"not_picked":["Electrodynamics","Amplify"],"picked":"Singing Bowl","floor":16},{"not_picked":["Shrug It Off"],"picked":"Seeing Red","floor":18},{"not_picked":["Rebound+1","Steam+1"],"picked":"Singing Bowl","floor":22},{"not_picked":["Compile Driver"],"picked":"BootSequence","floor":23},{"not_picked":["Pommel Strike","Flex+1"],"picked":"Singing Bowl","floor":24},{"not_picked":["Stack","Cold Snap"],"picked":"Singing Bowl","floor":25},{"not_picked":["Perfected Strike","Doom and Gloom+1"],"picked":"Singing Bowl","floor":28},{"not_picked":["Tempest"],"picked":"White Noise","floor":29},{"not_picked":["Doom and Gloom+1"],"picked":"Shrug It Off","floor":30},{"not_picked":["Thunder Strike","Sever Soul"],"picked":"Singing Bowl","floor":31},{"not_picked":["Thunder Strike","Fission"],"picked":"Singing Bowl","floor":33},{"not_picked":["Uppercut","Leap"],"picked":"Singing Bowl","floor":35},{"not_picked":["FTL","Leap"],"picked":"Singing Bowl","floor":36},{"not_picked":["Heavy Blade","Twin Strike"],"picked":"Singing Bowl","floor":37},{"not_picked":["Thunderclap"],"picked":"Creative AI","floor":39},{"not_picked":["Armaments"],"picked":"Flame Barrier+1","floor":40},{"not_picked":["Gash+1","Twin Strike+1"],"picked":"Singing Bowl","floor":41},{"not_picked":["Ball Lightning+1","Coolheaded+1"],"picked":"Singing Bowl","floor":42},{"not_picked":["Warcry+1","Cold Snap+1"],"picked":"Body Slam+1","floor":44},{"not_picked":["Heavy Blade+1","Clash+1","Havoc"],"picked":"Singing Bowl","floor":46},{"not_picked":["Steam Power","Battle Trance","Corruption+1"],"picked":"Singing Bowl","floor":47},{"not_picked":["Conserve Battery+1","Leap","Stack+1"],"picked":"Singing Bowl","floor":48}],"player_experience":1354129,"relics_obtained":[{"floor":8,"key":"The Courier"},{"floor":9,"key":"Girya"},{"floor":10,"key":"Meat on the Bone"},{"floor":12,"key":"Singing Bowl"},{"floor":23,"key":"MawBank"},{"floor":26,"key":"Du-Vu Doll"},{"floor":29,"key":"Bag of Marbles"},{"floor":39,"key":"StoneCalendar"},{"floor":40,"key":"Blood Vial"},{"floor":42,"key":"Paper Frog"},{"floor":43,"key":"Question Card"}],"event_choices":[{"damage_healed":0,"gold_gain":0,"player_choice":"Box","damage_taken":0,"relics_obtained":["Old Coin"],"max_hp_gain":0,"max_hp_loss":0,"event_name":"Big Fish","floor":3,"gold_loss":0,"cards_obtained":["Regret"]},{"damage_healed":0,"gold_gain":75,"player_choice":"Gather Gold","damage_taken":11,"max_hp_gain":0,"max_hp_loss":0,"event_name":"World of Goop","floor":14,"gold_loss":0},{"damage_healed":0,"gold_gain":0,"player_choice":"Stopped","damage_taken":9,"max_hp_gain":0,"max_hp_loss":0,"event_name":"Cursed Tome","floor":20,"gold_loss":0},{"cards_removed":["Strike_R"],"damage_healed":0,"gold_gain":0,"player_choice":"Purged","damage_taken":0,"max_hp_gain":0,"max_hp_loss":0,"event_name":"Purifier","floor":21,"gold_loss":0},{"damage_healed":0,"gold_gain":0,"player_choice":"Fight","damage_taken":0,"max_hp_gain":0,"max_hp_loss":0,"event_name":"Mysterious Sphere","floor":39,"gold_loss":0},{"damage_healed":0,"gold_gain":275,"player_choice":"Desecrate","damage_taken":0,"max_hp_gain":0,"max_hp_loss":0,"event_name":"Golden Shrine","floor":45,"gold_loss":0,"cards_obtained":["Regret"]}],"is_beta":false,"boss_relics":[{"not_picked":["Sozu","Runic Dome"],"picked":"Fusion Hammer"},{"not_picked":["Eternal Feather","Astrolabe"],"picked":"Cursed Key"}],"items_purged_floors":[4],"is_endless":false,"potions_floor_spawned":[5,11,13,18,22,24,28,33,35,36,37,44,48],"ascension_level":0}