{"gold_per_floor":[119,33,50,125,144,144,204,32,32,32,32,32,32,48,48,153,153,165,151,6,6,6,6,6,6],"floor_reached":25,"playtime":962,"items_purged":["Parasite"],"score":281,"play_id":"dbabc059-e759-41db-829b-8479de5e7cee","local_time":"20190323194711","is_ascension_mode":true,"campfire_choices":[{"floor":6,"key":"REST"},{"floor":10,"key":"REST"},{"data":"Discovery","floor":12,"key":"SMITH"},{"data":"Jack Of All Trades","floor":15,"key":"SMITH"},{"floor":23,"key":"REST"}],"neow_cost":"CURSE","seed_source_timestamp":282960228261400,"circlet_count":0,"master_deck":["AscendersBane","Defend_G","Defend_G","Defend_G","Defend_G","Defend_G","Strike_G","Strike_G","Strike_G","Survivor","Neutralize","Envenom","Dagger Throw","Discovery+1","Dagger Throw","Dagger Spray","Caltrops","Jack Of All Trades+1","Pain","Caltrops","Burst","Footwork","Corpse Explosion","Bane","Expertise"],"relics":["Ring of the Snake","Kunai","Gremlin Horn","WarpedTongs","WristBlade"],"potions_floor_usage":[16,18,19,25],"damage_taken":[{"damage":0,"enemies":"Cultist","floor":1,"turns":5},{"damage":0,"enemies":"Small Slimes","floor":3,"turns":3},{"damage":3,"enemies":"Jaw Worm","floor":5,"turns":4},{"damage":29,"enemies":"Gremlin Nob","floor":7,"turns":5},{"damage":7,"enemies":"Large Slime","floor":14,"turns":6},{"damage":49,"enemies":"Slime Boss","floor":16,"turns":10},{"damage":9,"enemies":"Shell Parasite","floor":18,"turns":6},{"damage":25,"enemies":"2 Thieves","floor":19,"turns":4},{"damage":37,"enemies":"Slavers","floor":25,"turns":2}],"seed_played":"-1564469966643034312","potions_obtained":[{"floor":1,"key":"Dexterity Potion"},{"floor":5,"key":"Regen Potion"},{"floor":16,"key":"GamblersBrew"},{"floor":18,"key":"FearPotion"}],"is_trial":false,"path_per_floor":["M","$","M","?","M","R","?","$","T","R","$","R","?","M","R","B",null,"M","M","$","?","?","R","?","E"],"character_chosen":"THE_SILENT","items_purchased":["Discovery","Jack Of All Trades","Corpse Explosion"],"campfire_rested":3,"item_purchase_floors":[2,8,20],"current_hp_per_floor":[63,63,63,52,49,70,41,41,41,61,61,61,61,54,54,20,55,46,21,21,9,9,30,30,0],"gold":6,"neow_bonus":"THREE_RARE_CARDS","is_prod":false,"is_daily":false,"chose_seed":false,"campfire_upgraded":2,"win_rate":0,"timestamp":1553366831,"path_taken":["M","$","?","?","M","R","?","$","T","R","$","R","?","M","R","BOSS","M","M","?","?","?","R","?","E"],"build_version":"2019-01-23","purchased_purges":1,"victory":false,"max_hp_per_floor":[70,70,70,70,70,70,70,67,67,67,67,67,67,67,67,67,67,67,67,67,72,72,72,72,72],"card_choices":[{"not_picked":["Night Terror","Tools of the Trade"],"picked":"Envenom","floor":0},{"not_picked":["Reflex","Endless Agony"],"picked":"Dagger Throw","floor":1},{"not_picked":["Deadly Poison","Skewer"],"picked":"Dagger Throw","floor":3},{"not_picked":["Backflip","PiercingWail"],"picked":"Dagger Spray","floor":5},{"not_picked":["Deadly Poison","Cloak And Dagger"],"picked":"Caltrops","floor":7},{"not_picked":["Dodge and Roll","Prepared"],"picked":"Caltrops","floor":14},{"not_picked":["Corpse Explosion","Adrenaline"],"picked":"Burst","floor":16},{"not_picked":["Tactician","Dagger Spray"],"picked":"Footwork","floor":18},{"not_picked":["Deadly Poison","Terror","Backflip"],"picked":"SKIP","floor":19}],"player_experience":1565820,"relics_obtained":[{"floor":9,"key":"Gremlin Horn"}],"event_choices":[{"damage_healed":0,"gold_gain":75,"player_choice":"Gather Gold","damage_taken":11,"max_hp_gain":0,"max_hp_loss":0,"event_name":"World of Goop","floor":4,"gold_loss":0},{"damage_healed":0,"gold_gain":0,"player_choice":"Searched \u00272\u0027 times","damage_taken":0,"relics_obtained":["Kunai"],"max_hp_gain":0,"max_hp_loss":0,"event_name":"Dead Adventurer","floor":7,"gold_loss":0},{"damage_healed":0,"gold_gain":0,"player_choice":"Rummage","damage_taken":0,"relics_obtained":["WarpedTongs"],"max_hp_gain":0,"max_hp_loss":0,"event_name":"Accursed Blacksmith","floor":13,"gold_loss":0,"cards_obtained":["Pain"]},{"damage_healed":0,"gold_gain":0,"player_choice":"Shed Blood","damage_taken":17,"max_hp_gain":5,"max_hp_loss":0,"event_name":"Forgotten Altar","floor":21,"gold_loss":0},{"damage_healed":0,"gold_gain":0,"cards_transformed":["Strike_G","Strike_G"],"player_choice":"Became Test Subject","damage_taken":0,"max_hp_gain":0,"max_hp_loss":0,"event_name":"Drug Dealer","floor":22,"gold_loss":0,"cards_obtained":["Bane","Expertise"]},{"damage_healed":0,"gold_gain":0,"player_choice":"Ignored","damage_taken":0,"max_hp_gain":0,"max_hp_loss":0,"event_name":"Beggar","floor":24,"gold_loss":0}],"is_beta":false,"boss_relics":[{"not_picked":["Orrery","Tiny House"],"picked":"WristBlade"}],"items_purged_floors":[8],"is_endless":false,"potions_floor_spawned":[1,5,16,18],"killed_by":"Slavers","ascension_level":10}