{"gold_per_floor":[118,118,134,209,174,208,14,14,38,38,48,62,62,75,75,151,151,162,14,33,33,33,33,33,52,52,52,65,90,90,15,15,88,88,102,102,32,51,76,76,76,76,76,91,91,91,102,112,112,112],"floor_reached":50,"playtime":2019,"items_purged":[],"score":770,"play_id":"bbca787f-628b-4bcb-bd28-193d8c152190","local_time":"20190418202621","is_ascension_mode":true,"campfire_choices":[{"floor":8,"key":"REST"},{"floor":10,"key":"REST"},{"data":"Uppercut","floor":15,"key":"SMITH"},{"floor":23,"key":"REST"},{"floor":27,"key":"REST"},{"floor":32,"key":"REST"},{"floor":40,"key":"REST"},{"floor":42,"key":"REST"},{"data":"Limit Break","floor":46,"key":"SMITH"},{"data":"Secret Technique","floor":49,"key":"SMITH"}],"neow_cost":"PERCENT_DAMAGE","seed_source_timestamp":83592014880300,"circlet_count":0,"master_deck":["AscendersBane","Strike_R","Strike_R","Strike_R","Strike_R","Strike_R","Defend_R","Defend_R","Defend_R","Defend_R","Bash","Reaper","Rage+1","Uppercut+1","Battle Trance","Pommel Strike","Rage","Fiend Fire","Whirlwind","Whirlwind","Thunderclap","Writhe","Metallicize","Limit Break+1","Juggernaut","Dual Wield","Bandage Up","Secret Technique+1","Violence","Body Slam"],"relics":["Black Blood","Champion Belt","Chemical X","Vajra","Runic Pyramid","Pantograph","Bottled Lightning","Omamori","Necronomicon","Lantern","Paper Frog"],"potions_floor_usage":[20,20,33,50,50],"damage_taken":[{"damage":0,"enemies":"Small Slimes","floor":1,"turns":5},{"damage":5,"enemies":"Cultist","floor":3,"turns":5},{"damage":48,"enemies":"Gremlin Nob","floor":6,"turns":6},{"damage":3,"enemies":"Jaw Worm","floor":11,"turns":3},{"damage":7,"enemies":"2 Fungi Beasts","floor":12,"turns":3},{"damage":4,"enemies":"Blue Slaver","floor":14,"turns":4},{"damage":70,"enemies":"Slime Boss","floor":16,"turns":16},{"damage":66,"enemies":"3 Byrds","floor":18,"turns":7},{"damage":2,"enemies":"Shell Parasite","floor":20,"turns":3},{"damage":14,"enemies":"Colosseum Slavers","floor":21,"turns":2},{"damage":21,"enemies":"Snake Plant","floor":25,"turns":2},{"damage":32,"enemies":"Centurion and Healer","floor":28,"turns":6},{"damage":59,"enemies":"Collector","floor":33,"turns":7},{"damage":40,"enemies":"3 Darklings","floor":35,"turns":4},{"damage":34,"enemies":"Orb Walker","floor":38,"turns":4},{"damage":4,"enemies":"Maw","floor":44,"turns":6},{"damage":13,"enemies":"3 Darklings","floor":47,"turns":3},{"damage":0,"enemies":"Jaw Worm Horde","floor":48,"turns":1},{"damage":86,"enemies":"Donu and Deca","floor":50,"turns":6}],"seed_played":"6267560614351772447","potions_obtained":[{"floor":3,"key":"SpeedPotion"},{"floor":6,"key":"Ancient Potion"},{"floor":47,"key":"EssenceOfSteel"},{"floor":48,"key":"Swift Potion"}],"is_trial":false,"path_per_floor":["M","?","M","?","?","E","$","R","T","R","M","M","?","M","R","B",null,"M","$","M","?","?","R","?","M","T","R","M","T","?","$","R","B",null,"M","?","$","M","T","R","$","R","T","M","?","R","M","M","R","B"],"character_chosen":"IRONCLAD","items_purchased":["Chemical X","Regen Potion","Whirlwind","Regen Potion","Dual Wield"],"campfire_rested":7,"item_purchase_floors":[7,19,19,31,37],"current_hp_per_floor":[56,75,75,64,75,37,37,59,59,75,75,74,74,75,75,17,61,8,8,21,23,23,45,45,30,30,52,26,26,10,10,32,19,61,61,61,61,37,37,59,59,75,75,75,65,65,66,75,75,0],"gold":112,"neow_bonus":"THREE_RARE_CARDS","is_prod":false,"is_daily":false,"chose_seed":false,"campfire_upgraded":3,"win_rate":0,"timestamp":1555611981,"path_taken":["M","?","?","?","?","E","?","R","T","R","?","M","?","M","R","BOSS","M","$","M","?","?","R","?","?","T","R","M","?","?","?","R","BOSS","M","?","$","?","?","R","$","R","T","M","?","R","M","M","R","BOSS"],"build_version":"2019-01-23","purchased_purges":0,"victory":false,"max_hp_per_floor":[75,75,75,75,75,75,75,75,75,75,75,75,75,75,75,75,75,75,75,75,75,75,75,75,75,75,75,75,75,75,75,75,75,75,75,75,75,75,75,75,75,75,75,75,75,75,75,75,75,75],"card_choices":[{"not_picked":["Offering","Impervious"],"picked":"Reaper","floor":0},{"not_picked":["Thunderclap","Shockwave"],"picked":"Dual Wield","floor":1},{"not_picked":["Rampage","Havoc"],"picked":"Rage","floor":3},{"not_picked":["Flex","Dropkick"],"picked":"Uppercut","floor":6},{"not_picked":["True Grit","Clothesline"],"picked":"Battle Trance","floor":11},{"not_picked":["True Grit","Havoc"],"picked":"Pommel Strike","floor":12},{"not_picked":["Headbutt","Warcry"],"picked":"Rage","floor":14},{"not_picked":["Bludgeon","Barricade"],"picked":"Fiend Fire","floor":16},{"not_picked":["Iron Wave","Second Wind"],"picked":"Whirlwind","floor":18},{"not_picked":["Bloodletting","Wild Strike+1"],"picked":"Thunderclap","floor":20},{"not_picked":["Combust","Thunderclap+1"],"picked":"Metallicize","floor":25},{"not_picked":["Disarm","Evolve"],"picked":"Limit Break","floor":28},{"not_picked":["Brutality","Fiend Fire"],"picked":"Juggernaut","floor":33},{"not_picked":["Evolve","Blood for Blood","Clash+1"],"picked":"SKIP","floor":35},{"not_picked":["Second Wind","Sword Boomerang","Bloodletting+1"],"picked":"SKIP","floor":38},{"not_picked":["Burning Pact+1","Shrug It Off","Havoc"],"picked":"SKIP","floor":44},{"not_picked":["Purity","Enlightenment"],"picked":"Bandage Up","floor":45},{"not_picked":["Purity","PanicButton"],"picked":"Secret Technique","floor":45},{"not_picked":["Deep Breath","Mind Blast"],"picked":"Violence","floor":45},{"not_picked":["Bloodletting","Headbutt","Pummel"],"picked":"SKIP","floor":47},{"not_picked":["Sentinel+1","Clothesline"],"picked":"Body Slam","floor":48}],"player_experience":1729776,"relics_obtained":[{"floor":6,"key":"Champion Belt"},{"floor":9,"key":"Vajra"},{"floor":26,"key":"Bottled Lightning"},{"floor":29,"key":"Omamori"},{"floor":30,"key":"Necronomicon"},{"floor":39,"key":"Lantern"},{"floor":43,"key":"Paper Frog"}],"event_choices":[{"cards_removed":["Dual Wield"],"damage_healed":19,"gold_gain":0,"player_choice":"Offered Uncommon","damage_taken":0,"max_hp_gain":0,"max_hp_loss":0,"event_name":"Bonfire Elementals","floor":2,"gold_loss":0},{"damage_healed":0,"gold_gain":75,"player_choice":"Gather Gold","damage_taken":11,"max_hp_gain":0,"max_hp_loss":0,"event_name":"World of Goop","floor":4,"gold_loss":0},{"damage_healed":18,"gold_gain":0,"player_choice":"Healed","damage_taken":0,"max_hp_gain":0,"max_hp_loss":0,"event_name":"The Cleric","floor":5,"gold_loss":35},{"damage_healed":0,"gold_gain":0,"player_choice":"Grow","damage_taken":0,"max_hp_gain":0,"max_hp_loss":0,"event_name":"Living Wall","floor":13,"gold_loss":0,"cards_upgraded":["Rage"]},{"damage_healed":0,"gold_gain":0,"player_choice":"Fight","damage_taken":0,"max_hp_gain":0,"max_hp_loss":0,"event_name":"Colosseum","floor":21,"gold_loss":0},{"damage_healed":0,"gold_gain":0,"player_choice":"Fled From Nobs","damage_taken":0,"max_hp_gain":0,"max_hp_loss":0,"event_name":"Colosseum","floor":21,"gold_loss":0},{"damage_healed":0,"gold_gain":0,"player_choice":"Opened","damage_taken":0,"relics_obtained":["Pantograph"],"max_hp_gain":0,"max_hp_loss":0,"event_name":"The Mausoleum","floor":22,"gold_loss":0,"cards_obtained":["Writhe"]},{"damage_healed":0,"gold_gain":0,"player_choice":"Ignored","damage_taken":0,"max_hp_gain":0,"max_hp_loss":0,"event_name":"WeMeetAgain","floor":24,"gold_loss":0},{"damage_healed":0,"gold_gain":0,"player_choice":"Obtained Book","damage_taken":16,"max_hp_gain":0,"max_hp_loss":0,"event_name":"Cursed Tome","floor":30,"gold_loss":0},{"damage_healed":0,"gold_gain":0,"player_choice":"0 cards matched","damage_taken":0,"max_hp_gain":0,"max_hp_loss":0,"event_name":"Match and Keep!","floor":36,"gold_loss":0,"cards_obtained":[]},{"damage_healed":0,"gold_gain":0,"player_choice":"Memory 3","damage_taken":10,"max_hp_gain":0,"max_hp_loss":0,"event_name":"SensoryStone","floor":45,"gold_loss":0}],"is_beta":false,"boss_relics":[{"not_picked":["Philosopher\u0027s Stone","Snecko Eye"],"picked":"Runic Pyramid"},{"not_picked":["Eternal Feather","Tiny House"],"picked":"Black Blood"}],"items_purged_floors":[],"is_endless":false,"potions_floor_spawned":[3,6,11,18,21,47,48],"killed_by":"Donu and Deca","ascension_level":14}