{"gold_per_floor":[109,126,137,151,151,184,196,225,237,249,281,293,56,66,66,166,166,106,106,106,106,106,106,106,106,106,106,25,25,25,25,25,25,25,25,25,25,25,25,25,25,25,25,25,25,25,25,25,25,25],"floor_reached":51,"playtime":3624,"items_purged":[],"score":719,"play_id":"b2eb29f7-5611-457f-a8fc-728e234b6fd1","local_time":"20190220090837","is_ascension_mode":false,"campfire_choices":[{"data":"Shrug It Off","floor":7,"key":"SMITH"},{"data":"Shrug It Off","floor":12,"key":"SMITH"},{"data":"Headbutt","floor":15,"key":"SMITH"},{"data":"J.A.X.","floor":24,"key":"SMITH"},{"floor":27,"key":"REST"},{"floor":32,"key":"REST"},{"data":"Limit Break","floor":40,"key":"SMITH"},{"data":"Heavy Blade","floor":42,"key":"SMITH"},{"floor":49,"key":"REST"}],"neow_cost":"NONE","seed_source_timestamp":604185705988000,"circlet_count":0,"master_deck":["Strike_R","Strike_R","Strike_R","Strike_R","Defend_R","Defend_R","Defend_R","Defend_R","Bash","Shrug It Off+1","Headbutt","Headbutt+1","Ghostly Armor","Shrug It Off+1","Pommel Strike","Feed","Iron Wave","Body Slam+1","J.A.X.+1","Rupture+1","Inflame+1","Limit Break+1","Headbutt","Heavy Blade+1","Seeing Red","Deep Breath","Madness","Madness","Sword Boomerang+1","Disarm+1"],"relics":["Burning Blood","Ancient Tea Set","MawBank","Shuriken","Frozen Egg 2","Ectoplasm","Red Mask","Bag of Marbles","Potion Belt","Bottled Flame","Busted Crown","Juzu Bracelet","Smiling Mask"],"potions_floor_usage":[16,50,50,50],"damage_taken":[{"damage":1,"enemies":"Cultist","floor":1,"turns":4},{"damage":0,"enemies":"Small Slimes","floor":2,"turns":3},{"damage":6,"enemies":"Jaw Worm","floor":3,"turns":3},{"damage":6,"enemies":"2 Fungi Beasts","floor":4,"turns":3},{"damage":21,"enemies":"3 Sentries","floor":6,"turns":15},{"damage":0,"enemies":"3 Louse","floor":8,"turns":3},{"damage":6,"enemies":"Exordium Wildlife","floor":11,"turns":5},{"damage":3,"enemies":"Lots of Slimes","floor":14,"turns":5},{"damage":40,"enemies":"The Guardian","floor":16,"turns":10},{"damage":20,"enemies":"2 Thieves","floor":18,"turns":4},{"damage":20,"enemies":"Masked Bandits","floor":19,"turns":5},{"damage":6,"enemies":"Chosen","floor":22,"turns":3},{"damage":17,"enemies":"Book of Stabbing","floor":23,"turns":6},{"damage":22,"enemies":"3 Cultists","floor":25,"turns":5},{"damage":12,"enemies":"Slavers","floor":29,"turns":5},{"damage":7,"enemies":"Cultist and Chosen","floor":31,"turns":4},{"damage":62,"enemies":"Automaton","floor":33,"turns":9},{"damage":3,"enemies":"Orb Walker","floor":35,"turns":3},{"damage":6,"enemies":"3 Shapes","floor":36,"turns":3},{"damage":3,"enemies":"Transient","floor":38,"turns":5},{"damage":3,"enemies":"4 Shapes","floor":39,"turns":4},{"damage":28,"enemies":"Giant Head","floor":45,"turns":6},{"damage":37,"enemies":"Sphere and 2 Shapes","floor":46,"turns":6},{"damage":3,"enemies":"Spire Growth","floor":47,"turns":3},{"damage":86,"enemies":"Awakened One","floor":50,"turns":10}],"seed_played":"-4924134024907272364","potions_obtained":[{"floor":4,"key":"PowerPotion"},{"floor":6,"key":"FairyPotion"},{"floor":14,"key":"BloodPotion"},{"floor":16,"key":"Weak Potion"},{"floor":18,"key":"SpeedPotion"},{"floor":29,"key":"AttackPotion"},{"floor":31,"key":"Block Potion"},{"floor":33,"key":"SkillPotion"}],"is_trial":false,"path_per_floor":["M","M","M","M","?","E","R","M","T","$","M","R","$","M","R","B",null,"M","?","?","?","M","E","R","M","T","R","$","E","$","M","R","B",null,"M","M","?","M","M","R","?","R","T","?","E","M","M","?","R","B",null],"character_chosen":"IRONCLAD","items_purchased":["Frozen Egg 2","Inflame+1"],"campfire_rested":3,"item_purchase_floors":[13,28],"current_hp_per_floor":[80,80,80,80,80,65,65,71,71,71,71,71,71,74,74,40,80,66,55,55,55,58,47,47,34,34,60,60,57,57,56,83,27,92,92,95,95,95,95,95,95,95,95,83,61,33,36,36,65,15],"gold":25,"neow_bonus":"RANDOM_COMMON_RELIC","is_prod":false,"is_daily":false,"chose_seed":false,"campfire_upgraded":6,"win_rate":0,"timestamp":1550682517,"path_taken":["M","?","M","M","?","E","R","M","T","$","?","R","?","?","R","BOSS","M","?","?","?","M","E","R","M","T","R","$","E","$","M","R","BOSS","M","?","?","M","?","R","?","R","T","?","E","M","M","?","R","BOSS"],"build_version":"2019-01-23","purchased_purges":0,"victory":true,"max_hp_per_floor":[80,80,80,80,80,80,80,80,80,80,80,80,80,80,80,80,80,80,83,83,83,86,86,86,89,89,89,89,92,92,92,92,92,92,92,95,95,95,95,95,95,95,95,95,95,98,98,98,98,98],"card_choices":[{"not_picked":["Wild Strike","Warcry"],"picked":"Shrug It Off","floor":1},{"not_picked":["Corruption","Hemokinesis"],"picked":"Headbutt","floor":2},{"not_picked":["Hemokinesis","Rage"],"picked":"Headbutt","floor":3},{"not_picked":["Body Slam","Uppercut"],"picked":"Ghostly Armor","floor":4},{"not_picked":["Seeing Red","Heavy Blade"],"picked":"Shrug It Off","floor":6},{"not_picked":["Warcry","Cleave","Wild Strike"],"picked":"SKIP","floor":8},{"not_picked":["Havoc","Clash","Berserk"],"picked":"SKIP","floor":11},{"not_picked":["Thunderclap","Clothesline"],"picked":"Pommel Strike","floor":14},{"not_picked":["Double Tap","Impervious"],"picked":"Feed","floor":16},{"not_picked":["Thunderclap","Anger"],"picked":"Iron Wave","floor":18},{"not_picked":["Clothesline+1","Shrug It Off"],"picked":"Body Slam+1","floor":19},{"not_picked":["Clash","Berserk+1"],"picked":"Rupture+1","floor":22},{"not_picked":["Wild Strike+1","Havoc+1","Heavy Blade"],"picked":"SKIP","floor":23},{"not_picked":["Clothesline","Warcry","Shrug It Off"],"picked":"SKIP","floor":25},{"not_picked":["Heavy Blade","Disarm","Sword Boomerang"],"picked":"SKIP","floor":29},{"not_picked":["Iron Wave","Clothesline","Ghostly Armor"],"picked":"SKIP","floor":31},{"not_picked":["Impervious","Brutality+1"],"picked":"Limit Break","floor":33},{"not_picked":["Clothesline+1"],"picked":"SKIP","floor":35},{"not_picked":["Power Through+1"],"picked":"SKIP","floor":36},{"not_picked":[],"picked":"Heavy Blade","floor":38},{"not_picked":[],"picked":"Seeing Red","floor":39},{"not_picked":[],"picked":"Deep Breath","floor":41},{"not_picked":[],"picked":"Sword Boomerang+1","floor":45},{"not_picked":["Second Wind"],"picked":"SKIP","floor":46},{"not_picked":[],"picked":"Disarm+1","floor":47}],"player_experience":205329,"relics_obtained":[{"floor":6,"key":"MawBank"},{"floor":9,"key":"Shuriken"},{"floor":19,"key":"Red Mask"},{"floor":23,"key":"Bag of Marbles"},{"floor":26,"key":"Potion Belt"},{"floor":29,"key":"Bottled Flame"},{"floor":43,"key":"Juzu Bracelet"},{"floor":45,"key":"Smiling Mask"}],"event_choices":[{"damage_healed":0,"gold_gain":0,"player_choice":"Ignored","damage_taken":0,"max_hp_gain":0,"max_hp_loss":0,"event_name":"NoteForYourself","floor":5,"gold_loss":0},{"damage_healed":0,"gold_gain":0,"player_choice":"Fought Bandits","damage_taken":0,"max_hp_gain":0,"max_hp_loss":0,"event_name":"Masked Bandits","floor":19,"gold_loss":0},{"damage_healed":0,"gold_gain":0,"player_choice":"Obtain J.A.X.","damage_taken":0,"max_hp_gain":0,"max_hp_loss":0,"event_name":"Drug Dealer","floor":20,"gold_loss":0,"cards_obtained":["J.A.X."]},{"damage_healed":0,"gold_gain":0,"player_choice":"Ignored","damage_taken":0,"max_hp_gain":0,"max_hp_loss":0,"event_name":"Golden Shrine","floor":21,"gold_loss":0},{"damage_healed":0,"gold_gain":0,"cards_transformed":["Strike_R"],"player_choice":"Transformed","damage_taken":0,"max_hp_gain":0,"max_hp_loss":0,"event_name":"Transmorgrifier","floor":37,"gold_loss":0,"cards_obtained":["Headbutt"]},{"damage_healed":0,"gold_gain":0,"player_choice":"Memory 1","damage_taken":0,"max_hp_gain":0,"max_hp_loss":0,"event_name":"SensoryStone","floor":41,"gold_loss":0},{"damage_healed":0,"gold_gain":0,"player_choice":"Embrace Madness","damage_taken":12,"max_hp_gain":0,"max_hp_loss":0,"event_name":"Winding Halls","floor":44,"gold_loss":0,"cards_obtained":["Madness","Madness"]},{"damage_healed":0,"gold_gain":0,"player_choice":"Ignored","damage_taken":0,"max_hp_gain":0,"max_hp_loss":0,"event_name":"Mysterious Sphere","floor":48,"gold_loss":0}],"is_beta":false,"boss_relics":[{"not_picked":["Eternal Feather","Cursed Key"],"picked":"Ectoplasm"},{"not_picked":["Coffee Dripper","Black Blood"],"picked":"Busted Crown"}],"items_purged_floors":[],"is_endless":false,"potions_floor_spawned":[4,6,14,16,18,29,31,33,39,46],"ascension_level":0}