{"gold_per_floor":[110,110,75,91,91,161,177,187,187,187,30,30,30,50,50,148,148,163,179,95,10,30,30,30],"floor_reached":24,"playtime":766,"items_purged":["Decay"],"score":283,"play_id":"f9e985fa-0676-437c-bfc2-66a7155cf832","local_time":"20190224193254","is_ascension_mode":true,"campfire_choices":[{"floor":10,"key":"REST"},{"data":"Dagger Spray","floor":13,"key":"SMITH"},{"floor":15,"key":"REST"},{"floor":23,"key":"REST"}],"neow_cost":"PERCENT_DAMAGE","seed_source_timestamp":29966571998187,"circlet_count":0,"master_deck":["Defend_G","Defend_G","Defend_G","Defend_G","Defend_G","Strike_G","Strike_G","Strike_G","Strike_G","Survivor","Neutralize","Accuracy","Accuracy","Dagger Spray+1","Slice","Predator","Adrenaline","After Image","Doubt","Clumsy","Cloak And Dagger","Footwork","Dagger Throw+1"],"relics":["Ring of the Snake","Calipers","Shuriken","Mercury Hourglass","Pen Nib","Calling Bell","Smiling Mask","Ninja Scroll","Nunchaku","Frozen Egg 2"],"potions_floor_usage":[19,22,22,24],"damage_taken":[{"damage":0,"enemies":"Jaw Worm","floor":1,"turns":6},{"damage":13,"enemies":"Cultist","floor":4,"turns":6},{"damage":1,"enemies":"2 Louse","floor":7,"turns":3},{"damage":5,"enemies":"2 Fungi Beasts","floor":8,"turns":3},{"damage":0,"enemies":"Large Slime","floor":14,"turns":3},{"damage":0,"enemies":"Slime Boss","floor":16,"turns":7},{"damage":6,"enemies":"Spheric Guardian","floor":18,"turns":3},{"damage":11,"enemies":"Shell Parasite","floor":19,"turns":4},{"damage":24,"enemies":"Centurion and Healer","floor":22,"turns":5},{"damage":54,"enemies":"Book of Stabbing","floor":24,"turns":5}],"seed_played":"-3883671976862347304","potions_obtained":[{"floor":1,"key":"Ancient Potion"},{"floor":7,"key":"SpeedPotion"},{"floor":8,"key":"Dexterity Potion"},{"floor":19,"key":"Energy Potion"},{"floor":22,"key":"SpeedPotion"}],"is_trial":false,"path_per_floor":["M","?","$","M","$","T","M","M","T","R","$","$","R","M","R","B",null,"M","M","$","?","M","R","E"],"character_chosen":"THE_SILENT","items_purchased":["Accuracy","Pen Nib","Footwork"],"campfire_rested":3,"item_purchase_floors":[3,11,20],"current_hp_per_floor":[49,49,49,36,36,36,35,30,30,51,51,51,51,51,70,70,70,64,53,53,53,29,50,0],"gold":30,"neow_bonus":"ONE_RARE_RELIC","is_prod":false,"is_daily":false,"chose_seed":false,"campfire_upgraded":1,"win_rate":0,"timestamp":1551065574,"path_taken":["M","?","?","M","?","?","?","M","T","R","?","$","R","M","R","BOSS","M","M","$","?","M","R","E"],"build_version":"2019-01-23","purchased_purges":1,"victory":false,"max_hp_per_floor":[70,70,70,70,70,70,70,70,70,70,70,70,70,70,70,70,70,70,70,70,70,70,70,70],"card_choices":[{"not_picked":["Cloak And Dagger","Sucker Punch"],"picked":"Accuracy","floor":1},{"not_picked":["Underhanded Strike","Dagger Throw"],"picked":"Dagger Spray","floor":4},{"not_picked":["Blur","Finisher"],"picked":"Slice","floor":7},{"not_picked":["Sucker Punch","Underhanded Strike"],"picked":"Predator","floor":8},{"not_picked":["Flechettes","Masterful Stab"],"picked":"Adrenaline","floor":14},{"not_picked":["Envenom","Malaise"],"picked":"After Image","floor":16},{"not_picked":["Outmaneuver","Flying Knee","Dagger Spray"],"picked":"SKIP","floor":18},{"not_picked":["Underhanded Strike","Choke"],"picked":"Cloak And Dagger","floor":19},{"not_picked":["Bouncing Flask","Riddle With Holes"],"picked":"Dagger Throw+1","floor":22}],"player_experience":266014,"relics_obtained":[{"floor":6,"key":"Shuriken"},{"floor":9,"key":"Mercury Hourglass"},{"floor":17,"key":"Smiling Mask"},{"floor":17,"key":"Ninja Scroll"},{"floor":17,"key":"Nunchaku"}],"event_choices":[{"cards_removed":["Strike_G"],"damage_healed":0,"gold_gain":0,"player_choice":"Offered Basic","damage_taken":0,"max_hp_gain":0,"max_hp_loss":0,"event_name":"Bonfire Elementals","floor":2,"gold_loss":0},{"damage_healed":0,"gold_gain":0,"player_choice":"Obtained Relic","damage_taken":0,"relics_obtained":["Frozen Egg 2"],"max_hp_gain":0,"max_hp_loss":0,"event_name":"Addict","floor":21,"gold_loss":85}],"is_beta":false,"boss_relics":[{"not_picked":["White Beast Statue","Astrolabe"],"picked":"Calling Bell"}],"items_purged_floors":[20],"is_endless":false,"potions_floor_spawned":[1,7,8,16,19,22],"killed_by":"Book of Stabbing","ascension_level":4}