{"gold_per_floor":[119,130,130,130,17,48,48,77,77,88,102,102,65,83,83,83],"floor_reached":16,"playtime":676,"items_purged":["Strike_G"],"score":223,"play_id":"c95860e5-51ce-4a53-b704-7eb4ce712e82","local_time":"20190430105343","is_ascension_mode":true,"campfire_choices":[{"data":"Crippling Poison","floor":7,"key":"SMITH"},{"floor":15,"key":"REST"}],"neow_cost":"NONE","seed_source_timestamp":11907508683667,"circlet_count":0,"master_deck":["AscendersBane","Defend_G","Defend_G","Defend_G","Defend_G","Defend_G","Strike_G","Strike_G","Survivor","Neutralize","Crippling Poison+1","Backflip","Grand Finale","Infinite Blades","Dash","Acrobatics","Prepared"],"relics":["Ring of the Snake","NeowsBlessing","Du-Vu Doll","Ninja Scroll","Sundial"],"potions_floor_usage":[8],"damage_taken":[{"damage":0,"enemies":"2 Louse","floor":1,"turns":1},{"damage":0,"enemies":"Small Slimes","floor":2,"turns":1},{"damage":0,"enemies":"3 Sentries","floor":6,"turns":2},{"damage":21,"enemies":"Gremlin Nob","floor":8,"turns":5},{"damage":0,"enemies":"Cultist","floor":10,"turns":3},{"damage":6,"enemies":"2 Fungi Beasts","floor":11,"turns":3},{"damage":0,"enemies":"Gremlin Gang","floor":14,"turns":3},{"damage":51,"enemies":"Slime Boss","floor":16,"turns":7}],"seed_played":"-137032405546385820","potions_obtained":[{"floor":2,"key":"PowerPotion"},{"floor":6,"key":"Dexterity Potion"},{"floor":8,"key":"GhostInAJar"}],"is_trial":false,"path_per_floor":["M","M","?","?","$","E","R","E","T","M","M","?","?","M","R","B"],"character_chosen":"THE_SILENT","items_purchased":["Infinite Blades"],"campfire_rested":1,"item_purchase_floors":[5],"current_hp_per_floor":[63,63,63,56,56,56,56,35,35,35,29,29,29,29,50,0],"gold":83,"neow_bonus":"THREE_ENEMY_KILL","is_prod":false,"is_daily":false,"chose_seed":false,"campfire_upgraded":1,"win_rate":0,"timestamp":1556646823,"path_taken":["M","M","?","?","$","E","R","E","T","M","M","?","?","M","R","BOSS"],"build_version":"2019-01-23","purchased_purges":1,"victory":false,"max_hp_per_floor":[70,70,70,70,70,70,70,70,70,70,70,70,70,70,70,70],"card_choices":[{"not_picked":["Outmaneuver","Quick Slash"],"picked":"Crippling Poison","floor":1},{"not_picked":["Slice","Outmaneuver"],"picked":"Backflip","floor":2},{"not_picked":["Terror","Quick Slash"],"picked":"Dash","floor":6},{"not_picked":["Dagger Throw","Reflex"],"picked":"Acrobatics","floor":8},{"not_picked":["Deflect","Slice","Dagger Spray"],"picked":"SKIP","floor":10},{"not_picked":["Deadly Poison","Leg Sweep"],"picked":"Prepared","floor":11},{"not_picked":["Flying Knee","Deflect","Storm of Steel"],"picked":"SKIP","floor":14}],"player_experience":1527914,"relics_obtained":[{"floor":6,"key":"Du-Vu Doll"},{"floor":8,"key":"Ninja Scroll"},{"floor":9,"key":"Sundial"}],"event_choices":[{"damage_healed":0,"gold_gain":0,"cards_transformed":["Strike_G"],"player_choice":"Change","damage_taken":0,"max_hp_gain":0,"max_hp_loss":0,"event_name":"Living Wall","floor":3,"gold_loss":0,"cards_obtained":["Grand Finale"]},{"cards_removed":["Strike_G"],"damage_healed":0,"gold_gain":0,"player_choice":"Card Removal","damage_taken":7,"max_hp_gain":0,"max_hp_loss":0,"event_name":"Golden Wing","floor":4,"gold_loss":0},{"damage_healed":0,"gold_gain":0,"player_choice":"Ignored","damage_taken":0,"max_hp_gain":0,"max_hp_loss":0,"event_name":"Golden Idol","floor":12,"gold_loss":0},{"damage_healed":0,"gold_gain":0,"player_choice":"Left Gold","damage_taken":0,"max_hp_gain":0,"max_hp_loss":0,"event_name":"World of Goop","floor":13,"gold_loss":37}],"is_beta":false,"boss_relics":[],"items_purged_floors":[5],"is_endless":false,"potions_floor_spawned":[2,6,8,11,14],"killed_by":"Slime Boss","ascension_level":13}