{"gold_per_floor":[116,116,191,260,22,53,53,66,66,94,94,112,13,23,23,122,122,134,15,15,31,31,31,63,74,145,145,145,145,155,174,174,275,275,287,302,319,319,337,337,363,363,363,394,410,410,430,444,444,444],"floor_reached":50,"playtime":3384,"items_purged":[],"score":963,"play_id":"8b15d0df-17b5-45b4-9f59-943c91a72858","local_time":"20190415211210","is_ascension_mode":true,"campfire_choices":[{"data":"Noxious Fumes","floor":7,"key":"SMITH"},{"data":"Footwork","floor":11,"key":"SMITH"},{"floor":15,"key":"REST"},{"data":"Crippling Poison","floor":23,"key":"SMITH"},{"floor":28,"key":"REST"},{"floor":32,"key":"REST"},{"floor":40,"key":"REST"},{"floor":42,"key":"REST"},{"floor":49,"key":"REST"}],"neow_cost":"NONE","seed_source_timestamp":357754948417858,"circlet_count":0,"master_deck":["Defend_G","Defend_G+1","Defend_G","Defend_G","Defend_G","Survivor","Neutralize","Dash","Backstab","Noxious Fumes+1","Cloak And Dagger","Footwork+1","Backflip","Crippling Poison+1","Deflect","Blur","Well Laid Plans","Adrenaline+1","Dagger Throw+1","Blade Dance+1","Sucker Punch+1","Catalyst+1","Well Laid Plans","Decay","Dash","Deadly Poison","Footwork+1","Adrenaline","Blade Dance+1","Cloak And Dagger","Cloak And Dagger","Noxious Fumes+1","Backflip"],"relics":["Ring of the Snake","NeowsBlessing","Singing Bowl","ClockworkSouvenir","Sundial","Bottled Tornado","Bronze Scales","Astrolabe","Ginger","Kunai","WristBlade","Regal Pillow","War Paint","Happy Flower"],"potions_floor_usage":[10,21,24,27,27,37,41,44,50,50],"damage_taken":[{"damage":0,"enemies":"2 Louse","floor":1,"turns":1},{"damage":0,"enemies":"3 Sentries","floor":6,"turns":1},{"damage":0,"enemies":"Jaw Worm","floor":8,"turns":1},{"damage":2,"enemies":"Gremlin Nob","floor":10,"turns":5},{"damage":0,"enemies":"Cultist","floor":12,"turns":3},{"damage":11,"enemies":"Lots of Slimes","floor":14,"turns":2},{"damage":0,"enemies":"The Guardian","floor":16,"turns":9},{"damage":0,"enemies":"Chosen","floor":18,"turns":4},{"damage":20,"enemies":"2 Thieves","floor":21,"turns":4},{"damage":12,"enemies":"Book of Stabbing","floor":24,"turns":5},{"damage":8,"enemies":"Snake Plant","floor":25,"turns":4},{"damage":0,"enemies":"Gremlin Leader","floor":27,"turns":1},{"damage":16,"enemies":"Shelled Parasite and Fungi","floor":30,"turns":4},{"damage":2,"enemies":"Centurion and Healer","floor":31,"turns":6},{"damage":17,"enemies":"Automaton","floor":33,"turns":10},{"damage":33,"enemies":"3 Darklings","floor":35,"turns":4},{"damage":7,"enemies":"3 Shapes","floor":36,"turns":5},{"damage":0,"enemies":"Maw","floor":37,"turns":7},{"damage":7,"enemies":"3 Darklings","floor":39,"turns":5},{"damage":37,"enemies":"Giant Head","floor":41,"turns":8},{"damage":16,"enemies":"Nemesis","floor":44,"turns":7},{"damage":35,"enemies":"Jaw Worm Horde","floor":45,"turns":4},{"damage":0,"enemies":"Maw","floor":47,"turns":5},{"damage":10,"enemies":"Writhing Mass","floor":48,"turns":7},{"damage":52,"enemies":"Awakened One","floor":50,"turns":3}],"seed_played":"-5553034966363159010","potions_obtained":[{"floor":1,"key":"EssenceOfSteel"},{"floor":8,"key":"SmokeBomb"},{"floor":10,"key":"AttackPotion"},{"floor":16,"key":"Regen Potion"},{"floor":24,"key":"Strength Potion"},{"floor":30,"key":"GamblersBrew"},{"floor":31,"key":"Fire Potion"},{"floor":35,"key":"PowerPotion"},{"floor":37,"key":"Fruit Juice"},{"floor":39,"key":"LiquidBronze"},{"floor":41,"key":"Ancient Potion"}],"is_trial":false,"path_per_floor":["M","?","?","T","$","E","R","M","T","E","R","M","$","M","R","B",null,"M","$","?","M","?","R","E","M","T","E","R","?","M","M","R","B",null,"M","M","M","?","M","R","E","R","T","E","M","?","M","M","R","B"],"character_chosen":"THE_SILENT","items_purchased":["ClockworkSouvenir","Noxious Fumes","Deflect","Blur","Catalyst","Well Laid Plans"],"campfire_rested":6,"item_purchase_floors":[5,5,13,13,19,19],"current_hp_per_floor":[63,63,52,52,52,52,52,52,52,50,50,50,50,39,60,60,68,70,70,70,52,52,52,57,49,49,49,71,71,55,53,75,58,72,41,36,43,43,36,62,25,66,66,50,17,17,19,9,51,0],"gold":444,"neow_bonus":"THREE_ENEMY_KILL","is_prod":false,"is_daily":false,"chose_seed":false,"campfire_upgraded":3,"win_rate":0,"timestamp":1555387930,"path_taken":["M","?","?","?","$","E","R","M","T","E","R","?","?","?","R","BOSS","M","$","?","?","?","R","E","?","T","E","R","?","M","?","R","BOSS","M","?","?","?","M","R","E","R","T","E","M","?","?","M","R","BOSS"],"build_version":"2019-01-23","purchased_purges":0,"victory":false,"max_hp_per_floor":[70,70,70,70,70,70,70,70,70,70,70,70,70,70,70,70,70,72,72,72,74,74,74,76,76,76,76,76,76,76,76,76,76,76,78,80,87,87,87,87,87,87,87,87,89,89,91,91,91,91],"card_choices":[{"not_picked":["Terror","Slice"],"picked":"Dash","floor":1},{"not_picked":["Choke","Quick Slash"],"picked":"Cloak And Dagger","floor":6},{"not_picked":["Prepared","PiercingWail"],"picked":"Footwork","floor":8},{"not_picked":["Acrobatics","Dagger Spray"],"picked":"Backflip","floor":10},{"not_picked":["Riddle With Holes","Dagger Throw"],"picked":"Crippling Poison","floor":12},{"not_picked":["Blade Dance","Accuracy"],"picked":"Well Laid Plans","floor":14},{"not_picked":["Doppelganger","Grand Finale"],"picked":"Adrenaline","floor":16},{"not_picked":["Blade Dance","Outmaneuver","Riddle With Holes"],"picked":"Singing Bowl","floor":18},{"not_picked":["Reflex+1","Predator+1","Quick Slash"],"picked":"Singing Bowl","floor":21},{"not_picked":["Endless Agony","Prepared+1","Dagger Throw+1"],"picked":"Singing Bowl","floor":24},{"not_picked":["Skewer","Choke+1"],"picked":"Dash","floor":25},{"not_picked":["Poisoned Stab","Slice"],"picked":"Deadly Poison","floor":30},{"not_picked":["Poisoned Stab+1","Quick Slash"],"picked":"Footwork+1","floor":31},{"not_picked":["Wraith Form v2","Glass Knife"],"picked":"Adrenaline","floor":33},{"not_picked":["Outmaneuver","Tactician","Acrobatics"],"picked":"Singing Bowl","floor":35},{"not_picked":["Dagger Spray","Acrobatics","Outmaneuver+1"],"picked":"Singing Bowl","floor":36},{"not_picked":["Heel Hook","Quick Slash+1","Leg Sweep+1"],"picked":"Singing Bowl","floor":37},{"not_picked":["Flying Knee+1","Reflex"],"picked":"Blade Dance+1","floor":39},{"not_picked":["Underhanded Strike+1","Caltrops"],"picked":"Cloak And Dagger","floor":41},{"not_picked":["Doppelganger","Glass Knife"],"picked":"Cloak And Dagger","floor":44},{"not_picked":["Quick Slash","Eviscerate","Heel Hook+1"],"picked":"Singing Bowl","floor":45},{"not_picked":["Underhanded Strike+1","Dash+1","Prepared+1"],"picked":"Singing Bowl","floor":47},{"not_picked":["Dagger Spray","Bouncing Flask+1"],"picked":"Backflip","floor":48}],"player_experience":1380855,"relics_obtained":[{"floor":4,"key":"Singing Bowl"},{"floor":6,"key":"Sundial"},{"floor":9,"key":"Bottled Tornado"},{"floor":10,"key":"Bronze Scales"},{"floor":24,"key":"Ginger"},{"floor":26,"key":"Kunai"},{"floor":41,"key":"Regal Pillow"},{"floor":43,"key":"War Paint"},{"floor":44,"key":"Happy Flower"}],"event_choices":[{"damage_healed":0,"gold_gain":0,"cards_transformed":["Strike_G"],"player_choice":"Change","damage_taken":0,"max_hp_gain":0,"max_hp_loss":0,"event_name":"Living Wall","floor":2,"gold_loss":0,"cards_obtained":["Backstab"]},{"damage_healed":0,"gold_gain":75,"player_choice":"Gather Gold","damage_taken":11,"max_hp_gain":0,"max_hp_loss":0,"event_name":"World of Goop","floor":3,"gold_loss":0},{"damage_healed":0,"gold_gain":0,"player_choice":"Upgraded","damage_taken":0,"max_hp_gain":0,"max_hp_loss":0,"event_name":"Upgrade Shrine","floor":20,"gold_loss":0,"cards_upgraded":["Catalyst"]},{"damage_healed":0,"gold_gain":0,"player_choice":"Cursed","damage_taken":0,"max_hp_gain":0,"max_hp_loss":0,"event_name":"Wheel of Change","floor":22,"gold_loss":0,"cards_obtained":["Decay"]},{"cards_removed":["Strike_G"],"damage_healed":0,"gold_gain":0,"player_choice":"Offered Basic","damage_taken":0,"max_hp_gain":0,"max_hp_loss":0,"event_name":"Bonfire Elementals","floor":29,"gold_loss":0},{"damage_healed":0,"gold_gain":0,"player_choice":"Ignored","damage_taken":0,"max_hp_gain":0,"max_hp_loss":0,"event_name":"Tomb of Lord Red Mask","floor":38,"gold_loss":0},{"damage_healed":0,"gold_gain":0,"player_choice":"Copied","damage_taken":0,"max_hp_gain":0,"max_hp_loss":0,"event_name":"Duplicator","floor":46,"gold_loss":0,"cards_obtained":["Noxious Fumes"]}],"is_beta":false,"boss_relics":[{"not_picked":["Eternal Feather","Cursed Key"],"picked":"Astrolabe"},{"not_picked":["Black Star","Pandora\u0027s Box"],"picked":"WristBlade"}],"items_purged_floors":[],"is_endless":false,"potions_floor_spawned":[1,8,10,16,24,30,31,35,37,39,41],"killed_by":"Awakened One","ascension_level":8}