{"gold_per_floor":[11,186,186,203,222,222,252,252,252,286,298,18,18,33,33,134,134,148,73,93,109,129,129,147,157,157,157,175,175,190,209,209,209],"floor_reached":33,"playtime":2070,"items_purged":["Pain"],"score":354,"play_id":"7de82707-80eb-4fab-b7bc-08bad6cb4b7f","local_time":"20181105224013","is_ascension_mode":true,"campfire_choices":[{"data":"Armaments","floor":6,"key":"SMITH"},{"floor":8,"key":"REST"},{"floor":15,"key":"REST"},{"floor":23,"key":"REST"},{"data":"Bandage Up","floor":32,"key":"SMITH"}],"neow_cost":"NO_GOLD","seed_source_timestamp":608524272300100,"circlet_count":0,"master_deck":["Strike_R","Strike_R","Strike_R","Strike_R","Strike_R","Defend_R+1","Defend_R+1","Defend_R","Defend_R","Bash","Fire Breathing","Pummel","Armaments+1","Blood for Blood","Anger","Carnage","Bandage Up+1","Double Tap","Cleave","Shockwave","Juggernaut","Rampage","Battle Trance+1"],"relics":["Burning Blood","Bottled Tornado","Strawberry","Mercury Hourglass","Chemical X","WarpedTongs","Velvet Choker","Anchor","War Paint","CultistMask"],"potions_floor_usage":[7,7,10,24,24,25,33],"damage_taken":[{"damage":4,"enemies":"2 Louse","floor":1,"turns":3},{"damage":13,"enemies":"Small Slimes","floor":4,"turns":5},{"damage":1,"enemies":"Cultist","floor":5,"turns":3},{"damage":26,"enemies":"3 Sentries","floor":7,"turns":8},{"damage":30,"enemies":"Gremlin Nob","floor":10,"turns":5},{"damage":11,"enemies":"Lots of Slimes","floor":11,"turns":2},{"damage":24,"enemies":"Exordium Thugs","floor":14,"turns":4},{"damage":64,"enemies":"Hexaghost","floor":16,"turns":8},{"damage":16,"enemies":"Chosen","floor":18,"turns":3},{"damage":16,"enemies":"Shell Parasite","floor":20,"turns":4},{"damage":15,"enemies":"3 Cultists","floor":21,"turns":4},{"damage":10,"enemies":"Snecko","floor":22,"turns":4},{"damage":10,"enemies":"Shelled Parasite and Fungi","floor":24,"turns":3},{"damage":22,"enemies":"Sentry and Sphere","floor":25,"turns":4},{"damage":0,"enemies":"Cultist and Chosen","floor":28,"turns":4},{"damage":11,"enemies":"Chosen and Byrds","floor":30,"turns":4},{"damage":8,"enemies":"Snecko","floor":31,"turns":4},{"damage":101,"enemies":"Collector","floor":33,"turns":8}],"seed_played":"-2059142618511701966","potions_obtained":[{"floor":4,"key":"Energy Potion"},{"floor":5,"key":"SkillPotion"},{"floor":7,"key":"Weak Potion"},{"floor":20,"key":"FearPotion"},{"floor":22,"key":"PowerPotion"},{"floor":24,"key":"Fire Potion"},{"floor":28,"key":"Explosive Potion"}],"is_trial":false,"path_per_floor":["M","?","?","M","M","R","E","R","T","E","M","$","?","M","R","B",null,"M","$","M","M","M","R","M","M","T","T","M","?","M","M","R","B"],"character_chosen":"IRONCLAD","items_purchased":["Chemical X","Bandage Up"],"campfire_rested":3,"item_purchase_floors":[12,12],"current_hp_per_floor":[96,96,96,89,94,94,74,96,103,79,74,74,74,62,92,38,87,81,81,75,70,70,100,96,84,84,84,90,90,89,87,87,0],"gold":209,"neow_bonus":"TWENTY_PERCENT_HP_BONUS","is_prod":false,"is_daily":false,"chose_seed":false,"campfire_upgraded":2,"win_rate":0,"timestamp":1541454013,"path_taken":["M","?","?","?","?","R","E","R","T","E","M","$","?","M","R","BOSS","M","$","M","M","M","R","M","M","T","?","M","?","M","?","R","BOSS"],"build_version":"2018-11-01","purchased_purges":1,"victory":false,"max_hp_per_floor":[96,96,96,96,96,96,96,96,103,103,103,103,103,103,103,103,103,103,103,103,103,103,103,103,103,103,103,103,103,103,103,103,103],"card_choices":[{"not_picked":["Sword Boomerang","Body Slam"],"picked":"Fire Breathing","floor":1},{"not_picked":["Wild Strike","Sword Boomerang"],"picked":"Pummel","floor":4},{"not_picked":["Clash","Perfected Strike"],"picked":"Armaments","floor":5},{"not_picked":["Pommel Strike","Infernal Blade"],"picked":"Blood for Blood","floor":7},{"not_picked":["Feel No Pain","Sentinel"],"picked":"Anger","floor":10},{"not_picked":["Hemokinesis","Armaments"],"picked":"Carnage","floor":11},{"not_picked":["Ghostly Armor","Corruption","Headbutt"],"picked":"SKIP","floor":14},{"not_picked":["Demon Form","Juggernaut"],"picked":"Double Tap","floor":16},{"not_picked":["Pommel Strike","Armaments"],"picked":"Cleave","floor":18},{"not_picked":["Clash","Perfected Strike+1","Sword Boomerang"],"picked":"SKIP","floor":20},{"not_picked":["Anger","Intimidate+1"],"picked":"Shockwave","floor":21},{"not_picked":["Perfected Strike","Clash"],"picked":"Juggernaut","floor":22},{"not_picked":["Havoc","Sword Boomerang+1"],"picked":"Rampage","floor":24},{"not_picked":["Havoc+1","Feed"],"picked":"Battle Trance+1","floor":25},{"not_picked":["Intimidate+1","Anger+1","Iron Wave"],"picked":"SKIP","floor":28},{"not_picked":["Pommel Strike","Wild Strike+1","Sword Boomerang"],"picked":"SKIP","floor":30},{"not_picked":["Heavy Blade","Carnage","Anger"],"picked":"SKIP","floor":31}],"player_experience":853163,"relics_obtained":[{"floor":7,"key":"Bottled Tornado"},{"floor":9,"key":"Strawberry"},{"floor":10,"key":"Mercury Hourglass"},{"floor":26,"key":"Anchor"},{"floor":27,"key":"War Paint"}],"event_choices":[{"damage_healed":0,"gold_gain":175,"player_choice":"AGREE","damage_taken":0,"max_hp_gain":0,"max_hp_loss":0,"event_name":"Liars Game","floor":2,"gold_loss":0,"cards_obtained":["Doubt"]},{"cards_removed":["Doubt"],"damage_healed":0,"gold_gain":0,"player_choice":"Purged","damage_taken":0,"max_hp_gain":0,"max_hp_loss":0,"event_name":"Purifier","floor":3,"gold_loss":0},{"damage_healed":0,"gold_gain":0,"player_choice":"Rummage","damage_taken":0,"relics_obtained":["WarpedTongs"],"max_hp_gain":0,"max_hp_loss":0,"event_name":"Accursed Blacksmith","floor":13,"gold_loss":0,"cards_obtained":["Pain"]},{"damage_healed":0,"gold_gain":0,"player_choice":"Trade","damage_taken":0,"relics_obtained":["CultistMask"],"max_hp_gain":0,"max_hp_loss":0,"event_name":"FaceTrader","floor":29,"gold_loss":0}],"is_beta":false,"boss_relics":[{"not_picked":["Philosopher\u0027s Stone","Busted Crown"],"picked":"Velvet Choker"}],"items_purged_floors":[19],"is_endless":false,"potions_floor_spawned":[4,5,7,20,22,24,28],"killed_by":"Collector","ascension_level":5}