{"gold_per_floor":[117,48,59,79,79,107,122,122,122,137,162,14,43,62,62,163,163,181,181,68,78,90,90,90],"floor_reached":24,"playtime":1135,"items_purged":[],"score":374,"play_id":"d4d2c04d-fb25-4882-b129-f3cfe6d3b4ad","local_time":"20190513235123","is_ascension_mode":true,"campfire_choices":[{"floor":8,"key":"REST"},{"floor":15,"key":"REST"},{"data":"Burst","floor":23,"key":"SMITH"}],"neow_cost":"NONE","seed_source_timestamp":20134895796900,"circlet_count":0,"master_deck":["AscendersBane","Defend_G","Defend_G","Defend_G","Defend_G","Defend_G","Strike_G","Strike_G","Strike_G","Strike_G","Strike_G","Survivor","Neutralize","Dagger Spray","Blade Dance","Terror","Flying Knee","Blur","Burst+1","PiercingWail","Shame","Dash"],"relics":["Ring of the Snake","Pen Nib","Ornamental Fan","Turnip","Mango","Vajra","Blue Candle","Eternal Feather","Question Card","Tiny Chest"],"potions_floor_usage":[6,14,16,22],"damage_taken":[{"damage":0,"enemies":"2 Louse","floor":1,"turns":4},{"damage":0,"enemies":"Cultist","floor":3,"turns":3},{"damage":2,"enemies":"Jaw Worm","floor":4,"turns":3},{"damage":24,"enemies":"Gremlin Nob","floor":6,"turns":4},{"damage":10,"enemies":"Large Slime","floor":7,"turns":6},{"damage":6,"enemies":"Lots of Slimes","floor":10,"turns":3},{"damage":13,"enemies":"3 Sentries","floor":11,"turns":7},{"damage":21,"enemies":"Lagavulin","floor":13,"turns":6},{"damage":0,"enemies":"Blue Slaver","floor":14,"turns":3},{"damage":38,"enemies":"The Guardian","floor":16,"turns":13},{"damage":5,"enemies":"Chosen","floor":18,"turns":6},{"damage":18,"enemies":"Shell Parasite","floor":21,"turns":11},{"damage":7,"enemies":"Centurion and Healer","floor":22,"turns":6},{"damage":63,"enemies":"Slavers","floor":24,"turns":5}],"seed_played":"4368421394699564864","potions_obtained":[{"floor":4,"key":"SkillPotion"},{"floor":6,"key":"Ancient Potion"},{"floor":7,"key":"FearPotion"},{"floor":14,"key":"LiquidBronze"},{"floor":16,"key":"Fire Potion"},{"floor":18,"key":"Energy Potion"}],"is_trial":false,"path_per_floor":["M","$","M","M","?","E","M","R","T","M","E","$","E","M","R","B",null,"M","?","$","M","M","R","E"],"character_chosen":"THE_SILENT","items_purchased":["Die Die Die","Vajra","Tiny Chest"],"campfire_rested":2,"item_purchase_floors":[2,12,20],"current_hp_per_floor":[63,63,63,61,80,56,46,70,70,64,65,65,44,44,72,34,79,74,74,74,56,49,61,0],"gold":90,"neow_bonus":"RANDOM_COMMON_RELIC","is_prod":false,"is_daily":false,"chose_seed":false,"campfire_upgraded":1,"win_rate":0,"timestamp":1557784283,"path_taken":["M","$","M","M","?","E","?","R","T","?","E","?","E","M","R","BOSS","M","?","$","M","M","R","E"],"build_version":"2019-01-23","purchased_purges":0,"victory":false,"max_hp_per_floor":[70,70,70,70,80,80,80,80,80,80,94,94,94,94,94,94,94,94,94,94,94,94,94,94],"card_choices":[{"not_picked":["Sucker Punch","Underhanded Strike"],"picked":"Dagger Spray","floor":1},{"not_picked":["Prepared","Flechettes"],"picked":"Blade Dance","floor":3},{"not_picked":["Tactician","PiercingWail","Deflect"],"picked":"SKIP","floor":4},{"not_picked":["Storm of Steel","Prepared"],"picked":"Terror","floor":6},{"not_picked":["Slice","Masterful Stab"],"picked":"Flying Knee","floor":7},{"not_picked":["Expertise","Deflect"],"picked":"Blur","floor":10},{"not_picked":["Dagger Throw","Quick Slash","Finisher"],"picked":"SKIP","floor":11},{"not_picked":["Deflect","Deadly Poison","Masterful Stab"],"picked":"SKIP","floor":13},{"not_picked":["Dagger Throw","Deadly Poison","Outmaneuver"],"picked":"SKIP","floor":14},{"not_picked":["Unload","Night Terror"],"picked":"Burst","floor":16},{"not_picked":["Flying Knee","Eviscerate"],"picked":"PiercingWail","floor":18},{"not_picked":["Acrobatics+1","Tactician","Deflect"],"picked":"Dash","floor":21},{"not_picked":["Tactician","Acrobatics","Prepared","Slice"],"picked":"SKIP","floor":22}],"player_experience":1856887,"relics_obtained":[{"floor":6,"key":"Ornamental Fan"},{"floor":9,"key":"Turnip"},{"floor":11,"key":"Mango"},{"floor":13,"key":"Blue Candle"}],"event_choices":[{"cards_removed":["Die Die Die"],"damage_healed":9,"gold_gain":0,"player_choice":"Offered Rare","damage_taken":0,"max_hp_gain":10,"max_hp_loss":0,"event_name":"Bonfire Elementals","floor":5,"gold_loss":0},{"damage_healed":0,"gold_gain":0,"player_choice":"Stole Relic","damage_taken":0,"relics_obtained":["Question Card"],"max_hp_gain":0,"max_hp_loss":0,"event_name":"Addict","floor":19,"gold_loss":0,"cards_obtained":["Shame"]}],"is_beta":false,"boss_relics":[{"not_picked":["Runic Pyramid","Ectoplasm"],"picked":"Eternal Feather"}],"items_purged_floors":[],"is_endless":false,"potions_floor_spawned":[4,6,7,11,13,14,16,18,21],"killed_by":"Slavers","ascension_level":12}