{"gold_per_floor":[114,114,114,129,129,159,85,85,110,140,32,47,62,92,92,192,192,207,207,7,22,52,52,67,67,117,43,73,73,88,103,103,203,203,218,0,15,15,45,45,60,110,110,125,140,11,26,41,41,41],"floor_reached":51,"playtime":2284,"items_purged":[],"score":1212,"play_id":"70a97bf9-4ede-4c5a-9c3e-f2d8b0a82f51","local_time":"20190105224309","daily_mods":["Cursed Run","Hoarder","DeadlyEvents"],"is_ascension_mode":false,"campfire_choices":[{"floor":8,"key":"REST"},{"floor":15,"key":"REST"},{"floor":23,"key":"REST"},{"floor":32,"key":"REST"},{"data":"Dualcast","floor":40,"key":"SMITH"},{"floor":49,"key":"REST"}],"neow_cost":"","seed_source_timestamp":0,"circlet_count":0,"master_deck":["Strike_B","Strike_B","Strike_B","Strike_B","Defend_B","Zap+1","Dualcast+1","Rebound","Rebound","Rebound","Regret","Regret","Rebound","Rebound+1","Rebound","Lockon","Lockon","Lockon","Sweeping Beam","Sweeping Beam","Sweeping Beam","Conserve Battery","Conserve Battery","Conserve Battery","Writhe","Writhe","Writhe","Undo","Undo","Undo","Doom and Gloom","Doom and Gloom","Doom and Gloom","Tempest","Tempest","Scrape","Scrape","Scrape","Streamline","Streamline","Streamline","Barrage","Barrage","Barrage","Clumsy","Clumsy","Clumsy","Rainbow","Rainbow","Rainbow","Ball Lightning","Ball Lightning","Ball Lightning","Barrage","Barrage","Barrage","Rebound","Rebound","Rebound","Steam","Steam","Steam","Streamline","Streamline","Streamline","Ball Lightning","Ball Lightning","Ball Lightning","Ball Lightning","Ball Lightning","Ball Lightning","Rip and Tear","Rip and Tear","Rip and Tear","Streamline","Streamline","Streamline","Lockon+1","Lockon+1","Lockon+1","Injury","Injury","Injury","Streamline","Streamline","Streamline","Steam","Steam","Steam","Lockon","Lockon","Lockon","Conserve Battery","Conserve Battery","Conserve Battery","Rebound","Rebound","Rebound","Decay","Decay","Decay","Core Surge","Core Surge","Core Surge","Redo+1","Redo+1","Redo+1","Seek+1","Seek+1","Seek+1","Lockon+1","Lockon+1","Lockon+1","Sweeping Beam+1","Sweeping Beam+1","Sweeping Beam+1","Streamline+1","Streamline+1","Streamline+1","Aggregate","Aggregate","Aggregate","Conserve Battery+1","Conserve Battery+1","Conserve Battery+1","Injury","Injury","Injury","Injury","Injury","Injury","Parasite","Parasite","Parasite","Rebound","Rebound","Rebound","Ball Lightning","Ball Lightning","Ball Lightning","Streamline","Streamline","Streamline","Steam","Steam","Steam","Sweeping Beam","Sweeping Beam","Sweeping Beam","Beam Cell+1","Beam Cell+1","Beam Cell+1","Pain","Pain","Pain"],"special_seed":17902,"relics":["Cursed Key","Darkstone Periapt","Du-Vu Doll","Strawberry","Calipers","Vajra","Blue Candle","Potion Belt","Orrery","Medical Kit","DataDisk","Pantograph","Orichalcum","Frozen Egg 2","Astrolabe","Red Mask","Gremlin Horn","Blood Vial","Kunai"],"potions_floor_usage":[4,14,21,30,48,50,50,50,50],"damage_taken":[{"damage":1,"enemies":"Jaw Worm","floor":1,"turns":3},{"damage":0,"enemies":"2 Louse","floor":4,"turns":1},{"damage":24,"enemies":"3 Sentries","floor":6,"turns":4},{"damage":17,"enemies":"Gremlin Nob","floor":10,"turns":3},{"damage":0,"enemies":"Small Slimes","floor":12,"turns":2},{"damage":10,"enemies":"Looter","floor":13,"turns":2},{"damage":0,"enemies":"Lagavulin","floor":14,"turns":4},{"damage":28,"enemies":"Hexaghost","floor":16,"turns":7},{"damage":0,"enemies":"Spheric Guardian","floor":18,"turns":3},{"damage":6,"enemies":"Chosen","floor":21,"turns":2},{"damage":30,"enemies":"Slavers","floor":22,"turns":4},{"damage":24,"enemies":"3 Cultists","floor":24,"turns":4},{"damage":20,"enemies":"Gremlin Leader","floor":28,"turns":4},{"damage":25,"enemies":"Centurion and Healer","floor":30,"turns":4},{"damage":4,"enemies":"Cultist and Chosen","floor":31,"turns":4},{"damage":17,"enemies":"Automaton","floor":33,"turns":6},{"damage":4,"enemies":"Orb Walker","floor":35,"turns":2},{"damage":10,"enemies":"3 Darklings","floor":37,"turns":4},{"damage":19,"enemies":"Reptomancer","floor":39,"turns":3},{"damage":28,"enemies":"Spire Growth","floor":41,"turns":3},{"damage":9,"enemies":"Writhing Mass","floor":44,"turns":3},{"damage":0,"enemies":"3 Darklings","floor":45,"turns":1},{"damage":0,"enemies":"Maw","floor":47,"turns":4},{"damage":0,"enemies":"Jaw Worm Horde","floor":48,"turns":2},{"damage":62,"enemies":"Donu and Deca","floor":50,"turns":5}],"seed_played":"7362796189856692124","potions_obtained":[{"floor":1,"key":"Fire Potion"},{"floor":10,"key":"AttackPotion"},{"floor":13,"key":"EssenceOfSteel"},{"floor":28,"key":"SkillPotion"},{"floor":31,"key":"SmokeBomb"},{"floor":37,"key":"Ancient Potion"},{"floor":39,"key":"Fire Potion"},{"floor":41,"key":"Ancient Potion"},{"floor":45,"key":"Fire Potion"}],"is_trial":false,"path_per_floor":["M","?","?","M","?","E","$","R","T","E","$","M","M","E","R","B",null,"M","?","$","M","E","R","M","?","T","$","E","$","M","M","R","B",null,"M","?","M","?","E","R","M","T","T","M","M","$","M","M","R","B",null],"character_chosen":"DEFECT","items_purchased":["Sweeping Beam","Conserve Battery","Doom and Gloom","Tempest","Medical Kit","Streamline","Steam","Streamline","Steam","Explosive Potion"],"campfire_rested":5,"item_purchase_floors":[7,7,11,11,20,27,27,46,46,46],"current_hp_per_floor":[74,87,80,80,62,38,38,64,70,53,53,53,43,43,71,49,100,100,100,100,94,64,94,70,70,76,76,56,56,31,27,58,72,112,108,108,98,112,93,93,65,71,77,76,78,78,80,82,121,74],"gold":41,"neow_bonus":"","is_prod":false,"is_daily":true,"chose_seed":false,"campfire_upgraded":1,"win_rate":0,"timestamp":1546756989,"path_taken":["M","?","?","M","?","E","$","R","T","?","?","M","?","?","R","BOSS","M","?","?","?","?","R","M","?","T","?","?","$","?","M","R","BOSS","M","?","M","?","?","R","?","?","T","M","M","?","M","?","R","BOSS"],"build_version":"2019-01-03v4","purchased_purges":0,"victory":true,"max_hp_per_floor":[75,88,88,88,88,88,88,88,94,94,94,94,94,94,94,100,100,100,100,100,100,100,100,100,100,106,106,106,106,106,106,106,112,112,112,112,112,112,112,112,112,118,124,130,130,130,130,130,130,136],"card_choices":[{"not_picked":["Beam Cell","Gash"],"picked":"Rebound","floor":1},{"not_picked":["Storm","Consume"],"picked":"Rebound","floor":4},{"not_picked":["Coolheaded","Beam Cell"],"picked":"Lockon","floor":6},{"not_picked":["Beam Cell","Barrage"],"picked":"Undo","floor":10},{"not_picked":["Barrage","Defragment"],"picked":"Scrape","floor":12},{"not_picked":["Sweeping Beam","Cold Snap"],"picked":"Streamline","floor":13},{"not_picked":["Leap","Aggregate"],"picked":"Barrage","floor":14},{"not_picked":["Fission","Hyperbeam"],"picked":"Rainbow","floor":16},{"not_picked":["Consume","Compile Driver"],"picked":"Ball Lightning","floor":17},{"not_picked":["Defragment","Conserve Battery"],"picked":"Barrage","floor":17},{"not_picked":["Leap","Darkness"],"picked":"Rebound","floor":17},{"not_picked":["Force Field","Redo"],"picked":"Steam","floor":17},{"not_picked":["Turbo","Defragment"],"picked":"Streamline","floor":17},{"not_picked":["Go for the Eyes","Melter"],"picked":"Ball Lightning","floor":18},{"not_picked":["Sweeping Beam","Consume"],"picked":"Rip and Tear","floor":21},{"not_picked":["Fission","Tempest"],"picked":"Streamline","floor":22},{"not_picked":["Rebound","Fusion"],"picked":"Lockon+1","floor":24},{"not_picked":["Doom and Gloom","Reinforced Body"],"picked":"Lockon","floor":28},{"not_picked":["Rebound","Leap"],"picked":"Conserve Battery","floor":30},{"not_picked":["Skim","Undo+1"],"picked":"Rebound","floor":31},{"not_picked":["Machine Learning+1","Amplify"],"picked":"Core Surge","floor":33},{"not_picked":["Beam Cell","Hello World+1"],"picked":"Sweeping Beam+1","floor":35},{"not_picked":["Hologram","Force Field"],"picked":"Streamline+1","floor":37},{"not_picked":["Cold Snap+1","Redo"],"picked":"Aggregate","floor":39},{"not_picked":["Cold Snap","Redo+1"],"picked":"Conserve Battery+1","floor":41},{"not_picked":["Recycle","Steam+1"],"picked":"Rebound","floor":44},{"not_picked":["Self Repair+1","Lockon"],"picked":"Ball Lightning","floor":45},{"not_picked":["Gash","Go for the Eyes+1"],"picked":"Sweeping Beam","floor":47},{"not_picked":["Coolheaded","Thunder Strike"],"picked":"Beam Cell+1","floor":48}],"player_experience":461130,"relics_obtained":[{"floor":6,"key":"Calipers"},{"floor":9,"key":"Vajra"},{"floor":10,"key":"Blue Candle"},{"floor":14,"key":"Potion Belt"},{"floor":22,"key":"DataDisk"},{"floor":26,"key":"Orichalcum"},{"floor":28,"key":"Frozen Egg 2"},{"floor":39,"key":"Gremlin Horn"},{"floor":42,"key":"Blood Vial"},{"floor":43,"key":"Kunai"}],"event_choices":[{"damage_healed":0,"gold_gain":0,"player_choice":"Box","damage_taken":0,"relics_obtained":["Strawberry"],"max_hp_gain":0,"max_hp_loss":0,"event_name":"Big Fish","floor":2,"gold_loss":0,"cards_obtained":["Regret"]},{"cards_removed":["Regret"],"damage_healed":0,"gold_gain":0,"player_choice":"Card Removal","damage_taken":7,"max_hp_gain":0,"max_hp_loss":0,"event_name":"Golden Wing","floor":3,"gold_loss":0},{"damage_healed":0,"gold_gain":0,"player_choice":"Entered Light","damage_taken":18,"max_hp_gain":0,"max_hp_loss":0,"event_name":"Shining Light","floor":5,"gold_loss":0,"cards_upgraded":["Rebound","Zap"]},{"damage_healed":0,"gold_gain":0,"player_choice":"Read","damage_taken":0,"max_hp_gain":0,"max_hp_loss":0,"event_name":"The Library","floor":19,"gold_loss":0,"cards_obtained":["Ball Lightning"]},{"damage_healed":0,"gold_gain":0,"player_choice":"Opened","damage_taken":0,"relics_obtained":["Pantograph"],"max_hp_gain":0,"max_hp_loss":0,"event_name":"The Mausoleum","floor":25,"gold_loss":0},{"damage_healed":0,"gold_gain":0,"player_choice":"Paid","damage_taken":0,"relics_obtained":["Red Mask"],"max_hp_gain":0,"max_hp_loss":0,"event_name":"Tomb of Lord Red Mask","floor":36,"gold_loss":218},{"cards_removed":["Tempest"],"damage_healed":14,"gold_gain":0,"player_choice":"Offered Uncommon","damage_taken":0,"max_hp_gain":0,"max_hp_loss":0,"event_name":"Bonfire Elementals","floor":38,"gold_loss":0}],"is_beta":false,"boss_relics":[{"not_picked":["Velvet Choker","Coffee Dripper"],"picked":"Orrery"},{"not_picked":["Empty Cage","Nuclear Battery"],"picked":"Astrolabe"}],"items_purged_floors":[],"is_endless":false,"potions_floor_spawned":[1,10,13,28,31,37,39,41,45],"ascension_level":0}