{"gold_per_floor":[119,130,130,145,160,185,185,185,185,185,220,250,250,263,263,361,361,377,75,89,89,89,89,106,106,155,169,169,202,202,258,258,362,362,373,373,373,373,384,384,40,53,103,33,79,91,91,115,115,115],"floor_reached":51,"playtime":3897,"items_purged":[],"score":671,"play_id":"7037bf15-54d6-403d-809d-faf2d217f126","local_time":"20181224164130","is_ascension_mode":false,"campfire_choices":[{"data":"Genetic Algorithm","floor":8,"key":"SMITH"},{"data":"Sweeping Beam","floor":10,"key":"SMITH"},{"data":"Hello World","floor":15,"key":"SMITH"},{"data":"Panache","floor":23,"key":"SMITH"},{"floor":25,"key":"REST"},{"floor":32,"key":"REST"},{"data":"Storm","floor":40,"key":"SMITH"},{"data":"Storm","floor":47,"key":"SMITH"},{"floor":49,"key":"REST"}],"neow_cost":"NONE","seed_source_timestamp":286225809827220,"circlet_count":0,"master_deck":["Strike_B+1","Strike_B+1","Strike_B+1","Strike_B+1","Defend_B+1","Defend_B+1","Defend_B+1","Defend_B+1","Zap","Dualcast","Genetic Algorithm+1","Gash","Beam Cell","Heatsinks","Sweeping Beam+1","Buffer","Gash","Hello World+1","Creative AI","Stack","Capacitor","Panache+1","Flash of Steel","Leap","Defragment","Redo+1","Self Repair","BootSequence+1","Buffer","Storm+1","White Noise","Amplify","Defragment+1","Reinforced Body+1","Steam+1","Gash+1","Loop","All For One","Magnetism","Biased Cognition","Storm+1","Static Discharge+1"],"relics":["Cracked Core","NeowsBlessing","Mummified Hand","Gremlin Horn","Sundial","Juzu Bracelet","Odd Mushroom","Nuclear Battery","MutagenicStrength","Bronze Scales","Ancient Tea Set","Tiny Chest","Orrery","Ginger","Vajra","PreservedInsect","Lantern"],"potions_floor_usage":[16,16,16,50,50,50],"damage_taken":[{"damage":0,"enemies":"Jaw Worm","floor":1,"turns":1},{"damage":0,"enemies":"Cultist","floor":2,"turns":1},{"damage":0,"enemies":"2 Louse","floor":4,"turns":1},{"damage":25,"enemies":"Large Slime","floor":5,"turns":6},{"damage":32,"enemies":"3 Sentries","floor":6,"turns":9},{"damage":32,"enemies":"Lagavulin","floor":11,"turns":6},{"damage":9,"enemies":"The Mushroom Lair","floor":12,"turns":4},{"damage":13,"enemies":"Exordium Thugs","floor":14,"turns":4},{"damage":31,"enemies":"Hexaghost","floor":16,"turns":7},{"damage":3,"enemies":"Shell Parasite","floor":18,"turns":4},{"damage":32,"enemies":"2 Thieves","floor":20,"turns":3},{"damage":0,"enemies":"Snecko","floor":24,"turns":5},{"damage":9,"enemies":"Snake Plant","floor":27,"turns":3},{"damage":18,"enemies":"Book of Stabbing","floor":29,"turns":5},{"damage":4,"enemies":"Champ","floor":33,"turns":8},{"damage":0,"enemies":"3 Shapes","floor":35,"turns":4},{"damage":16,"enemies":"3 Darklings","floor":39,"turns":5},{"damage":17,"enemies":"Sphere and 2 Shapes","floor":42,"turns":4},{"damage":0,"enemies":"Transient","floor":46,"turns":5},{"damage":41,"enemies":"Donu and Deca","floor":50,"turns":6}],"seed_played":"-5583749170223135098","potions_obtained":[{"floor":1,"key":"FearPotion"},{"floor":11,"key":"PowerPotion"},{"floor":12,"key":"Explosive Potion"},{"floor":14,"key":"Strength Potion"},{"floor":24,"key":"Ancient Potion"},{"floor":33,"key":"Regen Potion"},{"floor":42,"key":"FearPotion"}],"is_trial":false,"path_per_floor":["M","M","?","M","M","E","?","R","T","R","E","?","?","M","R","B",null,"M","$","M","?","?","R","M","R","T","M","?","E","?","T","R","B",null,"M","T","?","?","M","R","$","M","T","$","T","M","R","T","R","B",null],"character_chosen":"DEFECT","items_purchased":["Capacitor","Panache","Flash of Steel","Loop","All For One","Magnetism","Storm"],"campfire_rested":3,"item_purchase_floors":[19,19,19,41,41,41,44],"current_hp_per_floor":[75,75,75,75,50,18,43,43,43,43,11,2,75,62,62,31,75,72,72,40,40,40,40,40,62,62,53,53,42,42,42,64,67,75,75,75,75,71,62,62,62,45,45,45,45,45,45,45,66,44],"gold":115,"neow_bonus":"THREE_ENEMY_KILL","is_prod":false,"is_daily":false,"chose_seed":false,"campfire_upgraded":6,"win_rate":0.0,"timestamp":1545698490,"path_taken":["M","M","?","?","M","E","?","R","T","R","E","?","?","M","R","BOSS","M","$","M","?","?","R","M","R","T","M","?","E","?","?","R","BOSS","M","?","?","?","M","R","$","M","T","?","?","M","R","?","R","BOSS"],"build_version":"2018-12-20","purchased_purges":0,"victory":true,"max_hp_per_floor":[75,75,75,75,75,75,75,75,75,75,75,75,75,75,75,75,75,75,75,75,75,75,75,75,75,75,75,75,75,75,75,75,75,75,75,75,75,71,71,71,71,71,71,71,71,71,71,71,71,71],"card_choices":[{"not_picked":["Coolheaded","Sweeping Beam"],"picked":"Genetic Algorithm","floor":1},{"not_picked":["Darkness","Reprogram"],"picked":"Gash","floor":2},{"not_picked":["Streamline","Hologram"],"picked":"Beam Cell","floor":4},{"not_picked":["Static Discharge","Compile Driver"],"picked":"Heatsinks","floor":5},{"not_picked":["Steam Power","Cold Snap"],"picked":"Sweeping Beam","floor":6},{"not_picked":["Ball Lightning","Steam Power"],"picked":"Buffer","floor":11},{"not_picked":["Compile Driver","Sweeping Beam"],"picked":"Gash","floor":12},{"not_picked":["Go for the Eyes","Leap"],"picked":"Hello World","floor":14},{"not_picked":["Machine Learning","Thunder Strike"],"picked":"Creative AI","floor":16},{"not_picked":["Glacier","Ball Lightning"],"picked":"Stack","floor":18},{"not_picked":["FTL","Steam Power"],"picked":"Leap","floor":20},{"not_picked":["Stack+1","Skim"],"picked":"Redo+1","floor":24},{"not_picked":["Ball Lightning+1","Stack+1"],"picked":"Self Repair","floor":27},{"not_picked":["Hologram","Aggregate+1"],"picked":"BootSequence+1","floor":29},{"not_picked":["Seek","Thunder Strike"],"picked":"Buffer","floor":33},{"not_picked":["Cold Snap","Conserve Battery"],"picked":"Storm","floor":34},{"not_picked":["Reprogram","Cold Snap"],"picked":"White Noise","floor":34},{"not_picked":["Ball Lightning","Sweeping Beam"],"picked":"Amplify","floor":34},{"not_picked":["Darkness","Streamline+1"],"picked":"Defragment+1","floor":34},{"not_picked":["Ball Lightning","Reprogram"],"picked":"Reinforced Body+1","floor":34},{"not_picked":["Hologram+1","Scrape+1"],"picked":"Steam+1","floor":35},{"not_picked":["Ball Lightning","Streamline+1"],"picked":"Gash+1","floor":39},{"not_picked":["Darkness","Compile Driver+1"],"picked":"Biased Cognition","floor":42},{"not_picked":["Ball Lightning","Double Energy"],"picked":"Static Discharge+1","floor":46}],"player_experience":49746,"relics_obtained":[{"floor":6,"key":"Gremlin Horn"},{"floor":9,"key":"Sundial"},{"floor":11,"key":"Juzu Bracelet"},{"floor":12,"key":"Odd Mushroom"},{"floor":26,"key":"Bronze Scales"},{"floor":29,"key":"Ancient Tea Set"},{"floor":31,"key":"Tiny Chest"},{"floor":36,"key":"Ginger"},{"floor":43,"key":"Vajra"},{"floor":45,"key":"PreservedInsect"},{"floor":48,"key":"Lantern"}],"event_choices":[{"damage_healed":0,"gold_gain":0,"player_choice":"Gave Potion","damage_taken":0,"relics_obtained":["Mummified Hand"],"max_hp_gain":0,"max_hp_loss":0,"event_name":"WeMeetAgain","floor":3,"gold_loss":0},{"damage_healed":25,"gold_gain":0,"player_choice":"Banana","damage_taken":0,"max_hp_gain":0,"max_hp_loss":0,"event_name":"Big Fish","floor":7,"gold_loss":0},{"damage_healed":0,"gold_gain":0,"player_choice":"Fought Mushrooms","damage_taken":0,"max_hp_gain":0,"max_hp_loss":0,"event_name":"Mushrooms","floor":12,"gold_loss":0},{"damage_healed":73,"gold_gain":0,"player_choice":"Full Heal","damage_taken":0,"max_hp_gain":0,"max_hp_loss":0,"event_name":"Wheel of Change","floor":13,"gold_loss":0},{"damage_healed":0,"gold_gain":0,"player_choice":"Inject Mutagens","damage_taken":0,"relics_obtained":["MutagenicStrength"],"max_hp_gain":0,"max_hp_loss":0,"event_name":"Drug Dealer","floor":21,"gold_loss":0},{"damage_healed":0,"gold_gain":0,"player_choice":"Read","damage_taken":0,"max_hp_gain":0,"max_hp_loss":0,"event_name":"The Library","floor":22,"gold_loss":0,"cards_obtained":["Defragment"]},{"damage_healed":0,"gold_gain":0,"player_choice":"Ignored","damage_taken":0,"max_hp_gain":0,"max_hp_loss":0,"event_name":"Ghosts","floor":28,"gold_loss":0},{"damage_healed":0,"gold_gain":0,"player_choice":"Simplicity","damage_taken":0,"max_hp_gain":0,"max_hp_loss":0,"event_name":"Back to Basics","floor":30,"gold_loss":0,"cards_upgraded":["Strike_B","Strike_B","Strike_B","Strike_B","Defend_B","Defend_B","Defend_B","Defend_B"]},{"damage_healed":0,"gold_gain":0,"player_choice":"Ignored","damage_taken":0,"max_hp_gain":0,"max_hp_loss":0,"event_name":"Tomb of Lord Red Mask","floor":37,"gold_loss":0},{"damage_healed":0,"gold_gain":0,"player_choice":"Max HP","damage_taken":0,"max_hp_gain":0,"max_hp_loss":4,"event_name":"Winding Halls","floor":38,"gold_loss":0}],"is_beta":false,"boss_relics":[{"not_picked":["Calling Bell","Philosopher\u0027s Stone"],"picked":"Nuclear Battery"},{"not_picked":["Snecko Eye","Astrolabe"],"picked":"Orrery"}],"items_purged_floors":[],"is_endless":false,"potions_floor_spawned":[1,11,12,14,24,33,42],"ascension_level":0}