{"gold_per_floor":[110,110,171,239,256,256,51,51,51,118,132,200,235,249,249,354,354,364,383,75,154,204,204,266,266,293,343,343,360,386,404,404,506,506,518,528,37,87,190,190,205,255],"floor_reached":42,"playtime":2970,"items_purged":["Strike_B"],"score":562,"play_id":"f7b60c99-e2f9-402a-92fb-8fddcb7a2ae2","local_time":"20181009220711","is_ascension_mode":true,"campfire_choices":[{"data":"Sunder","floor":6,"key":"SMITH"},{"data":"Zap","floor":8,"key":"SMITH"},{"data":"Static Discharge","floor":15,"key":"SMITH"},{"floor":23,"key":"REST"},{"floor":25,"key":"REST"},{"data":"Seek","floor":28,"key":"SMITH"},{"floor":32,"key":"REST"},{"floor":40,"key":"REST"}],"neow_cost":"NONE","seed_source_timestamp":119036373530200,"circlet_count":0,"master_deck":["Defend_B","Defend_B","Defend_B","Defend_B","Zap+1","Dualcast","Reboot","Sunder+1","Sweeping Beam","Stack","Ball Lightning","Static Discharge+1","Heatsinks","Turbo","Seek+1","Self Repair","Steam","Loop","Turbo","Skim+1","Bite","Bite","Bite","Bite","Bite","Loop","Defragment","Static Discharge","Echo Form","Chill+1","Madness","Madness","Tempest"],"relics":["Cracked Core","SsserpentHead","Lee\u0027s Waffle","Happy Flower","Pear","White Beast Statue","Art of War","Red Mask","Bag of Marbles","Bag of Preparation","Runic Pyramid","Medical Kit","Lantern","Pen Nib","Bird Faced Urn"],"potions_floor_usage":[12,13,19,19,21,24,29,30,31,33,42,42,42],"damage_taken":[{"damage":0,"enemies":"2 Louse","floor":1,"turns":2},{"damage":6,"enemies":"Cultist","floor":3,"turns":3},{"damage":0,"enemies":"Small Slimes","floor":4,"turns":3},{"damage":4,"enemies":"Red Slaver","floor":5,"turns":4},{"damage":0,"enemies":"Gremlin Gang","floor":10,"turns":2},{"damage":13,"enemies":"Large Slime","floor":11,"turns":4},{"damage":0,"enemies":"Exordium Wildlife","floor":12,"turns":3},{"damage":0,"enemies":"Gremlin Nob","floor":13,"turns":3},{"damage":0,"enemies":"3 Louse","floor":14,"turns":2},{"damage":32,"enemies":"Slime Boss","floor":16,"turns":6},{"damage":7,"enemies":"Chosen","floor":18,"turns":3},{"damage":31,"enemies":"2 Thieves","floor":19,"turns":3},{"damage":25,"enemies":"Masked Bandits","floor":21,"turns":3},{"damage":22,"enemies":"3 Cultists","floor":24,"turns":4},{"damage":22,"enemies":"Centurion and Healer","floor":29,"turns":4},{"damage":30,"enemies":"Gremlin Leader","floor":30,"turns":8},{"damage":7,"enemies":"Cultist and Chosen","floor":31,"turns":4},{"damage":77,"enemies":"Champ","floor":33,"turns":9},{"damage":3,"enemies":"Orb Walker","floor":35,"turns":3},{"damage":47,"enemies":"Mysterious Sphere","floor":39,"turns":6},{"damage":28,"enemies":"3 Darklings","floor":41,"turns":4},{"damage":53,"enemies":"Reptomancer","floor":42,"turns":3}],"seed_played":"-689700665036761432","potions_obtained":[{"floor":3,"key":"Energy Potion"},{"floor":4,"key":"Ancient Potion"},{"floor":11,"key":"SkillPotion"},{"floor":12,"key":"Block Potion"},{"floor":18,"key":"Explosive Potion"},{"floor":19,"key":"Poison Potion"},{"floor":21,"key":"SteroidPotion"},{"floor":24,"key":"Fire Potion"},{"floor":29,"key":"Block Potion"},{"floor":30,"key":"Fire Potion"},{"floor":31,"key":"Fire Potion"},{"floor":33,"key":"Poison Potion"},{"floor":35,"key":"LiquidBronze"}],"is_trial":false,"path_per_floor":["M","?","M","M","M","R","$","R","T","M","M","M","E","M","R","B",null,"M","M","$","?","?","R","M","R","T","?","R","M","E","M","R","B",null,"M","?","$","?","?","R","M"],"character_chosen":"DEFECT","items_purchased":["Lee\u0027s Waffle","Loop","Art of War","Turbo","Medical Kit","Lantern","Pen Nib"],"campfire_rested":4,"item_purchase_floors":[7,20,20,20,37,37,37],"current_hp_per_floor":[75,75,69,69,65,65,82,82,82,82,69,69,79,79,79,47,92,85,54,54,29,29,48,43,62,62,62,62,53,49,53,64,10,64,63,63,63,55,23,42,37,0],"gold":255,"neow_bonus":"ONE_RANDOM_RARE_CARD","is_prod":false,"is_daily":false,"chose_seed":false,"campfire_upgraded":4,"win_rate":0,"timestamp":1539115631,"path_taken":["M","?","?","?","M","R","$","R","T","?","M","?","E","M","R","BOSS","M","M","$","?","?","R","?","R","T","?","R","M","E","M","R","BOSS","M","?","$","?","?","R","M","?"],"build_version":"2018-10-04v2","purchased_purges":1,"victory":false,"max_hp_per_floor":[75,75,75,75,75,75,82,82,82,82,82,82,92,92,92,92,92,92,92,92,92,64,64,64,64,64,64,64,64,64,64,64,64,64,64,64,64,64,64,64,64,64],"card_choices":[{"not_picked":["Ball Lightning","Sweeping Beam"],"picked":"Sunder","floor":1},{"not_picked":["Sunder","Conserve Battery"],"picked":"Sweeping Beam","floor":3},{"not_picked":["Blizzard","Scrape"],"picked":"Stack","floor":4},{"not_picked":["Compile Driver","Hologram"],"picked":"Ball Lightning","floor":5},{"not_picked":["Steam Power","Stack"],"picked":"Static Discharge","floor":10},{"not_picked":["Recycle","Scrape"],"picked":"Heatsinks","floor":11},{"not_picked":["Cold Snap","Redo","Sweeping Beam"],"picked":"SKIP","floor":12},{"not_picked":["Blizzard","Cold Snap","Go for the Eyes"],"picked":"SKIP","floor":13},{"not_picked":["Stack","Reinforced Body"],"picked":"Turbo","floor":14},{"not_picked":["Amplify","Creative AI"],"picked":"Seek","floor":16},{"not_picked":["Coolheaded","Streamline+1"],"picked":"Self Repair","floor":18},{"not_picked":["Darkness","Redo"],"picked":"Steam","floor":19},{"not_picked":["Coolheaded","Beam Cell"],"picked":"Skim+1","floor":21},{"not_picked":["Darkness+1","Rip and Tear"],"picked":"Loop","floor":24},{"not_picked":["FTL","Sweeping Beam","Stack"],"picked":"SKIP","floor":29},{"not_picked":["Hyperbeam","Stack"],"picked":"Defragment","floor":30},{"not_picked":["BootSequence","Leap+1"],"picked":"Static Discharge","floor":31},{"not_picked":["Buffer","Biased Cognition"],"picked":"Echo Form","floor":33},{"not_picked":["Compile Driver","Gash+1"],"picked":"Chill+1","floor":35},{"not_picked":["Doom and Gloom+1","Barrage+1"],"picked":"Tempest","floor":39},{"not_picked":["Streamline+1","Doom and Gloom+1","Redo"],"picked":"SKIP","floor":41}],"player_experience":596945,"relics_obtained":[{"floor":9,"key":"Happy Flower"},{"floor":13,"key":"Pear"},{"floor":21,"key":"Red Mask"},{"floor":26,"key":"Bag of Marbles"},{"floor":30,"key":"Bag of Preparation"},{"floor":39,"key":"Bird Faced Urn"}],"event_choices":[{"event_name":"FaceTrader","player_choice":"Trade","floor":2,"damage_taken":0},{"event_name":"Masked Bandits","player_choice":"Fought Bandits","floor":21,"damage_taken":0},{"event_name":"Vampires","player_choice":"Became a vampire","floor":22,"damage_taken":0},{"event_name":"Ghosts","player_choice":"Ignored","floor":27,"damage_taken":0},{"event_name":"The Woman in Blue","player_choice":"Bought 3 Potions","floor":36,"damage_taken":0},{"event_name":"Winding Halls","player_choice":"Embrace Madness","floor":38,"damage_taken":0},{"event_name":"Mysterious Sphere","player_choice":"Fight","floor":39,"damage_taken":0}],"is_beta":false,"boss_relics":[{"not_picked":["Orrery","Ectoplasm"],"picked":"White Beast Statue"},{"not_picked":["Empty Cage","Coffee Dripper"],"picked":"Runic Pyramid"}],"items_purged_floors":[20],"is_endless":false,"potions_floor_spawned":[3,4,11,12,18,19,21,24,29,30,31,33,35,39,41],"killed_by":"Reptomancer","ascension_level":3}