{"gold_per_floor":[119,133,143,157,174,174,174,174,174,149,165,165,6,21,21,144,144,168,182,201,156,169,169,169,169,196,321,345,360,360,360,360,360],"floor_reached":33,"playtime":4720,"items_purged":[],"score":266,"play_id":"ad558d83-dc63-482a-b4db-8517e21f482e","local_time":"20181123002528","is_ascension_mode":false,"campfire_choices":[{"floor":6,"key":"REST"},{"floor":15,"key":"REST"},{"floor":23,"key":"REST"},{"data":"Perfected Strike","floor":25,"key":"SMITH"},{"floor":30,"key":"REST"},{"floor":32,"key":"REST"}],"neow_cost":"","seed_source_timestamp":428937152956993,"circlet_count":0,"master_deck":["Strike_R+1","Strike_R+1","Strike_R+1","Strike_R+1","Strike_R+1","Defend_R+1","Defend_R+1","Defend_R+1","Defend_R+1","Bash","Rupture","Bloodletting","Metallicize","Whirlwind","Metallicize","True Grit","Anger","Bash","Pommel Strike","Juggernaut","Perfected Strike+1","Reaper","Perfected Strike+1","Inflame","Perfected Strike","Iron Wave","Flame Barrier","Perfected Strike","Headbutt","Dropkick+1","Writhe"],"relics":["Burning Blood","Golden Idol","Bottled Flame","Lizard Tail","PreservedInsect","Pocketwatch","Paper Frog","Ancient Tea Set"],"potions_floor_usage":[19,20,20,27,27,28,29,29,29,29],"damage_taken":[{"damage":11,"enemies":"Small Slimes","floor":1,"turns":4},{"damage":10,"enemies":"Jaw Worm","floor":2,"turns":5},{"damage":12,"enemies":"2 Louse","floor":3,"turns":3},{"damage":31,"enemies":"Gremlin Gang","floor":4,"turns":8},{"damage":30,"enemies":"Large Slime","floor":5,"turns":6},{"damage":20,"enemies":"Looter","floor":11,"turns":4},{"damage":13,"enemies":"Blue Slaver","floor":14,"turns":5},{"damage":50,"enemies":"The Guardian","floor":16,"turns":14},{"damage":26,"enemies":"Spheric Guardian","floor":18,"turns":6},{"damage":22,"enemies":"2 Thieves","floor":19,"turns":5},{"damage":19,"enemies":"Chosen and Byrds","floor":20,"turns":5},{"damage":17,"enemies":"Centurion and Healer","floor":22,"turns":6},{"damage":4,"enemies":"Colosseum Slavers","floor":27,"turns":5},{"damage":34,"enemies":"Colosseum Nobs","floor":27,"turns":5},{"damage":3,"enemies":"Snake Plant","floor":28,"turns":3},{"damage":0,"enemies":"Sentry and Sphere","floor":29,"turns":3},{"damage":121,"enemies":"Champ","floor":33,"turns":14}],"seed_played":"-8023494976933778294","potions_obtained":[{"floor":1,"key":"FearPotion"},{"floor":2,"key":"PowerPotion"},{"floor":11,"key":"SteroidPotion"},{"floor":18,"key":"AttackPotion"},{"floor":19,"key":"SkillPotion"},{"floor":20,"key":"EssenceOfSteel"},{"floor":22,"key":"SkillPotion"},{"floor":28,"key":"EntropicBrew"}],"is_trial":false,"path_per_floor":["M","M","M","M","M","R","?","?","T","$","M","?","$","M","R","B",null,"M","M","M","$","M","R","?","R","T","?","M","M","R","?","R","B"],"character_chosen":"IRONCLAD","items_purchased":["True Grit","Pommel Strike","Juggernaut","Iron Wave"],"campfire_rested":5,"item_purchase_floors":[10,13,13,21],"current_hp_per_floor":[75,71,65,40,16,40,66,66,66,66,52,52,52,45,67,23,74,54,38,27,27,16,38,38,38,38,12,15,21,43,43,65,0],"gold":360,"neow_bonus":"","is_prod":false,"is_daily":false,"chose_seed":false,"campfire_upgraded":1,"win_rate":0.0,"timestamp":1542900328,"path_taken":["M","M","M","M","M","R","?","?","T","?","M","?","$","?","R","BOSS","M","M","M","$","M","R","?","R","T","?","M","M","R","?","R","BOSS"],"build_version":"2018-11-15","purchased_purges":0,"victory":false,"max_hp_per_floor":[80,80,80,80,80,80,80,74,74,74,74,74,74,74,74,74,74,74,74,74,74,74,74,74,74,74,74,74,74,74,74,74,74],"card_choices":[{"not_picked":["Body Slam","Clothesline"],"picked":"Rupture","floor":1},{"not_picked":["Rupture","Rampage"],"picked":"Bloodletting","floor":2},{"not_picked":["Body Slam","Anger"],"picked":"Metallicize","floor":3},{"not_picked":["Feel No Pain","Sword Boomerang"],"picked":"Whirlwind","floor":4},{"not_picked":["Perfected Strike","Rampage"],"picked":"Metallicize","floor":5},{"not_picked":["Ghostly Armor","Twin Strike"],"picked":"Anger","floor":11},{"not_picked":["Shrug It Off","Flex"],"picked":"Perfected Strike","floor":14},{"not_picked":["Double Tap","Demon Form"],"picked":"Reaper","floor":16},{"not_picked":["Thunderclap+1","Flame Barrier"],"picked":"Perfected Strike+1","floor":18},{"not_picked":["Bloodletting","Disarm"],"picked":"Inflame","floor":19},{"not_picked":["Thunderclap","Sword Boomerang"],"picked":"Perfected Strike","floor":20},{"not_picked":["Shrug It Off+1","Whirlwind"],"picked":"Flame Barrier","floor":22},{"not_picked":["Bloodletting","Intimidate"],"picked":"Perfected Strike","floor":27},{"not_picked":["Flex","Anger"],"picked":"Headbutt","floor":28},{"not_picked":["Berserk","Sever Soul"],"picked":"Dropkick+1","floor":29}],"player_experience":0,"relics_obtained":[{"floor":9,"key":"Bottled Flame"},{"floor":26,"key":"PreservedInsect"},{"floor":27,"key":"Pocketwatch"},{"floor":27,"key":"Paper Frog"}],"event_choices":[{"damage_healed":26,"gold_gain":0,"player_choice":"Banana","damage_taken":0,"max_hp_gain":0,"max_hp_loss":0,"event_name":"Big Fish","floor":7,"gold_loss":0},{"damage_healed":0,"gold_gain":0,"player_choice":"Lose Max HP","damage_taken":0,"relics_obtained":["Golden Idol"],"max_hp_gain":0,"max_hp_loss":6,"event_name":"Golden Idol","floor":8,"gold_loss":0},{"damage_healed":0,"gold_gain":0,"player_choice":"1 cards matched","damage_taken":0,"max_hp_gain":0,"max_hp_loss":0,"event_name":"Match and Keep!","floor":12,"gold_loss":0,"cards_obtained":["Bash"]},{"damage_healed":0,"gold_gain":0,"player_choice":"Simplicity","damage_taken":0,"max_hp_gain":0,"max_hp_loss":0,"event_name":"Back to Basics","floor":24,"gold_loss":0,"cards_upgraded":["Strike_R","Strike_R","Strike_R","Strike_R","Strike_R","Defend_R","Defend_R","Defend_R","Defend_R"]},{"damage_healed":0,"gold_gain":0,"player_choice":"Fight","damage_taken":0,"max_hp_gain":0,"max_hp_loss":0,"event_name":"Colosseum","floor":27,"gold_loss":0},{"damage_healed":0,"gold_gain":0,"player_choice":"Fought Nobs","damage_taken":0,"max_hp_gain":0,"max_hp_loss":0,"event_name":"Colosseum","floor":27,"gold_loss":0},{"damage_healed":0,"gold_gain":0,"player_choice":"Opened","damage_taken":0,"relics_obtained":["Ancient Tea Set"],"max_hp_gain":0,"max_hp_loss":0,"event_name":"The Mausoleum","floor":31,"gold_loss":0,"cards_obtained":["Writhe"]}],"is_beta":false,"boss_relics":[{"not_picked":["Philosopher\u0027s Stone","Velvet Choker"],"picked":"Lizard Tail"}],"items_purged_floors":[],"is_endless":false,"potions_floor_spawned":[1,2,11,18,19,20,22,28],"killed_by":"Champ","ascension_level":0}