{"gold_per_floor":[110,71,71,86,36,36,75,75,102,102,138,63,77,110,110,241,241,226,247,263,180,200,244,189,189,216,141,141],"floor_reached":28,"playtime":1210,"items_purged":["Strike_R"],"score":405,"play_id":"9fd1686e-a0b6-4821-911a-2c5a4c85d02b","local_time":"20190112163637","is_ascension_mode":true,"campfire_choices":[{"data":"Inflame","floor":6,"key":"SMITH"},{"data":"Inflame","floor":8,"key":"SMITH"},{"data":"Bash","floor":10,"key":"SMITH"},{"data":"Armaments","floor":15,"key":"SMITH"}],"neow_cost":"NONE","seed_source_timestamp":222494015985600,"circlet_count":0,"master_deck":["Strike_R","Strike_R","Strike_R","Defend_R","Defend_R","Defend_R","Defend_R","Bash+1","Metallicize","Inflame+1","Inflame+1","Reaper","Double Tap","Armaments+1","Combust","Demon Form","Dual Wield+1","Madness","Offering"],"relics":["Burning Blood","NeowsBlessing","Bloody Idol","Potion Belt","Art of War","Calipers","Ornamental Fan","Mark of Pain","Blue Candle","Tiny Chest","Orichalcum"],"potions_floor_usage":[13,14,20,20,28],"damage_taken":[{"damage":0,"enemies":"Cultist","floor":1,"turns":1},{"damage":0,"enemies":"Small Slimes","floor":4,"turns":1},{"damage":0,"enemies":"Gremlin Nob","floor":7,"turns":1},{"damage":34,"enemies":"Lagavulin","floor":11,"turns":6},{"damage":7,"enemies":"Jaw Worm","floor":13,"turns":3},{"damage":14,"enemies":"3 Sentries","floor":14,"turns":5},{"damage":69,"enemies":"Hexaghost","floor":16,"turns":10},{"damage":29,"enemies":"2 Thieves","floor":18,"turns":4},{"damage":17,"enemies":"Spheric Guardian","floor":19,"turns":4},{"damage":14,"enemies":"Shelled Parasite and Fungi","floor":20,"turns":4},{"damage":37,"enemies":"Snecko","floor":22,"turns":5},{"damage":80,"enemies":"Gremlin Leader","floor":23,"turns":9},{"damage":36,"enemies":"Snake Plant","floor":28,"turns":3}],"seed_played":"5029724363031563147","potions_obtained":[{"floor":7,"key":"Energy Potion"},{"floor":13,"key":"Fire Potion"},{"floor":18,"key":"FearPotion"},{"floor":19,"key":"SkillPotion"},{"floor":23,"key":"SneckoOil"}],"is_trial":false,"path_per_floor":["M","$","?","M","?","R","E","R","T","R","E","$","M","E","R","B",null,"M","M","M","$","M","E","?","?","T","?","M"],"character_chosen":"IRONCLAD","items_purchased":["Inflame","Madness"],"campfire_rested":0,"item_purchase_floors":[2,21],"current_hp_per_floor":[78,78,78,80,80,80,80,80,80,80,52,52,51,73,73,21,65,66,55,72,72,71,25,25,25,30,30,0],"gold":141,"neow_bonus":"THREE_ENEMY_KILL","is_prod":false,"is_daily":false,"chose_seed":false,"campfire_upgraded":4,"win_rate":0,"timestamp":1547307397,"path_taken":["M","$","?","M","?","R","E","R","T","R","E","?","M","E","R","BOSS","M","M","?","$","M","E","?","?","T","?","M"],"build_version":"2019-01-10","purchased_purges":1,"victory":false,"max_hp_per_floor":[80,80,80,80,80,80,80,80,80,80,80,80,80,80,80,80,80,80,80,80,80,80,80,80,80,80,80,80],"card_choices":[{"not_picked":["Twin Strike","Cleave"],"picked":"Metallicize","floor":1},{"not_picked":["Iron Wave","Headbutt"],"picked":"Inflame","floor":4},{"not_picked":["Rampage","Wild Strike"],"picked":"Reaper","floor":7},{"not_picked":["Corruption","Headbutt"],"picked":"Double Tap","floor":11},{"not_picked":["Shrug It Off","Anger"],"picked":"Armaments","floor":13},{"not_picked":["Berserk","Clash"],"picked":"Combust","floor":14},{"not_picked":["Impervious","Dark Embrace"],"picked":"Demon Form","floor":16},{"not_picked":["Dropkick","Sever Soul","Wild Strike"],"picked":"SKIP","floor":18},{"not_picked":["Body Slam","Wild Strike+1","Havoc"],"picked":"SKIP","floor":19},{"not_picked":["Cleave","Entrench"],"picked":"Dual Wield+1","floor":20},{"not_picked":["Sword Boomerang","Feel No Pain","Flex"],"picked":"SKIP","floor":22},{"not_picked":["Sever Soul","Havoc"],"picked":"Offering","floor":23}],"player_experience":1102100,"relics_obtained":[{"floor":7,"key":"Potion Belt"},{"floor":9,"key":"Art of War"},{"floor":11,"key":"Calipers"},{"floor":14,"key":"Ornamental Fan"},{"floor":23,"key":"Blue Candle"},{"floor":26,"key":"Orichalcum"}],"event_choices":[{"damage_healed":0,"gold_gain":0,"player_choice":"Take Wound","damage_taken":0,"relics_obtained":["Golden Idol"],"max_hp_gain":0,"max_hp_loss":0,"event_name":"Golden Idol","floor":3,"gold_loss":0,"cards_obtained":["Injury"]},{"cards_removed":["Injury"],"damage_healed":0,"gold_gain":0,"player_choice":"Card Removal","damage_taken":0,"max_hp_gain":0,"max_hp_loss":0,"event_name":"The Cleric","floor":5,"gold_loss":50},{"damage_healed":0,"gold_gain":0,"player_choice":"Obtained Relic","damage_taken":0,"relics_obtained":["Tiny Chest"],"max_hp_gain":0,"max_hp_loss":0,"event_name":"Addict","floor":24,"gold_loss":85},{"damage_healed":0,"gold_gain":0,"player_choice":"Gave Idol","damage_taken":0,"relics_obtained":["Bloody Idol"],"max_hp_gain":0,"max_hp_loss":0,"event_name":"Forgotten Altar","floor":25,"relics_lost":["Golden Idol"],"gold_loss":0},{"cards_removed":["Strike_R"],"damage_healed":0,"gold_gain":0,"player_choice":"Gave Gold","damage_taken":0,"max_hp_gain":0,"max_hp_loss":0,"event_name":"Beggar","floor":27,"gold_loss":75}],"is_beta":false,"boss_relics":[{"not_picked":["Runic Cube","Snecko Eye"],"picked":"Mark of Pain"}],"items_purged_floors":[12],"is_endless":false,"potions_floor_spawned":[7,13,18,19,23],"killed_by":"Snake Plant","ascension_level":9}