{"gold_per_floor":[216,216,216,234,42,42,60,135,135,20,20],"floor_reached":11,"playtime":372,"items_purged":["Regret"],"score":61,"play_id":"65d387ec-e927-4351-9458-3ed4a1aa6af8","local_time":"20181119211948","is_ascension_mode":false,"campfire_choices":[{"floor":6,"key":"REST"}],"neow_cost":"NONE","seed_source_timestamp":444623718484000,"circlet_count":0,"master_deck":["Defend_G","Defend_G","Defend_G","Defend_G","Defend_G","Strike_G","Strike_G","Strike_G","Strike_G","Survivor","Neutralize","PiercingWail","Accuracy","Apotheosis","Terror","Setup"],"relics":["Ring of the Snake","Shuriken","Prayer Wheel"],"potions_floor_usage":[],"damage_taken":[{"damage":0,"enemies":"2 Louse","floor":1,"turns":4},{"damage":26,"enemies":"Jaw Worm","floor":4,"turns":10},{"damage":3,"enemies":"Small Slimes","floor":7,"turns":4},{"damage":52,"enemies":"3 Sentries","floor":11,"turns":8}],"seed_played":"6197871672589901151","potions_obtained":[],"is_trial":false,"path_per_floor":["M","?","?","M","$","R","M","?","T","$","E"],"character_chosen":"THE_SILENT","items_purchased":["Apotheosis","Setup"],"campfire_rested":1,"item_purchase_floors":[5,10],"current_hp_per_floor":[70,70,70,44,44,65,62,51,51,51,0],"gold":20,"neow_bonus":"HUNDRED_GOLD","is_prod":false,"is_daily":false,"chose_seed":false,"campfire_upgraded":0,"win_rate":0,"timestamp":1542658788,"path_taken":["M","?","?","?","$","R","M","?","T","$","E"],"build_version":"2018-11-15","purchased_purges":1,"victory":false,"max_hp_per_floor":[70,70,70,70,70,70,70,70,70,70,70],"card_choices":[{"not_picked":["Poisoned Stab","Prepared"],"picked":"PiercingWail","floor":1},{"not_picked":["Prepared","Calculated Gamble"],"picked":"Accuracy","floor":4},{"not_picked":["Quick Slash","Flying Knee"],"picked":"Terror","floor":7}],"player_experience":935009,"relics_obtained":[{"floor":9,"key":"Prayer Wheel"}],"event_choices":[{"cards_removed":["Strike_G"],"damage_healed":0,"gold_gain":0,"player_choice":"Forget","damage_taken":0,"max_hp_gain":0,"max_hp_loss":0,"event_name":"Living Wall","floor":2,"gold_loss":0},{"damage_healed":0,"gold_gain":0,"player_choice":"Box","damage_taken":0,"relics_obtained":["Shuriken"],"max_hp_gain":0,"max_hp_loss":0,"event_name":"Big Fish","floor":3,"gold_loss":0,"cards_obtained":["Regret"]},{"damage_healed":0,"gold_gain":75,"player_choice":"Gather Gold","damage_taken":11,"max_hp_gain":0,"max_hp_loss":0,"event_name":"World of Goop","floor":8,"gold_loss":0}],"is_beta":false,"boss_relics":[],"items_purged_floors":[10],"is_endless":false,"potions_floor_spawned":[],"killed_by":"3 Sentries","ascension_level":0}