{"gold_per_floor":[114,129,144,159,86,86,101,101,101,116,116,66,96,111,111,111],"floor_reached":16,"playtime":1494,"items_purged":[],"score":104,"play_id":"17b4f647-7429-439f-9f34-0cf6023e1647","local_time":"20181224172533","daily_mods":["Cursed Run","Uncertain Future","Binary"],"is_ascension_mode":false,"campfire_choices":[{"data":"Zap","floor":6,"key":"SMITH"},{"data":"Rebound","floor":8,"key":"SMITH"},{"data":"Scrape","floor":15,"key":"SMITH"}],"neow_cost":"","seed_source_timestamp":286225809827220,"circlet_count":0,"master_deck":["Strike_B","Strike_B","Strike_B","Strike_B","Defend_B","Defend_B","Defend_B","Zap+1","Rebound+1","Rebound","Conserve Battery","Sweeping Beam","Rebound","Gash","Redo","Doubt","Gash","White Noise","Scrape+1","Turbo"],"special_seed":17890,"relics":["Cursed Key","Darkstone Periapt","Du-Vu Doll","Unceasing Top","Dodecahedron"],"potions_floor_usage":[16,16,16],"damage_taken":[{"damage":0,"enemies":"Cultist","floor":1,"turns":3},{"damage":9,"enemies":"2 Louse","floor":2,"turns":3},{"damage":8,"enemies":"Small Slimes","floor":3,"turns":2},{"damage":5,"enemies":"Looter","floor":4,"turns":3},{"damage":0,"enemies":"Gremlin Gang","floor":7,"turns":3},{"damage":0,"enemies":"3 Louse","floor":10,"turns":2},{"damage":27,"enemies":"Gremlin Nob","floor":13,"turns":4},{"damage":0,"enemies":"Large Slime","floor":14,"turns":2},{"damage":36,"enemies":"The Guardian","floor":16,"turns":4}],"seed_played":"-1417837412704543464","potions_obtained":[{"floor":4,"key":"Poison Potion"},{"floor":7,"key":"Weak Potion"},{"floor":10,"key":"SpeedPotion"},{"floor":14,"key":"FearPotion"}],"is_trial":false,"path_per_floor":["M","M","M","M","$","R","M","R","T","M","?","?","E","M","R","B"],"character_chosen":"DEFECT","items_purchased":["Rebound","Gash"],"campfire_rested":0,"item_purchase_floors":[5,5],"current_hp_per_floor":[75,66,58,53,53,53,53,53,59,59,59,59,32,32,32,0],"gold":111,"neow_bonus":"","is_prod":false,"is_daily":true,"chose_seed":false,"campfire_upgraded":3,"win_rate":0,"timestamp":1545701133,"path_taken":["M","?","M","M","$","R","M","R","T","M","?","?","E","M","R","BOSS"],"build_version":"2018-12-20","purchased_purges":0,"victory":false,"max_hp_per_floor":[75,75,75,75,75,75,75,75,81,81,81,81,81,81,81,81],"card_choices":[{"not_picked":["Compile Driver"],"picked":"Rebound","floor":1},{"not_picked":["Heatsinks"],"picked":"Rebound","floor":2},{"not_picked":["Leap"],"picked":"Conserve Battery","floor":3},{"not_picked":["Blizzard"],"picked":"Sweeping Beam","floor":4},{"not_picked":["Auto Shields"],"picked":"Redo","floor":7},{"not_picked":["Amplify"],"picked":"Gash","floor":10},{"not_picked":["Blizzard"],"picked":"Scrape","floor":13},{"not_picked":["Ball Lightning"],"picked":"Turbo","floor":14}],"player_experience":54725,"relics_obtained":[{"floor":9,"key":"Unceasing Top"},{"floor":13,"key":"Dodecahedron"}],"event_choices":[{"damage_healed":0,"gold_gain":0,"cards_transformed":["Dualcast"],"player_choice":"Change","damage_taken":0,"max_hp_gain":0,"max_hp_loss":0,"event_name":"Living Wall","floor":11,"gold_loss":0,"cards_obtained":["White Noise"]},{"cards_removed":["Defend_B"],"damage_healed":0,"gold_gain":0,"player_choice":"Card Removal","damage_taken":0,"max_hp_gain":0,"max_hp_loss":0,"event_name":"The Cleric","floor":12,"gold_loss":50}],"is_beta":false,"boss_relics":[],"items_purged_floors":[],"is_endless":false,"potions_floor_spawned":[4,7,10,14],"killed_by":"The Guardian","ascension_level":0}