{"gold_per_floor":[113,113,15,90,109,136,149,149,149,149,149,149,161,175,175,175],"floor_reached":16,"playtime":327,"items_purged":[],"score":213,"play_id":"6fc7d591-8660-47aa-acb9-b7071ae7ef66","local_time":"20190418195227","is_ascension_mode":true,"campfire_choices":[{"floor":8,"key":"DIG"},{"floor":10,"key":"DIG"},{"floor":12,"key":"DIG"},{"floor":15,"key":"DIG"}],"neow_cost":"NONE","seed_source_timestamp":83252597272500,"circlet_count":0,"master_deck":["AscendersBane","Strike_R","Strike_R","Strike_R","Strike_R","Defend_R","Defend_R","Defend_R","Defend_R","Bash","Pummel","Inflame","True Grit","Twin Strike","Dual Wield","Whirlwind","Twin Strike"],"relics":["Burning Blood","NeowsBlessing","Shovel","Magic Flower","Mercury Hourglass","Vajra","Bag of Preparation","Strawberry"],"potions_floor_usage":[16],"damage_taken":[{"damage":0,"enemies":"2 Louse","floor":1,"turns":1},{"damage":0,"enemies":"Small Slimes","floor":5,"turns":1},{"damage":0,"enemies":"Lagavulin","floor":6,"turns":1},{"damage":4,"enemies":"Jaw Worm","floor":7,"turns":4},{"damage":6,"enemies":"Red Slaver","floor":13,"turns":3},{"damage":0,"enemies":"2 Fungi Beasts","floor":14,"turns":3},{"damage":84,"enemies":"Hexaghost","floor":16,"turns":9}],"seed_played":"-9158885943229632611","potions_obtained":[{"floor":5,"key":"Poison Potion"}],"is_trial":false,"path_per_floor":["M","?","$","?","M","E","M","R","T","R","?","R","M","M","R","B"],"character_chosen":"IRONCLAD","items_purchased":["Inflame","True Grit"],"campfire_rested":0,"item_purchase_floors":[3,3],"current_hp_per_floor":[74,67,67,56,62,68,70,70,70,70,70,70,73,75,82,0],"gold":175,"neow_bonus":"THREE_ENEMY_KILL","is_prod":false,"is_daily":false,"chose_seed":false,"campfire_upgraded":0,"win_rate":0,"timestamp":1555609947,"path_taken":["M","?","$","?","M","E","M","R","T","R","?","R","M","M","R","BOSS"],"build_version":"2019-01-23","purchased_purges":0,"victory":false,"max_hp_per_floor":[75,75,75,75,75,75,75,75,75,75,75,75,75,75,82,82],"card_choices":[{"not_picked":["True Grit","Burning Pact"],"picked":"Pummel","floor":1},{"not_picked":["Clothesline","Reckless Charge"],"picked":"Twin Strike","floor":5},{"not_picked":["Anger","Berserk"],"picked":"Dual Wield","floor":6},{"not_picked":["Headbutt","Cleave"],"picked":"Whirlwind","floor":7},{"not_picked":["Pommel Strike","Shrug It Off"],"picked":"Twin Strike","floor":13},{"not_picked":["Clothesline","Wild Strike","True Grit"],"picked":"SKIP","floor":14}],"player_experience":1729449,"relics_obtained":[{"floor":6,"key":"Shovel"},{"floor":8,"key":"Magic Flower"},{"floor":9,"key":"Mercury Hourglass"},{"floor":10,"key":"Vajra"},{"floor":12,"key":"Bag of Preparation"},{"floor":15,"key":"Strawberry"}],"event_choices":[{"cards_removed":["Strike_R"],"damage_healed":0,"gold_gain":0,"player_choice":"Card Removal","damage_taken":7,"max_hp_gain":0,"max_hp_loss":0,"event_name":"Golden Wing","floor":2,"gold_loss":0},{"damage_healed":0,"gold_gain":75,"player_choice":"Gather Gold","damage_taken":11,"max_hp_gain":0,"max_hp_loss":0,"event_name":"World of Goop","floor":4,"gold_loss":0},{"damage_healed":0,"gold_gain":0,"player_choice":"Ignored","damage_taken":0,"max_hp_gain":0,"max_hp_loss":0,"event_name":"Shining Light","floor":11,"gold_loss":0}],"is_beta":false,"boss_relics":[],"items_purged_floors":[],"is_endless":false,"potions_floor_spawned":[5],"killed_by":"Hexaghost","ascension_level":14}