{"gold_per_floor":[116,116,116,39,59,59,59,88,115,149,2,2,65,82,82,182,182,195,195,119,119,136,136,36,50,121,131,56,56],"floor_reached":29,"playtime":1573,"items_purged":["Defend_G","Strike_G"],"score":317,"play_id":"dbc124d8-2384-47ed-aee9-5279cdd6887d","local_time":"20181008211733","is_ascension_mode":true,"campfire_choices":[{"floor":6,"key":"REST"},{"data":"Strike_G","floor":12,"key":"PURGE"},{"floor":15,"key":"REST"},{"floor":23,"key":"REST"}],"neow_cost":"NONE","seed_source_timestamp":31055254697100,"circlet_count":0,"master_deck":["Defend_G","Defend_G","Defend_G","Strike_G+1","Strike_G","Survivor","Neutralize","Crippling Poison+1","Setup","Backstab","Prepared","Prepared","Noxious Fumes","Deadly Poison","Bane","After Image","Distraction+1","RitualDagger","Noxious Fumes","PiercingWail+1","Dagger Spray"],"relics":["Ring of the Snake","NeowsBlessing","Peace Pipe","Oddly Smooth Stone","Omamori","Tiny Chest","Fusion Hammer","Darkstone Periapt","Blue Candle"],"potions_floor_usage":[13,13,16,29],"damage_taken":[{"damage":0,"enemies":"Jaw Worm","floor":1,"turns":1},{"damage":0,"enemies":"Small Slimes","floor":5,"turns":1},{"damage":0,"enemies":"Gremlin Nob","floor":8,"turns":1},{"damage":17,"enemies":"Lagavulin","floor":10,"turns":13},{"damage":35,"enemies":"3 Sentries","floor":13,"turns":9},{"damage":0,"enemies":"Cultist","floor":14,"turns":3},{"damage":34,"enemies":"Hexaghost","floor":16,"turns":8},{"damage":12,"enemies":"Shell Parasite","floor":18,"turns":6},{"damage":12,"enemies":"Chosen","floor":22,"turns":5},{"damage":28,"enemies":"Snake Plant","floor":25,"turns":4},{"damage":11,"enemies":"Cultist and Chosen","floor":27,"turns":6},{"damage":28,"enemies":"Sentry and Sphere","floor":29,"turns":4}],"seed_played":"2909685117912740592","potions_obtained":[{"floor":5,"key":"Regen Potion"},{"floor":10,"key":"SkillPotion"},{"floor":13,"key":"SteroidPotion"},{"floor":18,"key":"Fire Potion"}],"is_trial":false,"path_per_floor":["M","?","?","$","M","R","?","E","T","E","$","R","E","M","R","B",null,"M","?","$","T","M","R","$","M","T","M","?"],"character_chosen":"THE_SILENT","items_purchased":["Setup","Noxious Fumes","Noxious Fumes"],"campfire_rested":3,"item_purchase_floors":[4,11,20],"current_hp_per_floor":[70,56,49,49,49,70,70,70,70,53,53,53,33,33,54,20,70,58,52,52,52,40,61,61,33,33,22,22,0],"gold":56,"neow_bonus":"THREE_ENEMY_KILL","is_prod":false,"is_daily":false,"chose_seed":false,"campfire_upgraded":0,"win_rate":0,"timestamp":1539026253,"path_taken":["M","?","?","?","?","R","?","E","T","E","$","R","E","?","R","BOSS","M","?","?","?","M","R","$","M","T","?","?","?"],"build_version":"2018-10-04v2","purchased_purges":2,"victory":false,"max_hp_per_floor":[70,70,70,70,70,70,70,70,70,70,70,70,70,70,70,70,70,70,70,70,70,70,70,70,70,70,70,70,70],"card_choices":[{"not_picked":["Slice","Distraction"],"picked":"Crippling Poison","floor":1},{"not_picked":["Prepared","Flying Knee"],"picked":"Backstab","floor":5},{"not_picked":["Acrobatics","Dagger Spray"],"picked":"Prepared","floor":8},{"not_picked":["Dodge and Roll","Wraith Form v2"],"picked":"Prepared","floor":10},{"not_picked":["Quick Slash","Underhanded Strike"],"picked":"Deadly Poison","floor":13},{"not_picked":["Blur","Tools of the Trade"],"picked":"Bane","floor":14},{"not_picked":["Tools of the Trade","Phantasmal Killer"],"picked":"After Image","floor":16},{"not_picked":["Poisoned Stab","Dagger Spray"],"picked":"Distraction+1","floor":18},{"not_picked":["Concentrate","Dash+1","Deflect"],"picked":"SKIP","floor":22},{"not_picked":["Expertise","Acrobatics"],"picked":"PiercingWail+1","floor":25},{"not_picked":["Dagger Throw","Slice"],"picked":"Dagger Spray","floor":27}],"player_experience":590515,"relics_obtained":[{"floor":8,"key":"Peace Pipe"},{"floor":9,"key":"Oddly Smooth Stone"},{"floor":10,"key":"Omamori"},{"floor":13,"key":"Tiny Chest"},{"floor":21,"key":"Darkstone Periapt"},{"floor":26,"key":"Blue Candle"}],"event_choices":[{"event_name":"Shining Light","player_choice":"Entered Light","floor":2,"damage_taken":0},{"event_name":"Golden Wing","player_choice":"Card Removal","floor":3,"damage_taken":0},{"event_name":"Match and Keep!","player_choice":"0 cards matched","floor":7,"damage_taken":0},{"event_name":"Nest","player_choice":"Joined the Cult","floor":19,"damage_taken":0},{"event_name":"Beggar","player_choice":"Gave Gold","floor":28,"damage_taken":0}],"is_beta":false,"boss_relics":[{"not_picked":["Snecko Eye","Busted Crown"],"picked":"Fusion Hammer"}],"items_purged_floors":[11,24],"is_endless":false,"potions_floor_spawned":[5,10,13,18],"killed_by":"Sentry and Sphere","ascension_level":4}