{"gold_per_floor":[210,210,30,49,49,49,324,324,348,382,382,398,175,18,18,149,149,168,168,10,10,24,24],"floor_reached":23,"playtime":894,"items_purged":["Regret"],"score":312,"play_id":"5a77650a-6ef3-47c6-8e5b-1d9b45d70037","local_time":"20190513145222","is_ascension_mode":true,"campfire_choices":[{"floor":6,"key":"REST"},{"data":"Sadistic Nature","floor":8,"key":"SMITH"},{"floor":11,"key":"REST"},{"data":"Neutralize","floor":15,"key":"SMITH"}],"neow_cost":"NONE","seed_source_timestamp":98765246830700,"circlet_count":0,"master_deck":["AscendersBane","Defend_G","Defend_G","Defend_G","Defend_G","Defend_G","Strike_G","Strike_G","Strike_G","Strike_G","Strike_G","Survivor","Neutralize+1","Sadistic Nature+1","Sucker Punch","Envenom","Envenom","Die Die Die","Ghostly","Ghostly","Ghostly","Ghostly","Ghostly","Distraction+1"],"relics":["Ring of the Snake","Golden Idol","Pen Nib","Pantograph","Blood Vial","White Beast Statue","Regal Pillow"],"potions_floor_usage":[16,23,23],"damage_taken":[{"damage":2,"enemies":"2 Louse","floor":1,"turns":5},{"damage":0,"enemies":"Small Slimes","floor":4,"turns":3},{"damage":41,"enemies":"3 Sentries","floor":10,"turns":12},{"damage":4,"enemies":"Cultist","floor":12,"turns":4},{"damage":26,"enemies":"Hexaghost","floor":16,"turns":8},{"damage":43,"enemies":"Spheric Guardian","floor":18,"turns":10},{"damage":2,"enemies":"Chosen","floor":22,"turns":6},{"damage":28,"enemies":"Book of Stabbing","floor":23,"turns":6}],"seed_played":"-6358267200196501918","potions_obtained":[{"floor":10,"key":"Energy Potion"},{"floor":12,"key":"SkillPotion"},{"floor":18,"key":"Ancient Potion"},{"floor":22,"key":"SteroidPotion"}],"is_trial":false,"path_per_floor":["M","?","$","M","?","R","?","R","T","E","R","M","$","$","R","B",null,"M","T","$","?","M","E"],"character_chosen":"THE_SILENT","items_purchased":["Sadistic Nature","Envenom","Blood Vial","Die Die Die"],"campfire_rested":2,"item_purchase_floors":[3,13,14,20],"current_hp_per_floor":[61,44,44,44,44,65,65,65,65,24,45,41,41,41,41,42,63,22,22,22,22,22,0],"gold":24,"neow_bonus":"HUNDRED_GOLD","is_prod":false,"is_daily":false,"chose_seed":false,"campfire_upgraded":2,"win_rate":0,"timestamp":1557751942,"path_taken":["M","?","$","M","?","R","?","R","T","E","R","?","?","$","R","BOSS","M","?","$","?","M","E"],"build_version":"2019-01-23","purchased_purges":1,"victory":false,"max_hp_per_floor":[70,70,70,70,70,70,70,70,70,70,70,70,70,70,70,70,70,70,70,70,35,35,35],"card_choices":[{"not_picked":["Poisoned Stab","Tactician","Underhanded Strike"],"picked":"SKIP","floor":1},{"not_picked":["Footwork","Tactician"],"picked":"Sucker Punch","floor":4},{"not_picked":["Masterful Stab","Infinite Blades","Underhanded Strike"],"picked":"SKIP","floor":10},{"not_picked":["Acrobatics","Outmaneuver","Underhanded Strike"],"picked":"SKIP","floor":12},{"not_picked":["Die Die Die","Doppelganger"],"picked":"Envenom","floor":16},{"not_picked":["Blade Dance","Deflect+1","Masterful Stab+1"],"picked":"SKIP","floor":18},{"not_picked":["Deflect","Caltrops+1"],"picked":"Distraction+1","floor":22}],"player_experience":1846967,"relics_obtained":[{"floor":9,"key":"Pen Nib"},{"floor":10,"key":"Pantograph"},{"floor":19,"key":"Regal Pillow"}],"event_choices":[{"damage_healed":0,"gold_gain":0,"player_choice":"Take Damage","damage_taken":17,"relics_obtained":["Golden Idol"],"max_hp_gain":0,"max_hp_loss":0,"event_name":"Golden Idol","floor":2,"gold_loss":0},{"damage_healed":0,"gold_gain":0,"player_choice":"Ignored","damage_taken":0,"max_hp_gain":0,"max_hp_loss":0,"event_name":"Shining Light","floor":5,"gold_loss":0},{"damage_healed":0,"gold_gain":275,"player_choice":"Desecrate","damage_taken":0,"max_hp_gain":0,"max_hp_loss":0,"event_name":"Golden Shrine","floor":7,"gold_loss":0,"cards_obtained":["Regret"]},{"damage_healed":0,"gold_gain":0,"player_choice":"Became a Ghost","damage_taken":0,"max_hp_gain":0,"max_hp_loss":35,"event_name":"Ghosts","floor":21,"gold_loss":0,"cards_obtained":["Ghostly","Ghostly","Ghostly","Ghostly","Ghostly"]}],"is_beta":false,"boss_relics":[{"not_picked":["Philosopher\u0027s Stone","WristBlade"],"picked":"White Beast Statue"}],"items_purged_floors":[13],"is_endless":false,"potions_floor_spawned":[10,12,18,22],"killed_by":"Book of Stabbing","ascension_level":11}