{"path_per_floor":["M","M","M","$","M","E","T","R","T","?","E","R","?","?","R","B",null,"M","$","?","M","$","R","M","R","T","?","M","R","?","M","R","B",null,"M","?","?","$","M","?","M","R","T","M","M","$","M","M","R","B"],"character_chosen":"IRONCLAD","items_purchased":["Bandage Up","Reaper","Combust","True Grit","Shrug It Off","Self Forming Clay","Impervious","Unceasing Top","Flame Barrier","Headbutt","True Grit"],"gold_per_floor":[114,114,132,30,44,107,407,407,434,434,460,460,460,635,635,755,755,770,529,529,545,135,135,154,154,224,184,202,202,252,266,266,395,395,410,410,410,9,33,33,56,56,56,76,89,63,78,92,92,92],"floor_reached":51,"campfire_rested":6,"playtime":4904,"current_hp_per_floor":[65,54,56,56,60,52,52,76,76,76,77,77,57,57,80,48,80,71,71,71,80,80,80,47,71,71,71,74,74,74,62,80,46,80,53,53,53,53,45,45,37,61,61,56,44,44,31,34,58,11],"items_purged":[],"gold":92,"play_id":"4b5eaa29-f2cc-4a18-bc2a-b629f99ddb4e","is_prod":false,"is_daily":false,"is_ascension_mode":false,"campfire_upgraded":3,"path_taken":["M","M","M","$","M","E","?","R","T","?","E","R","?","?","R","BOSS","M","$","?","M","$","R","M","R","T","?","M","R","?","?","R","BOSS","M","?","?","$","M","?","M","R","T","M","M","$","M","M","R","BOSS"],"build_version":"2018-02-01-PROD3","purchased_purges":0,"victory":true,"master_deck":["Strike_R","Strike_R","Strike_R","Strike_R","Defend_R","Defend_R","Defend_R","Defend_R","Bash","Juggernaut+1","Metallicize","Battle Trance","Bandage Up+1","Disarm","Shrug It Off+1","True Grit","Impervious","Corruption","Reaper+1","Combust","True Grit","Warcry","Shrug It Off+1","Impervious","Iron Wave+1","Dual Wield+1","Anger","Demon Form","Blood for Blood+1","Flame Barrier","Headbutt","Sever Soul+1","Searing Blow+1","Flame Barrier","True Grit+1","True Grit","Shrug It Off+1","Battle Trance"],"max_hp_per_floor":[80,80,80,80,80,80,80,80,80,80,80,80,80,80,80,80,80,80,80,80,80,80,80,80,80,80,80,80,80,80,80,80,80,80,80,80,80,80,80,80,80,80,80,80,80,80,80,80,80,80],"relics":["Burning Blood","Blood Vial","Tiny Chest","Old Coin","Bronze Scales","Vajra","Golden Idol","Lizard Tail","Self Forming Clay","Matryoshka","Runic Pyramid","Unceasing Top","Ancient Tea Set","Frozen Eye"],"card_choices":[{"not_picked":["Twin Strike","Heavy Blade"],"picked":"Juggernaut"},{"not_picked":["Pommel Strike","Headbutt"],"picked":"Metallicize"},{"not_picked":["Thunderclap","Limit Break"],"picked":"Battle Trance"},{"not_picked":["Twin Strike","Clash"],"picked":"Disarm"},{"not_picked":["Twin Strike","Pummel"],"picked":"Shrug It Off"},{"not_picked":["Warcry","Rupture"],"picked":"True Grit"},{"not_picked":["Feed","Fiend Fire"],"picked":"Impervious"},{"not_picked":["Bloodletting","Rupture"],"picked":"Corruption"},{"not_picked":["Headbutt","Disarm"],"picked":"Warcry"},{"not_picked":["Clothesline","Cleave"],"picked":"Iron Wave"},{"not_picked":["Corruption","Demon Form"],"picked":"Dual Wield"},{"not_picked":["Twin Strike","Clash"],"picked":"Anger"},{"not_picked":["Bludgeon","Fiend Fire"],"picked":"Demon Form"},{"not_picked":["Inflame","Shrug It Off"],"picked":"Blood for Blood"},{"not_picked":["Spot Weakness","Reckless Charge"],"picked":"Sever Soul"},{"not_picked":["Clash","Warcry"],"picked":"Searing Blow"},{"not_picked":["Bloodletting","Second Wind"],"picked":"Flame Barrier"},{"not_picked":["Clash","Warcry"],"picked":"True Grit"},{"not_picked":["Clothesline","True Grit"],"picked":"Shrug It Off"},{"not_picked":["Flex","Twin Strike"],"picked":"Battle Trance"}],"player_experience":34200,"potions_floor_usage":[6,16,16,33,33,41,44,45,48,50,50],"damage_taken":[{"damage":21,"enemies":"Blue Slaver","floor":1,"turns":4},{"damage":19,"enemies":"Small Slimes","floor":2,"turns":5},{"damage":6,"enemies":"Jaw Worm","floor":3,"turns":5},{"damage":8,"enemies":"Red Slaver","floor":5,"turns":5},{"damage":35,"enemies":"3 Sentries","floor":6,"turns":12},{"damage":11,"enemies":"Gremlin Nob","floor":11,"turns":5},{"damage":44,"enemies":"Slime Boss","floor":16,"turns":12},{"damage":15,"enemies":"3 Byrds","floor":18,"turns":3},{"damage":3,"enemies":"Shell Parasite","floor":21,"turns":7},{"damage":43,"enemies":"Cultist and Chosen","floor":24,"turns":9},{"damage":17,"enemies":"Centurion and Healer","floor":28,"turns":9},{"damage":25,"enemies":"Sentry and Sphere","floor":31,"turns":6},{"damage":57,"enemies":"Champ","floor":33,"turns":18},{"damage":46,"enemies":"3 Darklings","floor":35,"turns":8},{"damage":28,"enemies":"Orb Walker","floor":39,"turns":5},{"damage":46,"enemies":"3 Darklings","floor":41,"turns":8},{"damage":37,"enemies":"4 Shapes","floor":44,"turns":6},{"damage":65,"enemies":"Sphere and 2 Shapes","floor":45,"turns":7},{"damage":27,"enemies":"3 Darklings","floor":47,"turns":6},{"damage":13,"enemies":"4 Shapes","floor":48,"turns":8},{"damage":125,"enemies":"Donu and Deca","floor":50,"turns":12}],"event_choices":[{"event_name":"Living Wall","player_choice":"Grow","floor":10,"damage_taken":0},{"event_name":"Golden Idol","player_choice":"Take Damage","floor":13,"damage_taken":0},{"event_name":"Liars Game","player_choice":"agreed","floor":14,"damage_taken":0},{"event_name":"Accursed Blacksmith","player_choice":"Forge","floor":20,"damage_taken":0},{"event_name":"The Woman in Blue","player_choice":"Bought 3 Potions","floor":27,"damage_taken":0},{"event_name":"The Joust","player_choice":"Bet on Murderer","floor":30,"damage_taken":0},{"event_name":"Purifier","player_choice":"One Purge","floor":37,"damage_taken":0},{"event_name":"Mysterious Sphere","player_choice":"Ignore","floor":40,"damage_taken":0}],"boss_relics":[{"not_picked":["Astrolabe","Black Star"],"picked":"Lizard Tail"},{"not_picked":["Philosopher\u0027s Stone","Snecko Eye"],"picked":"Runic Pyramid"}],"potions_floor_spawned":[3,6,11,24,28,31,35,39,41,47,48],"seed_played":"-8238142841016064985","ascension_level":0,"is_trial":false}