{"path_per_floor":["M","$","?","M","M","R","E","R","T","R","M","M","?","E","R","B",null,"M","?","$","M","?","R","E","M","T","R","M","$","T","$","R"],"character_chosen":"THE_SILENT","items_purchased":["Acrobatics","Dodge and Roll","Noxious Fumes","Backflip","Predator","Mind Blast","Meat on the Bone","Dagger Throw"],"gold_per_floor":[110,39,139,149,161,161,191,191,276,276,293,307,307,342,342,441,441,454,454,206,221,221,221,253,272,272,272,292,40,40,15,15],"floor_reached":33,"campfire_rested":5,"playtime":3574,"current_hp_per_floor":[70,70,70,68,68,68,32,53,53,53,53,53,53,47,68,21,70,33,56,56,35,35,56,35,18,18,39,8,8,8,8,29],"items_purged":[],"gold":15,"play_id":"fa9ad488-7da2-4e81-9940-99ccdf00d289","is_prod":false,"is_daily":false,"is_ascension_mode":false,"campfire_upgraded":2,"path_taken":["M","$","?","M","M","R","E","R","T","R","M","?","?","E","R","BOSS","M","?","?","M","?","R","E","M","T","R","M","?","?","$","R","BOSS"],"build_version":"2018-02-01-PROD3","purchased_purges":0,"victory":false,"master_deck":["Defend_G","Defend_G","Defend_G","Defend_G","Defend_G","Strike_G","Strike_G","Strike_G","Strike_G","Survivor","Neutralize+1","Quick Slash","Acrobatics","Dodge and Roll+1","PiercingWail","Night Terror","Slice","Sucker Punch","Deflect","Phantasmal Killer","Glass Knife","Riddle With Holes","Noxious Fumes","Backflip","Predator","Mind Blast","Deadly Poison","Neutralize+1","Skewer","Footwork","Noxious Fumes","Dagger Throw"],"max_hp_per_floor":[70,70,70,70,70,70,70,70,70,70,70,70,70,70,70,70,70,70,70,70,70,70,70,70,70,70,70,70,70,70,70,70],"relics":["Ring of the Snake","Shuriken","Tiny Chest","Du-Vu Doll","Runic Pyramid","Bag of Marbles","Dodecahedron","Meat on the Bone","Mummified Hand"],"card_choices":[{"not_picked":["Underhanded Strike","Deadly Poison"],"picked":"Quick Slash"},{"not_picked":["Deadly Poison","Reflex"],"picked":"PiercingWail"},{"not_picked":["PiercingWail","Deadly Poison"],"picked":"Night Terror"},{"not_picked":["Bane","Deadly Poison"],"picked":"Slice"},{"not_picked":["Dagger Spray","Eviscerate"],"picked":"Sucker Punch"},{"not_picked":["Flying Knee","Poisoned Stab"],"picked":"Deflect"},{"not_picked":["Wraith Form","Eviscerate"],"picked":"Phantasmal Killer"},{"not_picked":["Burst","Die Die Die"],"picked":"Glass Knife"},{"not_picked":["Bane","Prepared"],"picked":"Riddle With Holes"},{"not_picked":["Dodge and Roll","PiercingWail"],"picked":"Deadly Poison"},{"not_picked":["Flying Knee","Blade Dance"],"picked":"Skewer"},{"not_picked":["Underhanded Strike","PiercingWail"],"picked":"Footwork"},{"not_picked":["Deadly Poison","Wraith Form"],"picked":"Noxious Fumes"}],"player_experience":53472,"potions_floor_usage":[7,16,16],"damage_taken":[{"damage":0,"enemies":"Jaw Worm","floor":1,"turns":5},{"damage":2,"enemies":"Cultist","floor":4,"turns":6},{"damage":0,"enemies":"2 Louse","floor":5,"turns":3},{"damage":36,"enemies":"Gremlin Nob","floor":7,"turns":5},{"damage":0,"enemies":"Red Slaver","floor":11,"turns":3},{"damage":0,"enemies":"3 Louse","floor":12,"turns":5},{"damage":6,"enemies":"Lagavulin","floor":14,"turns":7},{"damage":47,"enemies":"Slime Boss","floor":16,"turns":15},{"damage":37,"enemies":"Chosen","floor":18,"turns":5},{"damage":21,"enemies":"Shell Parasite","floor":21,"turns":8},{"damage":21,"enemies":"Gremlin Leader","floor":24,"turns":8},{"damage":17,"enemies":"Snake Plant","floor":25,"turns":4},{"damage":31,"enemies":"Centurion and Healer","floor":28,"turns":7},{"damage":29,"enemies":"Champ","floor":33,"turns":7}],"event_choices":[{"event_name":"Golden Shrine","player_choice":"Pray","floor":3,"damage_taken":0},{"event_name":"Scrap Ooze","player_choice":"unsuccessful","floor":13,"damage_taken":0},{"event_name":"The Library","player_choice":"Heal","floor":19,"damage_taken":0},{"event_name":"Duplicator","player_choice":"One dupe","floor":22,"damage_taken":0}],"boss_relics":[{"not_picked":["Question Card","Velvet Choker"],"picked":"Runic Pyramid"}],"potions_floor_spawned":[5,7,11,16,21],"seed_played":"-1972300837847315275","killed_by":"Champ","ascension_level":0,"is_trial":false}