{"gold_per_floor":[119,167,5,24,34,34,44,69,69,96,116,116,116,136,136,233,233,251,251,265,44,55,55,55,75,75,88,122,37,37,37,37,139,139,152,198,123,141,151,151,183,198,198,198,223,223,239,250,250,250],"floor_reached":51,"playtime":2567,"items_purged":["Strike_G"],"score":839,"play_id":"08286518-3aba-4186-80d7-f32bf62274b5","local_time":"20181126235050","is_ascension_mode":false,"campfire_choices":[{"data":"Catalyst","floor":6.0,"key":"SMITH"},{"data":"Bouncing Flask","floor":12.0,"key":"SMITH"},{"floor":15.0,"key":"REST"},{"data":"Adrenaline","floor":23.0,"key":"SMITH"},{"data":"Catalyst","floor":30.0,"key":"SMITH"},{"data":"Bouncing Flask","floor":32.0,"key":"SMITH"},{"data":"Burst","floor":40.0,"key":"SMITH"},{"data":"Burst","floor":46,"key":"SMITH"},{"data":"Deadly Poison","floor":49,"key":"SMITH"}],"neow_cost":"NONE","seed_source_timestamp":340760824225489,"circlet_count":0,"master_deck":["Defend_G","Defend_G","Defend_G","Defend_G","Defend_G","Strike_G","Strike_G","Survivor","Neutralize","Crippling Poison","Corpse Explosion","Catalyst+1","Bouncing Flask+1","Bouncing Flask+1","Adrenaline+1","Burst+1","Footwork","Deadly Poison+1","Deadly Poison","Catalyst+1","Deadly Poison","Burst+1","Madness","Madness","Bullet Time","Well Laid Plans+1","Prepared"],"special_seed":0,"relics":["Ring of the Snake","Bag of Marbles","Centennial Puzzle","Orichalcum","Snake Skull","Molten Egg 2","Empty Cage","Happy Flower","PreservedInsect","FossilizedHelix","Lantern","Nloth\u0027s Gift","Eternal Feather","Bird Faced Urn","Regal Pillow","Ninja Scroll","Blood Vial"],"potions_floor_usage":[50,50],"damage_taken":[{"damage":0.0,"enemies":"Cultist","floor":1.0,"turns":3.0},{"damage":3.0,"enemies":"Small Slimes","floor":4.0,"turns":3.0},{"damage":0.0,"enemies":"Jaw Worm","floor":5.0,"turns":3.0},{"damage":5.0,"enemies":"2 Fungi Beasts","floor":7.0,"turns":2.0},{"damage":8.0,"enemies":"Lagavulin","floor":8.0,"turns":3.0},{"damage":6.0,"enemies":"Gremlin Nob","floor":10.0,"turns":3.0},{"damage":4.0,"enemies":"Red Slaver","floor":11.0,"turns":3.0},{"damage":6.0,"enemies":"Large Slime","floor":14.0,"turns":5.0},{"damage":6.0,"enemies":"Hexaghost","floor":16.0,"turns":6.0},{"damage":0.0,"enemies":"Chosen","floor":18.0,"turns":4.0},{"damage":0.0,"enemies":"Spheric Guardian","floor":20.0,"turns":1.0},{"damage":0.0,"enemies":"3 Cultists","floor":22.0,"turns":2.0},{"damage":2.0,"enemies":"Shelled Parasite and Fungi","floor":25.0,"turns":3.0},{"damage":5.0,"enemies":"Snake Plant","floor":27.0,"turns":2.0},{"damage":0.0,"enemies":"Slavers","floor":28.0,"turns":1.0},{"damage":14.0,"enemies":"Automaton","floor":33.0,"turns":3.0},{"damage":0.0,"enemies":"3 Shapes","floor":35.0,"turns":3.0},{"damage":0.0,"enemies":"2 Orb Walkers","floor":36.0,"turns":1.0},{"damage":0.0,"enemies":"Orb Walker","floor":38.0,"turns":2.0},{"damage":0.0,"enemies":"3 Darklings","floor":39.0,"turns":2.0},{"damage":0.0,"enemies":"Giant Head","floor":41.0,"turns":3.0},{"damage":0.0,"enemies":"Spire Growth","floor":42.0,"turns":2.0},{"damage":0,"enemies":"Reptomancer","floor":45,"turns":2},{"damage":4,"enemies":"Maw","floor":47,"turns":5},{"damage":0,"enemies":"Writhing Mass","floor":48,"turns":2},{"damage":27,"enemies":"Donu and Deca","floor":50,"turns":3}],"seed_played":"7106423849092574310","potions_obtained":[{"floor":5.0,"key":"Explosive Potion"},{"floor":7.0,"key":"GamblersBrew"},{"floor":10.0,"key":"LiquidBronze"},{"floor":11.0,"key":"EssenceOfSteel"},{"floor":16.0,"key":"Strength Potion"},{"floor":20.0,"key":"Fire Potion"},{"floor":22.0,"key":"Fire Potion"},{"floor":33.0,"key":"GhostInAJar"},{"floor":36.0,"key":"Swift Potion"},{"floor":41.0,"key":"Poison Potion"}],"is_trial":false,"path_per_floor":["M","T","$","M","M","R","M","E","T","E","M","R","?","M","R","B",null,"M","?","M","$","M","R","?","M","T","M","E","?","R","?","R","B",null,"M","?","$","M","M","R","E","M","T","?","E","R","M","M","R","B",null],"character_chosen":"THE_SILENT","items_purchased":["Corpse Explosion","Burst","PreservedInsect"],"campfire_rested":1,"item_purchase_floors":[3,21,21],"current_hp_per_floor":[70,70,70,67,67,67,62,54,54,48,44,44,32,26,47,41,70,70,70,70,70,70,70,70,68,68,63,63,63,63,63,63,49,70,70,70,70,70,70,70,70,70,70,61,61,70,66,68,70,45],"gold":250,"neow_bonus":"RANDOM_COMMON_RELIC","is_prod":false,"is_daily":false,"chose_seed":false,"campfire_upgraded":8,"win_rate":0.0,"timestamp":1543243850,"path_taken":["M","?","?","M","M","R","M","E","T","E","M","R","?","M","R","BOSS","M","?","M","$","M","R","?","M","T","M","E","?","R","?","R","BOSS","M","?","$","M","M","R","E","M","T","?","E","R","M","M","R","BOSS"],"build_version":"2018-11-15","purchased_purges":1,"victory":true,"max_hp_per_floor":[70,70,70,70,70,70,70,70,70,70,70,70,70,70,70,70,70,70,70,70,70,70,70,70,70,70,70,70,70,70,70,70,70,70,70,70,70,70,70,70,70,70,70,70,70,70,70,70,70,70],"card_choices":[{"not_picked":["Backflip","Skewer"],"picked":"Crippling Poison","floor":1.0},{"not_picked":["Flying Knee","Dodge and Roll"],"picked":"Catalyst","floor":4.0},{"not_picked":["Sucker Punch","Slice"],"picked":"Bouncing Flask","floor":5.0},{"not_picked":["Masterful Stab","Dagger Spray"],"picked":"Bouncing Flask","floor":7.0},{"not_picked":["Caltrops","Backstab","Acrobatics"],"picked":"SKIP","floor":8.0},{"not_picked":["Dagger Spray","Outmaneuver","Terror"],"picked":"SKIP","floor":10.0},{"not_picked":["Poisoned Stab","Eviscerate","Blade Dance"],"picked":"SKIP","floor":11.0},{"not_picked":["Sucker Punch+1","Dagger Throw+1","Tools of the Trade"],"picked":"SKIP","floor":14.0},{"not_picked":["Burst","Night Terror"],"picked":"Adrenaline","floor":16.0},{"not_picked":["Dagger Spray+1","PiercingWail","Tactician"],"picked":"SKIP","floor":18.0},{"not_picked":["Dodge and Roll","Flying Knee+1","Underhanded Strike+1"],"picked":"SKIP","floor":20.0},{"not_picked":["Dash+1","Quick Slash+1"],"picked":"Footwork","floor":22.0},{"not_picked":["Quick Slash+1","Masterful Stab+1"],"picked":"Deadly Poison","floor":25.0},{"not_picked":["Slice+1","Blade Dance"],"picked":"Deadly Poison","floor":27.0},{"not_picked":["Bane+1","Masterful Stab+1"],"picked":"Catalyst","floor":28.0},{"not_picked":["Blade Dance","PiercingWail+1","Acrobatics"],"picked":"SKIP","floor":35.0},{"not_picked":["Eviscerate+1","Dagger Throw+1"],"picked":"Deadly Poison","floor":36.0},{"not_picked":["Acrobatics+1","Terror","Blade Dance"],"picked":"SKIP","floor":38.0},{"not_picked":["Dodge and Roll","Blade Dance+1","Doppelganger"],"picked":"SKIP","floor":39.0},{"not_picked":["Malaise","Sucker Punch+1"],"picked":"Burst","floor":41.0},{"not_picked":["Bane+1","Expertise","PiercingWail"],"picked":"SKIP","floor":42.0},{"not_picked":["Acrobatics","Heel Hook+1"],"picked":"Bullet Time","floor":45},{"not_picked":["Crippling Poison","Quick Slash+1"],"picked":"Well Laid Plans+1","floor":47},{"not_picked":["Choke+1","Finisher+1"],"picked":"Prepared","floor":48}],"player_experience":116594,"relics_obtained":[{"floor":2.0,"key":"Centennial Puzzle"},{"floor":9.0,"key":"Orichalcum"},{"floor":10.0,"key":"Snake Skull"},{"floor":26.0,"key":"FossilizedHelix"},{"floor":28.0,"key":"Letter Opener"},{"floor":36.0,"key":"Bird Faced Urn"},{"floor":41.0,"key":"Regal Pillow"},{"floor":43.0,"key":"Ninja Scroll"},{"floor":45,"key":"Blood Vial"}],"event_choices":[{"damage_healed":0.0,"max_hp_gain":0.0,"max_hp_loss":0.0,"gold_gain":0.0,"event_name":"Scrap Ooze","player_choice":"Success","floor":13.0,"gold_loss":0.0,"damage_taken":12.0,"relics_obtained":["Molten Egg 2"]},{"damage_healed":0.0,"max_hp_gain":0.0,"max_hp_loss":0.0,"gold_gain":0.0,"event_name":"The Mausoleum","player_choice":"Opened","floor":19.0,"gold_loss":0.0,"damage_taken":0.0,"relics_obtained":["Happy Flower"]},{"damage_healed":0.0,"max_hp_gain":0.0,"max_hp_loss":0.0,"gold_gain":0.0,"event_name":"Vampires","player_choice":"Ignored","floor":24.0,"gold_loss":0.0,"damage_taken":0.0},{"damage_healed":0.0,"max_hp_gain":0.0,"max_hp_loss":0.0,"gold_gain":0.0,"event_name":"Addict","player_choice":"Obtained Relic","floor":29.0,"gold_loss":85.0,"damage_taken":0.0,"relics_obtained":["Lantern"]},{"damage_healed":0.0,"max_hp_gain":0.0,"max_hp_loss":0.0,"gold_gain":0.0,"event_name":"N\u0027loth","player_choice":"Traded Relic","floor":31.0,"relics_lost":["Letter Opener"],"gold_loss":0.0,"damage_taken":0.0,"relics_obtained":["Nloth\u0027s Gift"]},{"damage_healed":0.0,"max_hp_gain":0.0,"max_hp_loss":0.0,"gold_gain":0.0,"event_name":"Mysterious Sphere","player_choice":"Fight","floor":36.0,"gold_loss":0.0,"damage_taken":0.0},{"damage_healed":0.0,"max_hp_gain":0.0,"max_hp_loss":0.0,"gold_gain":0.0,"event_name":"Winding Halls","player_choice":"Embrace Madness","floor":44.0,"gold_loss":0.0,"damage_taken":9.0,"cards_obtained":["Madness","Madness"]}],"is_beta":false,"boss_relics":[{"not_picked":["Runic Pyramid","Astrolabe"],"picked":"Empty Cage"},{"not_picked":["Orrery","HoveringKite"],"picked":"Eternal Feather"}],"items_purged_floors":[37],"is_endless":false,"potions_floor_spawned":[5,7,10,11,16,20,22,33,36,41,42,47,48],"ascension_level":0}