{"gold_per_floor":[112,130,305,74,74,74,105,118,142,142,154,183,183,195,195,295,295,310,310,4,4,29,29,55,55,78,90,101,101,117,127,127,222,222,233,287,109,109,129,129,156,106,132,142,142,161,178,212,212,212],"floor_reached":51,"playtime":2493,"items_purged":["Doubt","Strike_R"],"score":982,"play_id":"1e0a6e8d-6f62-48bc-a586-ae2ba68f5eb6","local_time":"20190417223437","is_ascension_mode":true,"campfire_choices":[{"data":"Flame Barrier","floor":6,"key":"SMITH"},{"data":"Armaments","floor":10,"key":"SMITH"},{"floor":15,"key":"REST"},{"data":"1","floor":23,"key":"LIFT"},{"data":"Limit Break","floor":25,"key":"SMITH"},{"data":"2","floor":29,"key":"LIFT"},{"data":"3","floor":32,"key":"LIFT"},{"data":"True Grit","floor":40,"key":"SMITH"},{"data":"Metallicize","floor":45,"key":"SMITH"},{"data":"Metallicize","floor":49,"key":"SMITH"}],"neow_cost":"NONE","seed_source_timestamp":566685397840600,"circlet_count":0,"master_deck":["Strike_R","Strike_R","Strike_R","Strike_R","Defend_R","Defend_R","Defend_R","Defend_R","Bash+1","Inflame+1","Inflame","Flame Barrier+1","Armaments+1","Spot Weakness+1","Shrug It Off","Uppercut","Iron Wave","Limit Break+1","Clothesline","J.A.X.","Thunderclap+1","Heavy Blade","Sword Boomerang","Ghostly Armor","Metallicize+1","Immolate","True Grit+1","Shrug It Off","Metallicize+1","Impervious+1","Sword Boomerang+1","Pommel Strike+1","Searing Blow+1","Shockwave+1"],"relics":["Burning Blood","Vajra","FaceOfCleric","Centennial Puzzle","Smiling Mask","Gremlin Horn","Velvet Choker","Girya","Pen Nib","Bird Faced Urn","Oddly Smooth Stone","Snecko Eye","Mango","Pocketwatch","Orichalcum","War Paint"],"potions_floor_usage":[50,50],"damage_taken":[{"damage":5,"enemies":"Cultist","floor":1,"turns":5},{"damage":3,"enemies":"2 Louse","floor":2,"turns":3},{"damage":35,"enemies":"Lagavulin","floor":7,"turns":8},{"damage":2,"enemies":"Jaw Worm","floor":8,"turns":4},{"damage":2,"enemies":"Large Slime","floor":11,"turns":7},{"damage":40,"enemies":"Gremlin Nob","floor":12,"turns":5},{"damage":0,"enemies":"Blue Slaver","floor":14,"turns":5},{"damage":23,"enemies":"Hexaghost","floor":16,"turns":10},{"damage":7,"enemies":"Spheric Guardian","floor":18,"turns":5},{"damage":37,"enemies":"Gremlin Leader","floor":24,"turns":5},{"damage":15,"enemies":"Chosen","floor":27,"turns":3},{"damage":9,"enemies":"Centurion and Healer","floor":28,"turns":5},{"damage":10,"enemies":"Snecko","floor":30,"turns":4},{"damage":9,"enemies":"Snake Plant","floor":31,"turns":3},{"damage":71,"enemies":"Champ","floor":33,"turns":7},{"damage":10,"enemies":"3 Darklings","floor":35,"turns":2},{"damage":12,"enemies":"2 Orb Walkers","floor":36,"turns":3},{"damage":0,"enemies":"3 Shapes","floor":39,"turns":1},{"damage":16,"enemies":"Nemesis","floor":41,"turns":6},{"damage":3,"enemies":"3 Darklings","floor":44,"turns":3},{"damage":6,"enemies":"Transient","floor":46,"turns":5},{"damage":4,"enemies":"Spire Growth","floor":47,"turns":3},{"damage":3,"enemies":"Reptomancer","floor":48,"turns":4},{"damage":36,"enemies":"Time Eater","floor":50,"turns":8}],"seed_played":"-5818407885555669981","potions_obtained":[{"floor":7,"key":"FairyPotion"},{"floor":11,"key":"AttackPotion"},{"floor":14,"key":"PowerPotion"},{"floor":16,"key":"Regen Potion"},{"floor":35,"key":"FearPotion"}],"is_trial":false,"path_per_floor":["M","M","?","$","?","R","E","M","T","R","M","E","?","M","R","B",null,"M","?","$","?","T","R","E","R","T","M","M","R","M","M","R","B",null,"M","?","$","?","M","R","E","$","T","M","R","M","M","E","R","B",null],"character_chosen":"IRONCLAD","items_purchased":["Vajra","Flame Barrier","Girya","Shrug It Off","Metallicize"],"campfire_rested":1,"item_purchase_floors":[4,4,20,37,37],"current_hp_per_floor":[88,88,88,88,88,88,60,65,65,65,70,37,19,26,53,37,94,94,94,94,94,94,94,64,64,64,58,60,60,61,61,61,17,101,98,109,109,109,118,118,111,111,111,120,120,121,122,123,123,109],"gold":212,"neow_bonus":"TEN_PERCENT_HP_BONUS","is_prod":false,"is_daily":false,"chose_seed":false,"campfire_upgraded":6,"win_rate":0,"timestamp":1555565677,"path_taken":["M","M","?","$","?","R","E","?","T","R","M","E","?","M","R","BOSS","M","?","$","?","?","R","E","R","T","M","M","R","M","M","R","BOSS","M","?","$","?","M","R","E","?","T","M","R","M","M","E","R","BOSS"],"build_version":"2019-01-23","purchased_purges":2,"victory":true,"max_hp_per_floor":[88,88,88,88,88,88,89,90,90,90,91,92,92,93,93,94,94,95,95,95,95,95,95,96,96,96,97,98,98,99,100,100,101,101,102,117,117,117,118,118,119,119,119,120,120,121,122,123,123,124],"card_choices":[{"not_picked":["Clothesline","Clash"],"picked":"Inflame","floor":1},{"not_picked":["Shockwave","Iron Wave"],"picked":"Inflame","floor":2},{"not_picked":["True Grit","Rage"],"picked":"Armaments","floor":7},{"not_picked":["Intimidate","Dropkick"],"picked":"Spot Weakness","floor":8},{"not_picked":["Hemokinesis","Infernal Blade"],"picked":"Shrug It Off","floor":11},{"not_picked":["Clash","Exhume"],"picked":"Uppercut","floor":12},{"not_picked":["Havoc","Feel No Pain"],"picked":"Iron Wave","floor":14},{"not_picked":["Barricade","Bludgeon"],"picked":"Limit Break","floor":16},{"not_picked":["Havoc","Body Slam"],"picked":"Clothesline","floor":18},{"not_picked":["Exhume","Bludgeon"],"picked":"Thunderclap+1","floor":24},{"not_picked":["Dual Wield","Feel No Pain"],"picked":"Heavy Blade","floor":27},{"not_picked":["Clothesline+1","Fire Breathing"],"picked":"Sword Boomerang","floor":28},{"not_picked":["Second Wind","Wild Strike"],"picked":"Ghostly Armor","floor":30},{"not_picked":["Perfected Strike","Corruption"],"picked":"Metallicize","floor":31},{"not_picked":["Offering","Bludgeon"],"picked":"Immolate","floor":33},{"not_picked":["Body Slam","Infernal Blade+1","Pommel Strike"],"picked":"SKIP","floor":35},{"not_picked":["Sentinel+1","Pommel Strike+1"],"picked":"True Grit","floor":36},{"not_picked":["Clothesline","Armaments+1"],"picked":"Impervious","floor":39},{"not_picked":["Body Slam+1","Twin Strike+1"],"picked":"Sword Boomerang+1","floor":41},{"not_picked":["Body Slam+1","Sentinel","Infernal Blade"],"picked":"SKIP","floor":44},{"not_picked":["Perfected Strike","Twin Strike+1"],"picked":"Pommel Strike+1","floor":46},{"not_picked":["Havoc","Perfected Strike"],"picked":"Searing Blow+1","floor":47},{"not_picked":["Perfected Strike","Reckless Charge+1"],"picked":"Shockwave+1","floor":48}],"player_experience":319656,"relics_obtained":[{"floor":7,"key":"Centennial Puzzle"},{"floor":9,"key":"Smiling Mask"},{"floor":12,"key":"Gremlin Horn"},{"floor":22,"key":"Pen Nib"},{"floor":24,"key":"Bird Faced Urn"},{"floor":26,"key":"Oddly Smooth Stone"},{"floor":36,"key":"Mango"},{"floor":41,"key":"Pocketwatch"},{"floor":43,"key":"Orichalcum"},{"floor":48,"key":"War Paint"}],"event_choices":[{"damage_healed":0,"gold_gain":175,"player_choice":"AGREE","damage_taken":0,"max_hp_gain":0,"max_hp_loss":0,"event_name":"Liars Game","floor":3,"gold_loss":0,"cards_obtained":["Doubt"]},{"damage_healed":0,"gold_gain":0,"player_choice":"Trade","damage_taken":0,"relics_obtained":["FaceOfCleric"],"max_hp_gain":0,"max_hp_loss":0,"event_name":"FaceTrader","floor":5,"gold_loss":0},{"damage_healed":0,"gold_gain":0,"player_choice":"Entered Light","damage_taken":18,"max_hp_gain":0,"max_hp_loss":0,"event_name":"Shining Light","floor":13,"gold_loss":0,"cards_upgraded":["Bash","Inflame"]},{"damage_healed":0,"gold_gain":0,"player_choice":"Obtain J.A.X.","damage_taken":0,"max_hp_gain":0,"max_hp_loss":0,"event_name":"Drug Dealer","floor":19,"gold_loss":0,"cards_obtained":["J.A.X."]},{"damage_healed":0,"gold_gain":0,"player_choice":"Ignored","damage_taken":0,"max_hp_gain":0,"max_hp_loss":0,"event_name":"Ghosts","floor":21,"gold_loss":0},{"damage_healed":0,"gold_gain":0,"player_choice":"Fight","damage_taken":0,"max_hp_gain":0,"max_hp_loss":0,"event_name":"Mysterious Sphere","floor":36,"gold_loss":0},{"damage_healed":0,"gold_gain":0,"player_choice":"Memory 1","damage_taken":0,"max_hp_gain":0,"max_hp_loss":0,"event_name":"SensoryStone","floor":38,"gold_loss":0}],"is_beta":false,"boss_relics":[{"not_picked":["Eternal Feather","Empty Cage"],"picked":"Velvet Choker"},{"not_picked":["Orrery","Fusion Hammer"],"picked":"Snecko Eye"}],"items_purged_floors":[37,42],"is_endless":false,"potions_floor_spawned":[7,11,14,16,27,30,35,36,39,44,46],"ascension_level":4}