{"gold_per_floor":[114,91,91,91,166,166,177,195,222,222,265,265,308,331,331,454,454,467,480,480],"floor_reached":20,"playtime":1093,"items_purged":[],"score":182,"play_id":"77bc7ece-0740-4d28-9d5d-504bc7503a6e","local_time":"20190307201022","is_ascension_mode":false,"campfire_choices":[{"data":"FTL","floor":6,"key":"SMITH"},{"floor":12,"key":"REST"},{"floor":15,"key":"REST"}],"neow_cost":"NONE","seed_source_timestamp":166648709274419,"circlet_count":0,"master_deck":["Strike_B","Strike_B","Strike_B","Defend_B","Defend_B","Defend_B","Defend_B","Zap+1","Dualcast","FTL+1","Steam","FTL","Static Discharge","Injury","Conserve Battery","Genetic Algorithm","Sweeping Beam","Rainbow","Rip and Tear","Compile Driver+1"],"relics":["Cracked Core","Bag of Preparation","Golden Idol","Orichalcum","Sundial","Busted Crown"],"potions_floor_usage":[16,16,16],"damage_taken":[{"damage":7,"enemies":"Small Slimes","floor":1,"turns":3},{"damage":1,"enemies":"Jaw Worm","floor":7,"turns":2},{"damage":0,"enemies":"Cultist","floor":8,"turns":3},{"damage":16,"enemies":"Lagavulin","floor":11,"turns":5},{"damage":28,"enemies":"Gremlin Nob","floor":13,"turns":5},{"damage":8,"enemies":"3 Louse","floor":14,"turns":4},{"damage":38,"enemies":"The Guardian","floor":16,"turns":9},{"damage":3,"enemies":"Chosen","floor":18,"turns":6},{"damage":11,"enemies":"3 Byrds","floor":19,"turns":3},{"damage":9,"enemies":"Colosseum Slavers","floor":20,"turns":4},{"damage":75,"enemies":"Colosseum Nobs","floor":20,"turns":4}],"seed_played":"1381441530004959410","potions_obtained":[{"floor":1,"key":"Fruit Juice"},{"floor":8,"key":"Energy Potion"},{"floor":14,"key":"Poison Potion"}],"is_trial":false,"path_per_floor":["M","$","?","?","?","R","M","M","T","?","E","R","E","M","R","B",null,"M","M","?"],"character_chosen":"DEFECT","items_purchased":["Steam"],"campfire_rested":2,"item_purchase_floors":[2],"current_hp_per_floor":[75,75,75,68,60,60,59,59,59,59,43,67,39,31,55,22,87,84,73,0],"gold":480,"neow_bonus":"TEN_PERCENT_HP_BONUS","is_prod":false,"is_daily":false,"chose_seed":false,"campfire_upgraded":1,"win_rate":0,"timestamp":1552018222,"path_taken":["M","$","?","?","?","R","?","M","T","?","E","R","E","M","R","BOSS","M","M","?"],"build_version":"2019-01-23","purchased_purges":0,"victory":false,"max_hp_per_floor":[82,82,82,82,82,82,82,82,82,82,82,82,82,82,82,87,87,87,87,87],"card_choices":[{"not_picked":["Hologram","Redo"],"picked":"FTL","floor":1},{"not_picked":["Barrage","Glacier"],"picked":"FTL","floor":7},{"not_picked":["Hello World","Leap"],"picked":"Static Discharge","floor":8},{"not_picked":["Blizzard","Loop"],"picked":"Conserve Battery","floor":11},{"not_picked":["Stack","White Noise"],"picked":"Genetic Algorithm","floor":13},{"not_picked":["Hologram","Skim"],"picked":"Sweeping Beam","floor":14},{"not_picked":["Multi-Cast","Hyperbeam"],"picked":"Rainbow","floor":16},{"not_picked":[],"picked":"Rip and Tear","floor":18},{"not_picked":[],"picked":"Compile Driver+1","floor":19}],"player_experience":281699,"relics_obtained":[{"floor":9,"key":"Bag of Preparation"},{"floor":11,"key":"Orichalcum"},{"floor":13,"key":"Sundial"}],"event_choices":[{"damage_healed":0,"gold_gain":0,"player_choice":"Grow","damage_taken":0,"max_hp_gain":0,"max_hp_loss":0,"event_name":"Living Wall","floor":3,"gold_loss":0,"cards_upgraded":["Zap"]},{"cards_removed":["Strike_B"],"damage_healed":0,"gold_gain":0,"player_choice":"Card Removal","damage_taken":7,"max_hp_gain":0,"max_hp_loss":0,"event_name":"Golden Wing","floor":4,"gold_loss":0},{"damage_healed":0,"gold_gain":75,"player_choice":"Touch","damage_taken":8,"max_hp_gain":0,"max_hp_loss":0,"event_name":"FaceTrader","floor":5,"gold_loss":0},{"damage_healed":0,"gold_gain":0,"player_choice":"Take Wound","damage_taken":0,"relics_obtained":["Golden Idol"],"max_hp_gain":0,"max_hp_loss":0,"event_name":"Golden Idol","floor":10,"gold_loss":0,"cards_obtained":["Injury"]},{"damage_healed":0,"gold_gain":0,"player_choice":"Fight","damage_taken":0,"max_hp_gain":0,"max_hp_loss":0,"event_name":"Colosseum","floor":20,"gold_loss":0},{"damage_healed":0,"gold_gain":0,"player_choice":"Fought Nobs","damage_taken":0,"max_hp_gain":0,"max_hp_loss":0,"event_name":"Colosseum","floor":20,"gold_loss":0}],"is_beta":false,"boss_relics":[{"not_picked":["Fusion Hammer","Eternal Feather"],"picked":"Busted Crown"}],"items_purged_floors":[],"is_endless":false,"potions_floor_spawned":[1,8,14,20],"killed_by":"Colosseum Nobs","ascension_level":0}