{"gold_per_floor":[114,129,144,159,36,36,51,51,51,66,66,16,46,61,61,161,161,176,176,176,191,206,236,236,251,251,251,266,281,60,75,75,175,175,190,190,205,220,220,220],"floor_reached":40,"playtime":3097,"items_purged":["Shame"],"score":514,"play_id":"22e312c3-3aef-4044-84c7-21464c98c37b","local_time":"20181224181736","daily_mods":["Cursed Run","Uncertain Future","Binary"],"is_ascension_mode":false,"campfire_choices":[{"data":"Zap","floor":6,"key":"SMITH"},{"data":"Redo","floor":8,"key":"SMITH"},{"data":"Scrape","floor":15,"key":"SMITH"},{"floor":24,"key":"REST"},{"floor":27,"key":"REST"},{"data":"Redo","floor":32,"key":"SMITH"}],"neow_cost":"","seed_source_timestamp":286225809827220,"circlet_count":0,"master_deck":["Strike_B","Strike_B","Strike_B","Strike_B","Defend_B","Zap+1","Dualcast+1","Rebound","Rebound","Conserve Battery","Sweeping Beam","Gash","Rebound","Redo+1","Doubt","Gash","Scrape+1","Turbo","Ball Lightning+1","Storm+1","Rebound","Gash","Fusion+1","Go for the Eyes","Go for the Eyes","Turbo+1","Go for the Eyes","Reprogram+1","Redo+1","Rebound","Seek","Decay","Go for the Eyes+1"],"special_seed":17890,"relics":["Darkstone Periapt","Du-Vu Doll","Unceasing Top","Dodecahedron","Astrolabe","Nloth\u0027s Gift","Shuriken","Bottled Flame","Nuclear Battery"],"potions_floor_usage":[7,13,13,16,16,23,31,33,33,40],"damage_taken":[{"damage":0,"enemies":"Cultist","floor":1,"turns":3},{"damage":7,"enemies":"2 Louse","floor":2,"turns":2},{"damage":3,"enemies":"Small Slimes","floor":3,"turns":3},{"damage":5,"enemies":"Looter","floor":4,"turns":3},{"damage":0,"enemies":"Gremlin Gang","floor":7,"turns":1},{"damage":0,"enemies":"3 Louse","floor":10,"turns":2},{"damage":14,"enemies":"Gremlin Nob","floor":13,"turns":3},{"damage":0,"enemies":"Large Slime","floor":14,"turns":3},{"damage":41,"enemies":"The Guardian","floor":16,"turns":9},{"damage":0,"enemies":"Spheric Guardian","floor":18,"turns":3},{"damage":0,"enemies":"3 Byrds","floor":21,"turns":3},{"damage":26,"enemies":"Centurion and Healer","floor":22,"turns":3},{"damage":46,"enemies":"Gremlin Leader","floor":23,"turns":6},{"damage":4,"enemies":"Snake Plant","floor":25,"turns":3},{"damage":19,"enemies":"Shelled Parasite and Fungi","floor":28,"turns":3},{"damage":8,"enemies":"Snecko","floor":29,"turns":3},{"damage":8,"enemies":"3 Cultists","floor":31,"turns":4},{"damage":23,"enemies":"Champ","floor":33,"turns":7},{"damage":1,"enemies":"3 Darklings","floor":35,"turns":2},{"damage":29,"enemies":"Orb Walker","floor":37,"turns":3},{"damage":24,"enemies":"3 Darklings","floor":38,"turns":3},{"damage":47,"enemies":"Nemesis","floor":40,"turns":2}],"seed_played":"-1417837412704543464","potions_obtained":[{"floor":4,"key":"Poison Potion"},{"floor":7,"key":"Weak Potion"},{"floor":10,"key":"SpeedPotion"},{"floor":14,"key":"FearPotion"},{"floor":22,"key":"AttackPotion"},{"floor":23,"key":"Dexterity Potion"},{"floor":25,"key":"Fire Potion"},{"floor":28,"key":"SpeedPotion"},{"floor":35,"key":"SpeedPotion"},{"floor":38,"key":"GamblersBrew"}],"is_trial":false,"path_per_floor":["M","M","M","M","$","R","M","R","T","M","?","?","E","M","R","B",null,"M","?","?","M","M","E","R","M","T","R","M","M","$","M","R","B",null,"M","?","M","M","?","E"],"character_chosen":"DEFECT","items_purchased":["Gash","Rebound","Explosive Potion","Reprogram","Redo","Rebound"],"campfire_rested":2,"item_purchase_floors":[5,5,5,30,30,30],"current_hp_per_floor":[75,68,65,60,60,60,60,60,66,66,66,66,52,52,52,17,87,87,87,87,87,61,15,41,37,37,63,44,36,36,28,28,11,93,92,92,63,39,39,0],"gold":220,"neow_bonus":"","is_prod":false,"is_daily":true,"chose_seed":false,"campfire_upgraded":4,"win_rate":0,"timestamp":1545704256,"path_taken":["M","?","M","M","$","R","M","R","T","M","?","?","E","M","R","BOSS","M","?","?","?","M","E","R","M","T","R","M","M","$","M","R","BOSS","M","?","M","M","?","E"],"build_version":"2018-12-20","purchased_purges":1,"victory":false,"max_hp_per_floor":[75,75,75,75,75,75,75,75,81,81,81,81,81,81,81,87,87,87,87,87,87,87,87,87,87,87,87,87,87,87,87,87,93,93,93,93,93,93,93,93],"card_choices":[{"not_picked":["Compile Driver"],"picked":"Rebound","floor":1},{"not_picked":["Heatsinks"],"picked":"Rebound","floor":2},{"not_picked":["Leap"],"picked":"Conserve Battery","floor":3},{"not_picked":["Blizzard"],"picked":"Sweeping Beam","floor":4},{"not_picked":["Auto Shields"],"picked":"Redo","floor":7},{"not_picked":["Amplify"],"picked":"Gash","floor":10},{"not_picked":["Blizzard"],"picked":"Scrape","floor":13},{"not_picked":["Ball Lightning"],"picked":"Turbo","floor":14},{"not_picked":["Amplify"],"picked":"Rainbow","floor":16},{"not_picked":["Rip and Tear"],"picked":"Rebound","floor":18},{"not_picked":["Defragment"],"picked":"Fusion+1","floor":21},{"not_picked":["Compile Driver","Static Discharge+1"],"picked":"SKIP","floor":22},{"not_picked":["Redo"],"picked":"Go for the Eyes","floor":23},{"not_picked":["Undo"],"picked":"Go for the Eyes","floor":25},{"not_picked":["Sweeping Beam"],"picked":"Turbo+1","floor":28},{"not_picked":["Hologram"],"picked":"Go for the Eyes","floor":29},{"not_picked":["Heatsinks"],"picked":"Seek","floor":31},{"not_picked":["Streamline+1","Conserve Battery"],"picked":"SKIP","floor":35},{"not_picked":["Melter+1"],"picked":"Go for the Eyes+1","floor":37},{"not_picked":["Streamline","Creative AI"],"picked":"SKIP","floor":38}],"player_experience":56219,"relics_obtained":[{"floor":9,"key":"Unceasing Top"},{"floor":13,"key":"Dodecahedron"},{"floor":23,"key":"Shuriken"},{"floor":26,"key":"Bottled Flame"}],"event_choices":[{"damage_healed":0,"gold_gain":0,"player_choice":"Grow","damage_taken":0,"max_hp_gain":0,"max_hp_loss":0,"event_name":"Living Wall","floor":11,"gold_loss":0,"cards_upgraded":["Dualcast"]},{"cards_removed":["Defend_B"],"damage_healed":0,"gold_gain":0,"player_choice":"Card Removal","damage_taken":0,"max_hp_gain":0,"max_hp_loss":0,"event_name":"The Cleric","floor":12,"gold_loss":50},{"damage_healed":0,"gold_gain":0,"player_choice":"Read","damage_taken":0,"max_hp_gain":0,"max_hp_loss":0,"event_name":"The Library","floor":19,"gold_loss":0,"cards_obtained":["Gash"]},{"damage_healed":0,"gold_gain":0,"player_choice":"Traded Relic","damage_taken":0,"relics_obtained":["Nloth\u0027s Gift"],"max_hp_gain":0,"max_hp_loss":0,"event_name":"N\u0027loth","floor":20,"relics_lost":["Cursed Key"],"gold_loss":0},{"cards_removed":["Hello World"],"damage_healed":0,"gold_gain":0,"player_choice":"Removed Power","damage_taken":0,"max_hp_gain":0,"max_hp_loss":0,"event_name":"Falling","floor":36,"gold_loss":0},{"damage_healed":0,"gold_gain":0,"player_choice":"Upgraded","damage_taken":0,"max_hp_gain":0,"max_hp_loss":0,"event_name":"Upgrade Shrine","floor":39,"gold_loss":0,"cards_upgraded":["Reprogram"]}],"is_beta":false,"boss_relics":[{"not_picked":["Velvet Choker","White Beast Statue"],"picked":"Astrolabe"},{"not_picked":["Busted Crown","Calling Bell"],"picked":"Nuclear Battery"}],"items_purged_floors":[30],"is_endless":false,"potions_floor_spawned":[4,7,10,14,22,23,25,28,35,38],"killed_by":"Nemesis","ascension_level":0}