{"gold_per_floor":[113,130,130,147,3,3,37,52,52,52,52,87,106,106,106,201,201,219,144,159,172,35,35,60,60,60,80,91,107,107],"floor_reached":30,"playtime":1491,"items_purged":["Decay"],"score":380,"play_id":"0c477d00-6fe3-45e5-91e3-c89fdf1c8ed5","local_time":"20190126183136","is_ascension_mode":true,"campfire_choices":[{"data":"Caltrops","floor":6,"key":"SMITH"},{"floor":11,"key":"REST"},{"floor":15,"key":"REST"},{"floor":23,"key":"REST"},{"floor":25,"key":"REST"}],"neow_cost":"NONE","seed_source_timestamp":261228695937800,"circlet_count":0,"master_deck":["Survivor","Neutralize+1","Flying Knee+1","Choke","Caltrops+1","Neutralize","Bullet Time","Dagger Spray","PiercingWail","Night Terror","Phantasmal Killer","Bane","Outmaneuver","Bullet Time","Escape Plan","Sucker Punch","Die Die Die","Doppelganger","Riddle With Holes","Escape Plan","Dash","Dash","Burst","Terror","PiercingWail"],"relics":["Ring of the Snake","NeowsBlessing","Boot","Blood Vial","Sundial","Blue Candle","Pandora\u0027s Box","Ornamental Fan","Whetstone"],"potions_floor_usage":[12,12,16,20,24,27,30],"damage_taken":[{"damage":0,"enemies":"Small Slimes","floor":1,"turns":1},{"damage":0,"enemies":"Cultist","floor":2,"turns":1},{"damage":0,"enemies":"Jaw Worm","floor":4,"turns":1},{"damage":18,"enemies":"Gremlin Nob","floor":7,"turns":4},{"damage":15,"enemies":"Lots of Slimes","floor":8,"turns":4},{"damage":30,"enemies":"Lagavulin","floor":12,"turns":7},{"damage":15,"enemies":"3 Louse","floor":13,"turns":2},{"damage":38,"enemies":"Slime Boss","floor":16,"turns":10},{"damage":0,"enemies":"Chosen","floor":18,"turns":4},{"damage":11,"enemies":"Spheric Guardian","floor":20,"turns":3},{"damage":12,"enemies":"Snecko","floor":21,"turns":4},{"damage":72,"enemies":"Gremlin Leader","floor":24,"turns":7},{"damage":12,"enemies":"Centurion and Healer","floor":27,"turns":5},{"damage":29,"enemies":"Shelled Parasite and Fungi","floor":28,"turns":5},{"damage":0,"enemies":"Snecko","floor":29,"turns":2},{"damage":7,"enemies":"Sentry and Sphere","floor":30,"turns":2}],"seed_played":"2186733169530540666","potions_obtained":[{"floor":2,"key":"GamblersBrew"},{"floor":8,"key":"Regen Potion"},{"floor":12,"key":"Regen Potion"},{"floor":13,"key":"Explosive Potion"},{"floor":16,"key":"FearPotion"},{"floor":18,"key":"EssenceOfSteel"},{"floor":20,"key":"Regen Potion"}],"is_trial":false,"path_per_floor":["M","M","?","M","$","R","E","M","T","$","R","E","M","?","R","B",null,"M","$","M","M","$","R","E","R","T","M","M","M","M"],"character_chosen":"THE_SILENT","items_purchased":["Boot","Burst"],"campfire_rested":4,"item_purchase_floors":[5,22],"current_hp_per_floor":[63,63,63,63,63,63,45,32,32,32,53,40,27,27,48,12,56,58,58,49,39,39,60,4,25,25,29,2,4,0],"gold":107,"neow_bonus":"THREE_ENEMY_KILL","is_prod":false,"is_daily":false,"chose_seed":false,"campfire_upgraded":1,"win_rate":0,"timestamp":1548523896,"path_taken":["M","M","?","?","$","R","E","M","T","?","R","E","?","?","R","BOSS","M","$","M","M","$","R","E","R","T","M","M","?","?"],"build_version":"2019-01-23","purchased_purges":1,"victory":false,"max_hp_per_floor":[70,70,70,70,70,70,70,70,70,70,70,70,70,70,70,70,70,70,70,70,70,70,70,70,70,70,70,70,70,70],"card_choices":[{"not_picked":["Slice","Heel Hook"],"picked":"Flying Knee","floor":1},{"not_picked":["Masterful Stab","Acrobatics"],"picked":"Choke","floor":2},{"not_picked":["Dodge and Roll","Deadly Poison","Bane"],"picked":"SKIP","floor":4},{"not_picked":["Crippling Poison","Dagger Throw"],"picked":"Bullet Time","floor":7},{"not_picked":["Deflect","Acrobatics","Bane"],"picked":"SKIP","floor":8},{"not_picked":["Quick Slash","Infinite Blades"],"picked":"Dagger Spray","floor":12},{"not_picked":["Setup","Deadly Poison"],"picked":"PiercingWail","floor":13},{"not_picked":["After Image","Malaise"],"picked":"Night Terror","floor":16},{"not_picked":["Escape Plan","Bane","Endless Agony"],"picked":"SKIP","floor":18},{"not_picked":["Prepared+1","Flying Knee+1"],"picked":"Dash","floor":20},{"not_picked":["Cloak And Dagger","Flying Knee+1"],"picked":"Dash","floor":21},{"not_picked":["After Image","Prepared"],"picked":"Terror","floor":24},{"not_picked":["Catalyst+1","Sucker Punch","Reflex"],"picked":"SKIP","floor":27},{"not_picked":["Bane","Flying Knee+1"],"picked":"PiercingWail","floor":28},{"not_picked":["Underhanded Strike","Unload","Deflect"],"picked":"SKIP","floor":29}],"player_experience":1314349,"relics_obtained":[{"floor":7,"key":"Blood Vial"},{"floor":9,"key":"Sundial"},{"floor":12,"key":"Blue Candle"},{"floor":24,"key":"Ornamental Fan"},{"floor":26,"key":"Whetstone"}],"event_choices":[{"damage_healed":0,"gold_gain":0,"player_choice":"2 cards matched","damage_taken":0,"max_hp_gain":0,"max_hp_loss":0,"event_name":"Match and Keep!","floor":3,"gold_loss":0,"cards_obtained":["Caltrops","Neutralize"]},{"damage_healed":0,"gold_gain":0,"player_choice":"Cursed","damage_taken":0,"max_hp_gain":0,"max_hp_loss":0,"event_name":"Wheel of Change","floor":14,"gold_loss":0,"cards_obtained":["Decay"]}],"is_beta":false,"boss_relics":[{"not_picked":["HoveringKite","Astrolabe"],"picked":"Pandora\u0027s Box"}],"items_purged_floors":[19],"is_endless":false,"potions_floor_spawned":[2,8,12,13,16,18,20],"killed_by":"Sentry and Sphere","ascension_level":9}