{"gold_per_floor":[17,17,17,33,33,60,60,25,25,59,59,234,234,184,184,284,284,302,317,317,50,50,50,50,50,73,19,19,38,55,67,67,168,168,182,142,62,72,72,88,88,88,88,88,88,108,125,125],"floor_reached":48,"playtime":2367,"items_purged":["Exhume","Regret"],"score":568,"play_id":"2313a84c-f3b9-4479-9af7-62f699eeddc5","local_time":"20181013030340","is_ascension_mode":true,"campfire_choices":[{"floor":7,"key":"REST"},{"floor":11,"key":"REST"},{"data":"Rampage","floor":13,"key":"SMITH"},{"data":"Bash","floor":15,"key":"SMITH"},{"data":"Inflame","floor":23,"key":"SMITH"},{"data":"Second Wind","floor":25,"key":"SMITH"},{"data":"Reaper","floor":32,"key":"SMITH"},{"floor":41,"key":"REST"}],"neow_cost":"NO_GOLD","seed_source_timestamp":85512915667900,"circlet_count":0,"master_deck":["Strike_R","Strike_R","Defend_R","Defend_R","Defend_R","Defend_R","Bash+1","Brutality","Inflame+1","Second Wind+1","Rupture","Rampage+1","Feel No Pain+1","Dropkick","Parasite","Reaper+1","Rampage+1","Juggernaut","Blood for Blood","Pain","Pain","Body Slam"],"relics":["Burning Blood","Charon\u0027s Ashes","Anchor","The Courier","FossilizedHelix","Cursed Key","Gremlin Horn","Singing Bowl","PreservedInsect","Runic Dome","Pantograph","Question Card"],"potions_floor_usage":[29,31,46,47],"damage_taken":[{"damage":10,"enemies":"Small Slimes","floor":1,"turns":5},{"damage":9,"enemies":"Cultist","floor":4,"turns":5},{"damage":44,"enemies":"Gremlin Nob","floor":6,"turns":5},{"damage":20,"enemies":"Lagavulin","floor":10,"turns":6},{"damage":51,"enemies":"The Guardian","floor":16,"turns":7},{"damage":2,"enemies":"Chosen","floor":18,"turns":4},{"damage":10,"enemies":"Shell Parasite","floor":19,"turns":6},{"damage":17,"enemies":"Cultist and Chosen","floor":29,"turns":7},{"damage":19,"enemies":"Centurion and Healer","floor":30,"turns":5},{"damage":16,"enemies":"Sentry and Sphere","floor":31,"turns":6},{"damage":55,"enemies":"Collector","floor":33,"turns":8},{"damage":29,"enemies":"3 Shapes","floor":35,"turns":5},{"damage":45,"enemies":"3 Darklings","floor":38,"turns":5},{"damage":27,"enemies":"Reptomancer","floor":40,"turns":5},{"damage":64,"enemies":"Transient","floor":46,"turns":5},{"damage":37,"enemies":"Sphere and 2 Shapes","floor":47,"turns":5},{"damage":53,"enemies":"3 Darklings","floor":48,"turns":4}],"seed_played":"-7490832534042446352","potions_obtained":[{"floor":6,"key":"SpeedPotion"},{"floor":16,"key":"FairyPotion"},{"floor":19,"key":"SpeedPotion"},{"floor":29,"key":"FairyPotion"},{"floor":36,"key":"GamblersBrew"},{"floor":46,"key":"SkillPotion"}],"is_trial":false,"path_per_floor":["M","?","?","M","$","E","R","$","T","E","R","?","R","?","R","B",null,"M","M","?","$","T","R","$","R","T","$","?","M","M","M","R","B",null,"M","?","$","M","?","M","R","$","T","$","T","M","M"],"character_chosen":"IRONCLAD","items_purchased":["Rupture","Gremlin Horn","Reaper"],"campfire_rested":3,"item_purchase_floors":[8,21,27],"current_hp_per_floor":[76,76,76,73,73,35,59,59,59,45,69,69,69,69,69,24,66,70,66,66,66,66,66,66,66,66,66,66,67,70,66,66,28,72,65,65,65,56,56,52,79,79,79,79,79,29,17,0],"gold":125,"neow_bonus":"TRANSFORM_TWO_CARDS","is_prod":false,"is_daily":false,"chose_seed":false,"campfire_upgraded":5,"win_rate":0,"timestamp":1539392620,"path_taken":["M","?","?","M","?","E","R","$","T","E","R","?","R","?","R","BOSS","M","?","?","$","?","R","?","R","T","$","?","?","M","M","R","BOSS","M","?","?","?","?","M","R","$","T","$","?","M","M","M"],"build_version":"2018-10-11","purchased_purges":2,"victory":false,"max_hp_per_floor":[80,80,80,80,80,80,80,80,80,80,80,80,80,80,80,80,80,80,80,80,80,80,80,80,80,80,80,80,82,84,86,86,86,86,88,88,88,90,90,90,90,90,90,90,90,90,92,92],"card_choices":[{"not_picked":["Thunderclap","Sword Boomerang"],"picked":"Flex","floor":1},{"not_picked":["Wild Strike","Entrench","Power Through"],"picked":"SKIP","floor":4},{"not_picked":["Anger","Headbutt"],"picked":"Second Wind","floor":6},{"not_picked":["Sword Boomerang","Havoc"],"picked":"Rampage","floor":10},{"not_picked":["Immolate","Fiend Fire"],"picked":"Exhume","floor":16},{"not_picked":["Pummel+1","Spot Weakness"],"picked":"Feel No Pain+1","floor":18},{"not_picked":["Searing Blow","Metallicize"],"picked":"Dropkick","floor":19},{"not_picked":["Shrug It Off","Shockwave+1","Inflame"],"picked":"Singing Bowl","floor":29},{"not_picked":["Clash+1","Clothesline","Twin Strike"],"picked":"Singing Bowl","floor":30},{"not_picked":["Dropkick","True Grit","Thunderclap"],"picked":"Singing Bowl","floor":31},{"not_picked":["Immolate","Dark Embrace"],"picked":"Juggernaut","floor":33},{"not_picked":["Pummel","Corruption","Anger"],"picked":"Singing Bowl","floor":35},{"not_picked":["Perfected Strike","Searing Blow+1","Havoc"],"picked":"Singing Bowl","floor":38},{"not_picked":["Corruption","Rampage"],"picked":"Blood for Blood","floor":40},{"not_picked":["Evolve+1","Infernal Blade+1","Anger"],"picked":"Body Slam","floor":46},{"not_picked":["Bludgeon","Shrug It Off+1","Thunderclap","Inflame"],"picked":"Singing Bowl","floor":47}],"player_experience":691800,"relics_obtained":[{"floor":6,"key":"Anchor"},{"floor":9,"key":"The Courier"},{"floor":10,"key":"FossilizedHelix"},{"floor":22,"key":"Singing Bowl"},{"floor":26,"key":"PreservedInsect"},{"floor":43,"key":"Pantograph"},{"floor":45,"key":"Question Card"}],"event_choices":[{"event_name":"Transmorgrifier","player_choice":"Transform","floor":2,"damage_taken":0},{"event_name":"WeMeetAgain","player_choice":"Card","floor":3,"damage_taken":0},{"event_name":"Liars Game","player_choice":"agreed","floor":12,"damage_taken":0},{"event_name":"The Cleric","player_choice":"Card Removal","floor":14,"damage_taken":0},{"event_name":"Vampires","player_choice":"Ignored","floor":20,"damage_taken":0},{"event_name":"Duplicator","player_choice":"One dupe","floor":28,"damage_taken":0},{"event_name":"The Woman in Blue","player_choice":"Bought 3 Potions","floor":36,"damage_taken":0},{"event_name":"Falling","player_choice":"Removed Skill","floor":39,"damage_taken":0}],"is_beta":false,"boss_relics":[{"not_picked":["Sozu","Snecko Eye"],"picked":"Cursed Key"},{"not_picked":["Coffee Dripper","Astrolabe"],"picked":"Runic Dome"}],"items_purged_floors":[21,37],"is_endless":false,"potions_floor_spawned":[6,16,19,29,40,46],"killed_by":"3 Darklings","ascension_level":5}