{"gold_per_floor":[118,118,118,137,210,210,260,260,284,367,64,64,98,119,119,242,242,263,286,336,354,378,419,25,25,48,71,71,121,137,150,150,279,279,300,350,373,484,503,536,0,43,43,43,93,93,158,178,178,178,178,178,78,114,114],"floor_reached":55,"playtime":3840,"items_purged":["Strike_R","Strike_R"],"score":797,"play_id":"44aa27b4-5136-4d01-a2c9-6550a5222c51","local_time":"20190222000242","is_ascension_mode":false,"campfire_choices":[{"data":"Whirlwind","floor":6,"key":"SMITH"},{"data":"Cleave","floor":8,"key":"SMITH"},{"data":"True Grit","floor":12,"key":"SMITH"},{"floor":15,"key":"REST"},{"floor":25,"key":"REST"},{"data":"Limit Break","floor":28,"key":"SMITH"},{"data":"Spot Weakness","floor":32,"key":"SMITH"},{"floor":44,"key":"REST"},{"floor":46,"key":"REST"},{"floor":49,"key":"RECALL"},{"floor":52,"key":"DIG"}],"neow_cost":"NONE","seed_source_timestamp":53001716037900,"circlet_count":0,"master_deck":["Strike_R","Strike_R","Defend_R+1","Defend_R","Defend_R","Defend_R","Bash","Whirlwind+1","Cleave+1","Shrug It Off+1","True Grit+1","Headbutt","Feed","Pommel Strike","Limit Break+1","Carnage+1","Thunderclap","J.A.X.","Seeing Red+1","Shrug It Off","Offering+1","Master of Strategy","Spot Weakness+1","Rupture","Pummel","Immolate","Flame Barrier","Madness","Madness","Sword Boomerang","Heavy Blade","Flex","Battle Trance","Parasite"],"relics":["Burning Blood","Anchor","Golden Idol","SsserpentHead","Bag of Preparation","Odd Mushroom","Matryoshka","FossilizedHelix","Mark of Pain","Potion Belt","Bronze Scales","Orichalcum","Sozu","Shovel","StoneCalendar","Red Mask","War Paint","Ancient Tea Set","Dodecahedron","Paper Frog","Blue Candle"],"potions_floor_usage":[42,50,50],"damage_taken":[{"damage":1,"enemies":"Cultist","floor":1,"turns":4},{"damage":4,"enemies":"Jaw Worm","floor":4,"turns":4},{"damage":0,"enemies":"2 Louse","floor":5,"turns":2},{"damage":0,"enemies":"The Mushroom Lair","floor":10,"turns":1},{"damage":32,"enemies":"Lagavulin","floor":13,"turns":6},{"damage":0,"enemies":"Exordium Wildlife","floor":14,"turns":4},{"damage":42,"enemies":"The Guardian","floor":16,"turns":19},{"damage":4,"enemies":"2 Thieves","floor":18,"turns":4},{"damage":0,"enemies":"3 Byrds","floor":19,"turns":3},{"damage":38,"enemies":"Cultist and Chosen","floor":21,"turns":7},{"damage":0,"enemies":"Snecko","floor":22,"turns":4},{"damage":30,"enemies":"Slavers","floor":23,"turns":5},{"damage":6,"enemies":"Snake Plant","floor":27,"turns":2},{"damage":0,"enemies":"Sentry and Sphere","floor":30,"turns":3},{"damage":8,"enemies":"Centurion and Healer","floor":31,"turns":3},{"damage":37,"enemies":"Champ","floor":33,"turns":7},{"damage":9,"enemies":"Orb Walker","floor":35,"turns":3},{"damage":19,"enemies":"3 Shapes","floor":37,"turns":3},{"damage":29,"enemies":"2 Orb Walkers","floor":38,"turns":4},{"damage":44,"enemies":"Maw","floor":39,"turns":6},{"damage":3,"enemies":"Giant Head","floor":40,"turns":5},{"damage":9,"enemies":"Nemesis","floor":42,"turns":5},{"damage":0,"enemies":"Jaw Worm Horde","floor":47,"turns":2},{"damage":27,"enemies":"Writhing Mass","floor":48,"turns":5},{"damage":59,"enemies":"Donu and Deca","floor":50,"turns":7},{"damage":85,"enemies":"Shield and Spear","floor":54,"turns":5},{"damage":19,"enemies":"The Heart","floor":55,"turns":3}],"seed_played":"-1347107472392398182","potions_obtained":[{"floor":1,"key":"Strength Potion"},{"floor":5,"key":"FairyPotion"},{"floor":14,"key":"AttackPotion"},{"floor":21,"key":"Energy Potion"},{"floor":27,"key":"EssenceOfSteel"},{"floor":30,"key":"FearPotion"}],"is_trial":false,"path_per_floor":["M","?","?","M","M","R","?","R","T","?","$","R","E","M","R","B",null,"M","M","?","M","M","E","$","R","T","M","R","?","M","M","R","B",null,"M","?","M","?","M","E","?","E","T","R","?","R","M","M","R","B",null,"R","$","E","B"],"character_chosen":"IRONCLAD","items_purchased":["Matryoshka","Headbutt","Bronze Scales","Master of Strategy"],"campfire_rested":4,"item_purchase_floors":[11,11,24,24],"current_hp_per_floor":[80,60,60,62,68,68,68,68,68,74,74,74,48,57,81,45,83,86,86,86,57,66,42,42,69,69,69,69,69,75,76,76,45,95,92,80,70,47,9,12,12,9,9,38,38,67,73,52,52,15,98,98,98,19,0],"gold":114,"neow_bonus":"RANDOM_COMMON_RELIC","is_prod":false,"is_daily":false,"chose_seed":false,"campfire_upgraded":5,"win_rate":0,"timestamp":1550822562,"path_taken":["M","?","?","M","?","R","?","R","T","?","$","R","E","M","R","BOSS","M","M","?","M","M","E","$","R","T","M","R","?","M","M","R","BOSS","M","?","M","?","M","E","?","E","T","R","?","R","?","M","R","BOSS","R","$","E","BOSS"],"build_version":"2019-01-23","purchased_purges":2,"victory":false,"max_hp_per_floor":[80,80,80,80,80,80,80,80,80,80,80,80,80,83,83,83,83,86,86,86,89,92,92,92,92,92,92,92,92,92,95,95,95,95,95,95,98,98,98,98,98,98,98,98,98,98,98,98,98,98,98,98,98,98,98],"card_choices":[{"not_picked":["Combust","Warcry"],"picked":"Whirlwind","floor":1},{"not_picked":["Heavy Blade","Sever Soul"],"picked":"Cleave","floor":4},{"not_picked":["Anger","Perfected Strike"],"picked":"Shrug It Off","floor":5},{"not_picked":["Battle Trance","Clothesline"],"picked":"True Grit","floor":10},{"not_picked":["Armaments","Seeing Red"],"picked":"Feed","floor":13},{"not_picked":["Rupture","Iron Wave"],"picked":"Pommel Strike","floor":14},{"not_picked":["Juggernaut","Reaper"],"picked":"Limit Break","floor":16},{"not_picked":["Sever Soul","True Grit"],"picked":"Carnage+1","floor":18},{"not_picked":["Iron Wave","Reckless Charge"],"picked":"Thunderclap","floor":19},{"not_picked":["Shockwave","Entrench"],"picked":"Seeing Red+1","floor":21},{"not_picked":["Shockwave+1","Feel No Pain"],"picked":"Shrug It Off","floor":22},{"not_picked":["Anger","Clothesline"],"picked":"Offering","floor":23},{"not_picked":["Flex","Combust"],"picked":"Spot Weakness","floor":27},{"not_picked":["Cleave+1","Carnage"],"picked":"Rupture","floor":30},{"not_picked":["Armaments","Intimidate"],"picked":"Pummel","floor":31},{"not_picked":["Fiend Fire","Bludgeon"],"picked":"Immolate","floor":33},{"not_picked":["Shrug It Off","Feel No Pain"],"picked":"Flame Barrier","floor":35},{"not_picked":["Iron Wave+1","Rampage"],"picked":"Sword Boomerang","floor":37},{"not_picked":["Clothesline","Thunderclap","Pommel Strike+1"],"picked":"SKIP","floor":39},{"not_picked":["Pommel Strike","Wild Strike"],"picked":"Heavy Blade","floor":40},{"not_picked":["Berserk","Twin Strike+1"],"picked":"Flex","floor":42},{"not_picked":["Sword Boomerang","Shrug It Off+1"],"picked":"Battle Trance","floor":47},{"not_picked":["Pummel","Heavy Blade","True Grit"],"picked":"SKIP","floor":48},{"not_picked":["Headbutt","Pommel Strike+1","Intimidate"],"picked":"SKIP","floor":54}],"player_experience":217151,"relics_obtained":[{"floor":9,"key":"Bag of Preparation"},{"floor":10,"key":"Odd Mushroom"},{"floor":13,"key":"FossilizedHelix"},{"floor":23,"key":"Potion Belt"},{"floor":26,"key":"Orichalcum"},{"floor":38,"key":"Shovel"},{"floor":40,"key":"StoneCalendar"},{"floor":42,"key":"War Paint"},{"floor":43,"key":"Ancient Tea Set"},{"floor":43,"key":"Dodecahedron"},{"floor":52,"key":"Paper Frog"},{"floor":54,"key":"Blue Candle"}],"event_choices":[{"damage_healed":0,"gold_gain":0,"player_choice":"Take Damage","damage_taken":20,"relics_obtained":["Golden Idol"],"max_hp_gain":0,"max_hp_loss":0,"event_name":"Golden Idol","floor":2,"gold_loss":0},{"damage_healed":0,"gold_gain":0,"player_choice":"Trade","damage_taken":0,"relics_obtained":["SsserpentHead"],"max_hp_gain":0,"max_hp_loss":0,"event_name":"FaceTrader","floor":3,"gold_loss":0},{"damage_healed":0,"gold_gain":0,"player_choice":"Grow","damage_taken":0,"max_hp_gain":0,"max_hp_loss":0,"event_name":"Living Wall","floor":7,"gold_loss":0,"cards_upgraded":["Shrug It Off"]},{"damage_healed":0,"gold_gain":0,"player_choice":"Fought Mushrooms","damage_taken":0,"max_hp_gain":0,"max_hp_loss":0,"event_name":"Mushrooms","floor":10,"gold_loss":0},{"damage_healed":0,"gold_gain":0,"player_choice":"Obtain J.A.X.","damage_taken":0,"max_hp_gain":0,"max_hp_loss":0,"event_name":"Drug Dealer","floor":20,"gold_loss":0,"cards_obtained":["J.A.X."]},{"cards_removed":["Strike_R"],"damage_healed":0,"gold_gain":0,"player_choice":"Purged","damage_taken":0,"max_hp_gain":0,"max_hp_loss":0,"event_name":"Purifier","floor":29,"gold_loss":0},{"damage_healed":0,"gold_gain":0,"player_choice":"Embrace Madness","damage_taken":12,"max_hp_gain":0,"max_hp_loss":0,"event_name":"Winding Halls","floor":36,"gold_loss":0,"cards_obtained":["Madness","Madness"]},{"damage_healed":0,"gold_gain":0,"player_choice":"Fight","damage_taken":0,"max_hp_gain":0,"max_hp_loss":0,"event_name":"Mysterious Sphere","floor":38,"gold_loss":0},{"damage_healed":0,"gold_gain":0,"player_choice":"Paid","damage_taken":0,"relics_obtained":["Red Mask"],"max_hp_gain":0,"max_hp_loss":0,"event_name":"Tomb of Lord Red Mask","floor":41,"gold_loss":586},{"damage_healed":0,"gold_gain":0,"player_choice":"Ignored","damage_taken":0,"max_hp_gain":0,"max_hp_loss":0,"event_name":"NoteForYourself","floor":45,"gold_loss":0}],"is_beta":false,"boss_relics":[{"not_picked":["Eternal Feather","White Beast Statue"],"picked":"Mark of Pain"},{"not_picked":["Black Star","Orrery"],"picked":"Sozu"}],"items_purged_floors":[24,53],"is_endless":false,"potions_floor_spawned":[1,5,14,16,19,21,27,30,31,35,37,42,48,54],"killed_by":"The Heart","ascension_level":0}