{"gold_per_floor":[109,129,147,147,48,48,64,79,79,92,92,267,297,17,17,17],"floor_reached":16,"playtime":1715,"items_purged":["Doubt"],"score":148,"play_id":"c2330172-28e4-482d-a6f5-7166a515a93c","local_time":"20190416223808","is_ascension_mode":true,"campfire_choices":[{"floor":6,"key":"REST"},{"floor":15,"key":"REST"}],"neow_cost":"CURSE","seed_source_timestamp":450984125838354,"circlet_count":0,"master_deck":["Defend_G","Defend_G","Defend_G","Defend_G","Defend_G","Strike_G+1","Strike_G","Strike_G","Strike_G+1","Survivor","Neutralize","Clumsy","A Thousand Cuts","Deflect","Blade Dance","Deflect","Infinite Blades","Dagger Spray","Prepared","Endless Agony","Underhanded Strike","Night Terror","Night Terror","Well Laid Plans+1","Underhanded Strike","Acrobatics","Slice"],"relics":["Ring of the Snake","Pear","Frozen Egg 2"],"potions_floor_usage":[7,7,13],"damage_taken":[{"damage":1,"enemies":"2 Louse","floor":1,"turns":3},{"damage":16,"enemies":"Jaw Worm","floor":2,"turns":5},{"damage":1,"enemies":"Cultist","floor":3,"turns":4},{"damage":16,"enemies":"Gremlin Gang","floor":7,"turns":5},{"damage":8,"enemies":"Large Slime","floor":8,"turns":6},{"damage":7,"enemies":"3 Louse","floor":10,"turns":4},{"damage":24,"enemies":"3 Sentries","floor":13,"turns":7},{"damage":31,"enemies":"The Guardian","floor":16,"turns":10}],"seed_played":"-4868889154798064010","potions_obtained":[{"floor":2,"key":"SkillPotion"},{"floor":3,"key":"Strength Potion"},{"floor":8,"key":"Block Potion"}],"is_trial":false,"path_per_floor":["M","M","M","?","$","R","M","M","T","M","?","?","E","$","R","B"],"character_chosen":"THE_SILENT","items_purchased":["Infinite Blades","Dagger Spray","Well Laid Plans+1","Underhanded Strike","Acrobatics","Slice"],"campfire_rested":2,"item_purchase_floors":[5,5,14,14,14,14],"current_hp_per_floor":[62,46,45,31,31,52,36,28,38,31,31,31,7,7,31,0],"gold":17,"neow_bonus":"THREE_RARE_CARDS","is_prod":false,"is_daily":false,"chose_seed":false,"campfire_upgraded":0,"win_rate":0,"timestamp":1555479488,"path_taken":["M","M","M","?","$","R","M","M","T","M","?","?","E","$","R","BOSS"],"build_version":"2019-01-23","purchased_purges":1,"victory":false,"max_hp_per_floor":[70,70,70,70,70,70,70,70,80,80,80,80,80,80,80,80],"card_choices":[{"not_picked":["Unload","Tools of the Trade"],"picked":"A Thousand Cuts","floor":0},{"not_picked":["Setup","Outmaneuver"],"picked":"Deflect","floor":1},{"not_picked":["Prepared","Sucker Punch"],"picked":"Blade Dance","floor":2},{"not_picked":["Malaise","Underhanded Strike"],"picked":"Deflect","floor":3},{"not_picked":["Skewer","Eviscerate"],"picked":"Prepared","floor":7},{"not_picked":["Underhanded Strike","Catalyst"],"picked":"Endless Agony","floor":8},{"not_picked":["Bane","Deadly Poison"],"picked":"Underhanded Strike","floor":10},{"not_picked":["All Out Attack","Outmaneuver"],"picked":"Night Terror","floor":13}],"player_experience":1412984,"relics_obtained":[{"floor":9,"key":"Pear"},{"floor":13,"key":"Frozen Egg 2"}],"event_choices":[{"damage_healed":0,"gold_gain":0,"player_choice":"Entered Light","damage_taken":14,"max_hp_gain":0,"max_hp_loss":0,"event_name":"Shining Light","floor":4,"gold_loss":0,"cards_upgraded":["Strike_G","Strike_G"]},{"damage_healed":0,"gold_gain":0,"cards_transformed":["Strike_G"],"player_choice":"Change","damage_taken":0,"max_hp_gain":0,"max_hp_loss":0,"event_name":"Living Wall","floor":11,"gold_loss":0,"cards_obtained":["Night Terror"]},{"damage_healed":0,"gold_gain":175,"player_choice":"AGREE","damage_taken":0,"max_hp_gain":0,"max_hp_loss":0,"event_name":"Liars Game","floor":12,"gold_loss":0,"cards_obtained":["Doubt"]}],"is_beta":false,"boss_relics":[],"items_purged_floors":[14],"is_endless":false,"potions_floor_spawned":[2,3,8],"killed_by":"The Guardian","ascension_level":9}