{"gold_per_floor":[118,118,136,136,157,193,114,149,174,208,224,224,68,84,84,84],"floor_reached":16,"playtime":748,"items_purged":["Strike_R"],"score":165,"play_id":"0ea2d04c-b061-4079-be95-8bb18ca17170","local_time":"20190512112130","is_ascension_mode":true,"campfire_choices":[{"floor":12,"key":"REST"},{"data":"Demon Form","floor":15,"key":"SMITH"}],"neow_cost":"NONE","seed_source_timestamp":699510909305600,"circlet_count":0,"master_deck":["AscendersBane","Strike_R","Strike_R","Strike_R","Strike_R","Defend_R","Defend_R","Defend_R","Defend_R","Bash+1","Shrug It Off","Clothesline","Demon Form+1","Rage","True Grit","Thunderclap","Cleave","Armaments","Pummel","Metallicize"],"relics":["Burning Blood","Shuriken","Golden Idol","Blue Candle","Anchor","Bronze Scales","Odd Mushroom"],"potions_floor_usage":[10,16],"damage_taken":[{"damage":1,"enemies":"Cultist","floor":1,"turns":4},{"damage":1,"enemies":"Small Slimes","floor":3,"turns":4},{"damage":4,"enemies":"2 Louse","floor":5,"turns":3},{"damage":35,"enemies":"3 Sentries","floor":6,"turns":9},{"damage":20,"enemies":"Gremlin Nob","floor":8,"turns":4},{"damage":9,"enemies":"The Mushroom Lair","floor":10,"turns":4},{"damage":8,"enemies":"Exordium Wildlife","floor":11,"turns":5},{"damage":0,"enemies":"3 Louse","floor":14,"turns":2},{"damage":50,"enemies":"Slime Boss","floor":16,"turns":10}],"seed_played":"-995540998629982152","potions_obtained":[{"floor":3,"key":"LiquidBronze"},{"floor":5,"key":"Swift Potion"},{"floor":8,"key":"EssenceOfSteel"},{"floor":10,"key":"SpeedPotion"}],"is_trial":false,"path_per_floor":["M","T","M","?","M","E","$","E","T","?","M","R","$","M","R","B"],"character_chosen":"IRONCLAD","items_purchased":["True Grit","Thunderclap","Metallicize"],"campfire_rested":1,"item_purchase_floors":[7,7,13],"current_hp_per_floor":[77,77,80,60,62,33,33,19,19,16,14,38,38,44,44,0],"gold":84,"neow_bonus":"UPGRADE_CARD","is_prod":false,"is_daily":false,"chose_seed":false,"campfire_upgraded":1,"win_rate":0,"timestamp":1557685290,"path_taken":["M","?","M","?","M","E","$","E","T","?","M","R","$","M","R","BOSS"],"build_version":"2019-01-23","purchased_purges":1,"victory":false,"max_hp_per_floor":[80,80,80,80,80,80,80,80,80,80,80,80,80,80,80,80],"card_choices":[{"not_picked":["Heavy Blade","Wild Strike"],"picked":"Shrug It Off","floor":1},{"not_picked":["Twin Strike","Infernal Blade"],"picked":"Clothesline","floor":3},{"not_picked":["Clothesline","Disarm"],"picked":"Demon Form","floor":5},{"not_picked":["Havoc","Body Slam"],"picked":"Rage","floor":6},{"not_picked":["Carnage","Combust"],"picked":"Cleave","floor":8},{"not_picked":["Carnage","Body Slam"],"picked":"Armaments","floor":10},{"not_picked":["Rupture","Evolve"],"picked":"Pummel","floor":11},{"not_picked":["Pummel","Body Slam","Corruption"],"picked":"SKIP","floor":14}],"player_experience":460189,"relics_obtained":[{"floor":2,"key":"Shuriken"},{"floor":6,"key":"Blue Candle"},{"floor":8,"key":"Anchor"},{"floor":9,"key":"Bronze Scales"},{"floor":10,"key":"Odd Mushroom"}],"event_choices":[{"damage_healed":0,"gold_gain":0,"player_choice":"Take Damage","damage_taken":20,"relics_obtained":["Golden Idol"],"max_hp_gain":0,"max_hp_loss":0,"event_name":"Golden Idol","floor":4,"gold_loss":0},{"damage_healed":0,"gold_gain":0,"player_choice":"Fought Mushrooms","damage_taken":0,"max_hp_gain":0,"max_hp_loss":0,"event_name":"Mushrooms","floor":10,"gold_loss":0}],"is_beta":false,"boss_relics":[],"items_purged_floors":[13],"is_endless":false,"potions_floor_spawned":[3,5,8,10],"killed_by":"Slime Boss","ascension_level":10}