{"gold_per_floor":[113,113,128,142,161,188,188,208,260,287,297,297,297,317,317,417,417,427,427,438,438,457,483,199,199,199,3,3,3,18,18,18,122,122,139,151,168,168,216,216,246,257,257,257,277,277,277],"floor_reached":47,"playtime":4053,"items_purged":["Strike_G"],"score":731,"play_id":"9f404566-f4e2-4f61-9512-79e961140927","local_time":"20190422122924","is_ascension_mode":true,"campfire_choices":[{"data":"Crippling Poison","floor":12,"key":"SMITH"},{"floor":15,"key":"REST"},{"data":"Malaise","floor":25,"key":"SMITH"},{"floor":32,"key":"REST"},{"floor":40,"key":"REST"},{"floor":44,"key":"REST"},{"floor":46,"key":"REST"}],"neow_cost":"TEN_PERCENT_HP_LOSS","seed_source_timestamp":66562962840462,"circlet_count":0,"master_deck":["Defend_G+1","Defend_G","Defend_G","Defend_G","Defend_G","Strike_G","Survivor","Neutralize+1","Venomology+1","Choke","Crippling Poison+1","Prepared","Blur","Bouncing Flask","Leg Sweep","Dodge and Roll","Distraction","Malaise+1","Caltrops","Corpse Explosion","Expertise","Well Laid Plans","Terror+1","Cloak And Dagger+1","Footwork","Footwork","Dodge and Roll","Noxious Fumes","Envenom","Calculated Gamble","Well Laid Plans+1","Blur+1","Jack Of All Trades","Mind Blast","Enlightenment","Acrobatics","Dodge and Roll+1","Blur+1","Setup"],"relics":["Ring of the Snake","Happy Flower","Boot","Bottled Lightning","Philosopher\u0027s Stone","Omamori","Toy Ornithopter","Art of War","Bag of Marbles","White Beast Statue","Turnip","Lantern","Pantograph"],"potions_floor_usage":[4,5,6,6,6,8,10,10,14,14,18,22,22,23,23,30,33,33,33,33,33,35,36,37,37,37,37,39,39,41,41,42,42,45,47,47,47],"damage_taken":[{"damage":0,"enemies":"2 Louse","floor":1,"turns":4},{"damage":1,"enemies":"Cultist","floor":3,"turns":5},{"damage":0,"enemies":"Small Slimes","floor":4,"turns":1},{"damage":0,"enemies":"Looter","floor":5,"turns":3},{"damage":7,"enemies":"Gremlin Nob","floor":6,"turns":3},{"damage":0,"enemies":"Blue Slaver","floor":8,"turns":4},{"damage":6,"enemies":"3 Sentries","floor":10,"turns":6},{"damage":10,"enemies":"Gremlin Gang","floor":11,"turns":6},{"damage":8,"enemies":"Large Slime","floor":14,"turns":10},{"damage":10,"enemies":"Hexaghost","floor":16,"turns":10},{"damage":8,"enemies":"Spheric Guardian","floor":18,"turns":4},{"damage":2,"enemies":"Shell Parasite","floor":20,"turns":7},{"damage":13,"enemies":"Centurion and Healer","floor":22,"turns":6},{"damage":6,"enemies":"Book of Stabbing","floor":23,"turns":9},{"damage":16,"enemies":"Snake Plant","floor":30,"turns":5},{"damage":19,"enemies":"Collector","floor":33,"turns":11},{"damage":14,"enemies":"3 Darklings","floor":35,"turns":3},{"damage":25,"enemies":"Orb Walker","floor":36,"turns":4},{"damage":3,"enemies":"Transient","floor":37,"turns":5},{"damage":28,"enemies":"2 Orb Walkers","floor":39,"turns":4},{"damage":42,"enemies":"Reptomancer","floor":41,"turns":13},{"damage":5,"enemies":"Sphere and 2 Shapes","floor":42,"turns":4},{"damage":2,"enemies":"4 Shapes","floor":45,"turns":4},{"damage":66,"enemies":"Giant Head","floor":47,"turns":12}],"seed_played":"2468432772693603793","potions_obtained":[{"floor":3,"key":"Energy Potion"},{"floor":4,"key":"EssenceOfSteel"},{"floor":6,"key":"Fire Potion"},{"floor":11,"key":"PowerPotion"},{"floor":16,"key":"Explosive Potion"},{"floor":22,"key":"Ancient Potion"},{"floor":31,"key":"Fire Potion"},{"floor":31,"key":"EntropicBrew"},{"floor":35,"key":"PowerPotion"},{"floor":36,"key":"SkillPotion"},{"floor":37,"key":"SteroidPotion"},{"floor":39,"key":"Poison Potion"},{"floor":41,"key":"Explosive Potion"},{"floor":42,"key":"EssenceOfSteel"},{"floor":45,"key":"Energy Potion"}],"is_trial":false,"path_per_floor":["M","?","M","M","M","E","?","M","T","E","M","R","?","M","R","B",null,"M","?","M","?","M","E","$","R","T","$","?","?","M","?","R","B",null,"M","M","M","?","?","R","E","M","T","R","M","R","E"],"character_chosen":"THE_SILENT","items_purchased":["Toy Ornithopter","Footwork","Footwork","Dodge and Roll"],"campfire_rested":5,"item_purchase_floors":[24,24,27,27],"current_hp_per_floor":[63,63,62,62,62,55,55,55,55,49,39,39,26,18,36,26,54,46,46,44,63,50,44,44,44,44,44,44,44,33,33,51,56,61,49,29,46,36,18,36,4,9,9,27,30,48,0],"gold":277,"neow_bonus":"THREE_RARE_CARDS","is_prod":false,"is_daily":false,"chose_seed":false,"campfire_upgraded":2,"win_rate":0,"timestamp":1555961364,"path_taken":["M","?","M","?","M","E","?","?","T","E","M","R","?","M","R","BOSS","M","?","M","?","?","E","$","R","T","$","?","?","M","?","R","BOSS","M","M","?","?","?","R","E","M","T","R","M","R","E"],"build_version":"2019-01-23","purchased_purges":1,"victory":false,"max_hp_per_floor":[63,63,63,63,63,63,63,63,63,63,63,63,63,63,63,63,63,63,63,63,63,63,63,63,63,63,63,63,63,63,63,63,63,63,63,63,63,63,63,63,63,63,63,63,63,63,63],"card_choices":[{"not_picked":["Phantasmal Killer","Malaise"],"picked":"Venomology","floor":0},{"not_picked":["Flying Knee","Riddle With Holes"],"picked":"Choke","floor":1},{"not_picked":["Dash","Endless Agony"],"picked":"Crippling Poison","floor":3},{"not_picked":["Sucker Punch","Blade Dance"],"picked":"Prepared","floor":4},{"not_picked":["Backflip","Finisher"],"picked":"Blur","floor":5},{"not_picked":["Flechettes","Infinite Blades"],"picked":"Bouncing Flask","floor":6},{"not_picked":["Blade Dance","Flying Knee"],"picked":"Dodge and Roll","floor":8},{"not_picked":["Poisoned Stab","Concentrate"],"picked":"Distraction","floor":10},{"not_picked":["Deadly Poison","Choke"],"picked":"Malaise","floor":11},{"not_picked":["Terror","Deadly Poison"],"picked":"Caltrops","floor":14},{"not_picked":["A Thousand Cuts","Burst"],"picked":"Corpse Explosion","floor":16},{"not_picked":["Deadly Poison","Bane","Quick Slash"],"picked":"SKIP","floor":18},{"not_picked":["Accuracy","Bane"],"picked":"Setup","floor":20},{"not_picked":["Deadly Poison","Flying Knee"],"picked":"Terror+1","floor":22},{"not_picked":["Quick Slash","Concentrate"],"picked":"Cloak And Dagger+1","floor":23},{"not_picked":["Dodge and Roll+1","Dagger Throw"],"picked":"Noxious Fumes","floor":30},{"not_picked":["Doppelganger","Wraith Form v2"],"picked":"Envenom","floor":33},{"not_picked":["Slice+1","Eviscerate+1"],"picked":"Calculated Gamble","floor":35},{"not_picked":["Deadly Poison","Backflip+1"],"picked":"Well Laid Plans+1","floor":36},{"not_picked":["Dodge and Roll","PiercingWail"],"picked":"Blur+1","floor":37},{"not_picked":["PanicButton","Madness"],"picked":"Jack Of All Trades","floor":38},{"not_picked":["Purity","Blind"],"picked":"Mind Blast","floor":38},{"not_picked":["Impatience","Thinking Ahead"],"picked":"Enlightenment","floor":38},{"not_picked":["Poisoned Stab+1","Quick Slash"],"picked":"Acrobatics","floor":39},{"not_picked":["Endless Agony+1","Underhanded Strike"],"picked":"Dodge and Roll+1","floor":41},{"not_picked":["Die Die Die","Deadly Poison+1"],"picked":"Blur+1","floor":42},{"not_picked":["Slice","Underhanded Strike"],"picked":"Setup","floor":45}],"player_experience":1419770,"relics_obtained":[{"floor":6,"key":"Happy Flower"},{"floor":9,"key":"Boot"},{"floor":10,"key":"Bottled Lightning"},{"floor":23,"key":"Omamori"},{"floor":26,"key":"Art of War"},{"floor":39,"key":"Turnip"},{"floor":41,"key":"Lantern"},{"floor":43,"key":"Pantograph"}],"event_choices":[{"damage_healed":0,"gold_gain":0,"player_choice":"Upgraded","damage_taken":0,"max_hp_gain":0,"max_hp_loss":0,"event_name":"Upgrade Shrine","floor":2,"gold_loss":0,"cards_upgraded":["Venomology"]},{"damage_healed":0,"gold_gain":0,"cards_transformed":["Strike_G"],"player_choice":"Transformed","damage_taken":0,"max_hp_gain":0,"max_hp_loss":0,"event_name":"Transmorgrifier","floor":7,"gold_loss":0,"cards_obtained":["Leg Sweep"]},{"damage_healed":0,"gold_gain":0,"player_choice":"Entered Light","damage_taken":13,"max_hp_gain":0,"max_hp_loss":0,"event_name":"Shining Light","floor":13,"gold_loss":0,"cards_upgraded":["Defend_G","Neutralize"]},{"damage_healed":0,"gold_gain":0,"cards_transformed":["Strike_G","Strike_G"],"player_choice":"Became Test Subject","damage_taken":0,"max_hp_gain":0,"max_hp_loss":0,"event_name":"Drug Dealer","floor":19,"gold_loss":0,"cards_obtained":["Expertise","Well Laid Plans"]},{"cards_removed":["Setup"],"damage_healed":19,"gold_gain":0,"player_choice":"Offered Uncommon","damage_taken":0,"max_hp_gain":0,"max_hp_loss":0,"event_name":"Bonfire Elementals","floor":21,"gold_loss":0},{"damage_healed":0,"gold_gain":0,"player_choice":"Stole Relic","damage_taken":0,"relics_obtained":["Bag of Marbles"],"max_hp_gain":0,"max_hp_loss":0,"event_name":"Addict","floor":28,"gold_loss":0,"cards_obtained":["Shame"]},{"damage_healed":0,"gold_gain":0,"player_choice":"Ignored","damage_taken":0,"max_hp_gain":0,"max_hp_loss":0,"event_name":"Vampires","floor":29,"gold_loss":0},{"damage_healed":0,"gold_gain":0,"player_choice":"Got Potions","damage_taken":0,"max_hp_gain":0,"max_hp_loss":0,"event_name":"Lab","floor":31,"gold_loss":0},{"damage_healed":0,"gold_gain":0,"player_choice":"Memory 3","damage_taken":10,"max_hp_gain":0,"max_hp_loss":0,"event_name":"SensoryStone","floor":38,"gold_loss":0},{"damage_healed":0,"gold_gain":0,"player_choice":"Fight","damage_taken":0,"max_hp_gain":0,"max_hp_loss":0,"event_name":"Mysterious Sphere","floor":39,"gold_loss":0}],"is_beta":false,"boss_relics":[{"not_picked":["Lizard Tail","Sozu"],"picked":"Philosopher\u0027s Stone"},{"not_picked":["Eternal Feather","Snecko Eye"],"picked":"White Beast Statue"}],"items_purged_floors":[27],"is_endless":false,"potions_floor_spawned":[3,4,5,6,11,16,22,35,36,37,39,41,42,45],"killed_by":"Giant Head","ascension_level":9}