{"gold_per_floor":[119,119,119,12,27,61,79,89,89,89,89,100,100,100],"floor_reached":14,"playtime":2841,"items_purged":[],"score":207,"play_id":"f25944d2-ab63-4710-b315-e77cddba91e7","local_time":"20190507103649","is_ascension_mode":true,"campfire_choices":[{"data":"Blur","floor":13,"key":"SMITH"}],"neow_cost":"NONE","seed_source_timestamp":9667992333084,"circlet_count":0,"master_deck":["AscendersBane","Defend_G","Defend_G","Defend_G","Defend_G","Defend_G","Strike_G","Strike_G","Strike_G","Strike_G","Survivor","Neutralize","Quick Slash","Finesse","Acrobatics","Blur+1","Endless Agony","Leg Sweep","Parasite","Regret","Prepared"],"relics":["Ring of the Snake","NeowsBlessing","Pear","Ninja Scroll","Potion Belt"],"potions_floor_usage":[3],"damage_taken":[{"damage":0,"enemies":"2 Louse","floor":1,"turns":1},{"damage":0,"enemies":"Cultist","floor":5,"turns":1},{"damage":0,"enemies":"Lagavulin","floor":6,"turns":1},{"damage":0,"enemies":"Small Slimes","floor":7,"turns":4},{"damage":8,"enemies":"Exordium Wildlife","floor":8,"turns":5},{"damage":11,"enemies":"3 Louse","floor":12,"turns":5},{"damage":21,"enemies":"Large Slime","floor":14,"turns":7}],"seed_played":"716113349997713933","potions_obtained":[{"floor":3,"key":"Fruit Juice"},{"floor":3,"key":"Poison Potion"},{"floor":6,"key":"Energy Potion"}],"is_trial":false,"path_per_floor":["M","?","?","$","M","E","M","M","T","?","?","M","R","M"],"character_chosen":"THE_SILENT","items_purchased":["Finesse"],"campfire_rested":0,"item_purchase_floors":[4],"current_hp_per_floor":[59,52,57,57,57,67,67,59,59,79,79,68,68,47],"gold":100,"neow_bonus":"THREE_ENEMY_KILL","is_prod":false,"is_daily":false,"chose_seed":false,"campfire_upgraded":1,"win_rate":0,"timestamp":1557250609,"path_taken":["M","?","?","$","M","E","?","?","T","?","?","M","R","M"],"build_version":"2019-01-23","purchased_purges":0,"victory":false,"max_hp_per_floor":[66,66,71,71,71,81,81,81,81,81,81,81,81,81],"card_choices":[{"not_picked":["Deflect","Finisher"],"picked":"Quick Slash","floor":1},{"not_picked":["Blade Dance","Catalyst"],"picked":"Acrobatics","floor":5},{"not_picked":["Outmaneuver","Sucker Punch"],"picked":"Blur","floor":6},{"not_picked":["Underhanded Strike","Deflect"],"picked":"Endless Agony","floor":7},{"not_picked":["Dodge and Roll","Endless Agony"],"picked":"Leg Sweep","floor":8},{"not_picked":["Sucker Punch","PiercingWail"],"picked":"Prepared","floor":12}],"player_experience":1630576,"relics_obtained":[{"floor":6,"key":"Pear"},{"floor":9,"key":"Ninja Scroll"}],"event_choices":[{"cards_removed":["Strike_G"],"damage_healed":0,"gold_gain":0,"player_choice":"Card Removal","damage_taken":7,"max_hp_gain":0,"max_hp_loss":0,"event_name":"Golden Wing","floor":2,"gold_loss":0},{"damage_healed":0,"gold_gain":0,"player_choice":"Got Potions","damage_taken":0,"max_hp_gain":0,"max_hp_loss":0,"event_name":"Lab","floor":3,"gold_loss":0},{"damage_healed":20,"gold_gain":0,"player_choice":"Healed and dodged fight","damage_taken":0,"max_hp_gain":0,"max_hp_loss":0,"event_name":"Mushrooms","floor":10,"gold_loss":0,"cards_obtained":["Parasite"]},{"damage_healed":0,"gold_gain":0,"player_choice":"Box","damage_taken":0,"relics_obtained":["Potion Belt"],"max_hp_gain":0,"max_hp_loss":0,"event_name":"Big Fish","floor":11,"gold_loss":0,"cards_obtained":["Regret"]}],"is_beta":false,"boss_relics":[],"items_purged_floors":[],"is_endless":false,"potions_floor_spawned":[6,7],"killed_by":"Large Slime","ascension_level":16}