{"gold_per_floor":[112,18,18,18,36,36,54,134,213,388,400,365,385,385],"floor_reached":14,"playtime":464,"items_purged":[],"score":120,"play_id":"affd364f-f462-49e7-a2eb-9ea35a622513","local_time":"20190306211731","is_ascension_mode":true,"campfire_choices":[{"data":"Calculated Gamble","floor":6,"key":"SMITH"}],"neow_cost":"NONE","seed_source_timestamp":112383234967600,"circlet_count":0,"master_deck":["AscendersBane","Defend_G","Defend_G","Defend_G","Defend_G","Defend_G","Strike_G","Strike_G","Strike_G","Strike_G","Strike_G","Survivor","Neutralize","Envenom","Dash","Dramatic Entrance","Regret","Calculated Gamble+1","Doubt","Cloak And Dagger","Caltrops"],"relics":["Ring of the Snake","Turnip","Bottled Lightning"],"potions_floor_usage":[],"damage_taken":[{"damage":7,"enemies":"Cultist","floor":1,"turns":6},{"damage":2,"enemies":"Small Slimes","floor":5,"turns":3},{"damage":6,"enemies":"Jaw Worm","floor":7,"turns":5},{"damage":36,"enemies":"Large Slime","floor":11,"turns":13},{"damage":22,"enemies":"2 Fungi Beasts","floor":13,"turns":5},{"damage":10,"enemies":"Gremlin Nob","floor":14,"turns":2}],"seed_played":"-1789880563115604699","potions_obtained":[{"floor":11,"key":"Weak Potion"},{"floor":13,"key":"EssenceOfSteel"}],"is_trial":false,"path_per_floor":["M","$","?","$","M","R","M","?","T","?","M","?","M","E"],"character_chosen":"THE_SILENT","items_purchased":["Dramatic Entrance"],"campfire_rested":0,"item_purchase_floors":[2],"current_hp_per_floor":[56,56,56,56,54,54,48,48,48,48,12,29,7,0],"gold":385,"neow_bonus":"ONE_RANDOM_RARE_CARD","is_prod":false,"is_daily":false,"chose_seed":false,"campfire_upgraded":1,"win_rate":0,"timestamp":1551903451,"path_taken":["M","?","?","$","M","R","M","?","T","?","M","?","M","E"],"build_version":"2019-01-23","purchased_purges":0,"victory":false,"max_hp_per_floor":[70,70,70,70,70,70,70,70,70,70,70,70,70,70],"card_choices":[{"not_picked":["Prepared","Dodge and Roll"],"picked":"Dash","floor":1},{"not_picked":["Flying Knee","Sucker Punch"],"picked":"Calculated Gamble","floor":5},{"not_picked":["Masterful Stab","Flying Knee","Dagger Throw"],"picked":"SKIP","floor":7},{"not_picked":["Deadly Poison","Heel Hook"],"picked":"Cloak And Dagger","floor":11},{"not_picked":["PiercingWail","Poisoned Stab"],"picked":"Caltrops","floor":13}],"player_experience":1452242,"relics_obtained":[{"floor":9,"key":"Bottled Lightning"}],"event_choices":[{"damage_healed":0,"gold_gain":0,"player_choice":"Box","damage_taken":0,"relics_obtained":["Turnip"],"max_hp_gain":0,"max_hp_loss":0,"event_name":"Big Fish","floor":3,"gold_loss":0,"cards_obtained":["Regret"]},{"damage_healed":0,"gold_gain":80,"player_choice":"Gained Gold","damage_taken":0,"max_hp_gain":0,"max_hp_loss":0,"event_name":"Golden Wing","floor":8,"gold_loss":0},{"damage_healed":0,"gold_gain":175,"player_choice":"AGREE","damage_taken":0,"max_hp_gain":0,"max_hp_loss":0,"event_name":"Liars Game","floor":10,"gold_loss":0,"cards_obtained":["Doubt"]},{"damage_healed":17,"gold_gain":0,"player_choice":"Healed","damage_taken":0,"max_hp_gain":0,"max_hp_loss":0,"event_name":"The Cleric","floor":12,"gold_loss":35}],"is_beta":false,"boss_relics":[],"items_purged_floors":[],"is_endless":false,"potions_floor_spawned":[11,13],"killed_by":"Gremlin Nob","ascension_level":10}