{"gold_per_floor":[112,132,132,132,36,36,36,64,64,64,64,75,101,116,116,211,211,228,238,238,238],"floor_reached":21,"playtime":976,"items_purged":[],"score":307,"play_id":"6585b572-7db1-4e26-93b9-a0da16f584cb","local_time":"20190125230619","is_ascension_mode":true,"campfire_choices":[{"data":"Neutralize","floor":6,"key":"SMITH"},{"floor":15,"key":"REST"}],"neow_cost":"NONE","seed_source_timestamp":191826878479300,"circlet_count":0,"master_deck":["Defend_G","Defend_G","Defend_G","Defend_G","Strike_G","Strike_G","Strike_G","Strike_G","Survivor","Neutralize+1","Predator","Crippling Poison","Regret","Madness","Skewer","Concentrate","Calculated Gamble","PiercingWail","Malaise","PiercingWail","Dash","RitualDagger"],"relics":["Ring of the Serpent","NeowsBlessing","Regal Pillow","Bottled Flame","Incense Burner","Juzu Bracelet"],"potions_floor_usage":[13,16,16,19],"damage_taken":[{"damage":0,"enemies":"Small Slimes","floor":1,"turns":1},{"damage":0,"enemies":"Jaw Worm","floor":2,"turns":1},{"damage":0,"enemies":"Gremlin Nob","floor":8,"turns":1},{"damage":7,"enemies":"Cultist","floor":12,"turns":4},{"damage":8,"enemies":"Lagavulin","floor":13,"turns":8},{"damage":9,"enemies":"2 Fungi Beasts","floor":14,"turns":3},{"damage":50,"enemies":"Hexaghost","floor":16,"turns":16},{"damage":15,"enemies":"3 Byrds","floor":18,"turns":9},{"damage":1,"enemies":"Spheric Guardian","floor":19,"turns":3},{"damage":37,"enemies":"Masked Bandits","floor":21,"turns":3}],"seed_played":"8180406871058101883","potions_obtained":[{"floor":2,"key":"Dexterity Potion"},{"floor":13,"key":"Fire Potion"},{"floor":14,"key":"Weak Potion"},{"floor":18,"key":"Strength Potion"}],"is_trial":false,"path_per_floor":["M","M","?","?","$","R","$","E","T","?","$","M","E","M","R","B",null,"M","M","?","?"],"character_chosen":"THE_SILENT","items_purchased":["Madness"],"campfire_rested":1,"item_purchase_floors":[5],"current_hp_per_floor":[63,63,63,63,63,63,63,63,63,63,63,56,48,39,70,20,58,43,42,36,0],"gold":238,"neow_bonus":"THREE_ENEMY_KILL","is_prod":false,"is_daily":false,"chose_seed":false,"campfire_upgraded":1,"win_rate":0,"timestamp":1548453979,"path_taken":["M","M","?","?","$","R","?","E","T","?","$","M","E","M","R","BOSS","M","M","?","?"],"build_version":"2019-01-23","purchased_purges":0,"victory":false,"max_hp_per_floor":[70,70,70,70,70,70,70,70,70,70,70,70,70,70,70,70,70,70,70,70,70],"card_choices":[{"not_picked":["Cloak And Dagger","Outmaneuver"],"picked":"Predator","floor":1},{"not_picked":["Blade Dance","Deflect"],"picked":"Crippling Poison","floor":2},{"not_picked":["Predator","Flechettes","Bane"],"picked":"SKIP","floor":8},{"not_picked":["Bane","Deflect"],"picked":"Concentrate","floor":12},{"not_picked":["Crippling Poison","Expertise"],"picked":"Calculated Gamble","floor":13},{"not_picked":["Endless Agony","Dagger Spray"],"picked":"PiercingWail","floor":14},{"not_picked":["Grand Finale","After Image"],"picked":"Malaise","floor":16},{"not_picked":["Cloak And Dagger+1","Blade Dance+1"],"picked":"PiercingWail","floor":18},{"not_picked":["Bane","Dagger Spray"],"picked":"Dash","floor":19}],"player_experience":1296340,"relics_obtained":[{"floor":8,"key":"Bottled Flame"},{"floor":9,"key":"Incense Burner"},{"floor":13,"key":"Juzu Bracelet"}],"event_choices":[{"cards_removed":["Defend_G"],"damage_healed":0,"gold_gain":0,"player_choice":"Forget","damage_taken":0,"max_hp_gain":0,"max_hp_loss":0,"event_name":"Living Wall","floor":3,"gold_loss":0},{"damage_healed":0,"gold_gain":0,"player_choice":"Box","damage_taken":0,"relics_obtained":["Regal Pillow"],"max_hp_gain":0,"max_hp_loss":0,"event_name":"Big Fish","floor":4,"gold_loss":0,"cards_obtained":["Regret"]},{"damage_healed":0,"gold_gain":0,"cards_transformed":["Strike_G"],"player_choice":"Transformed","damage_taken":0,"max_hp_gain":0,"max_hp_loss":0,"event_name":"Transmorgrifier","floor":10,"gold_loss":0,"cards_obtained":["Skewer"]},{"damage_healed":0,"gold_gain":0,"player_choice":"Joined the Cult","damage_taken":6,"max_hp_gain":0,"max_hp_loss":0,"event_name":"Nest","floor":20,"gold_loss":0,"cards_obtained":["RitualDagger"]},{"damage_healed":0,"gold_gain":0,"player_choice":"Fought Bandits","damage_taken":0,"max_hp_gain":0,"max_hp_loss":0,"event_name":"Masked Bandits","floor":21,"gold_loss":0}],"is_beta":false,"boss_relics":[{"not_picked":["Orrery","Snecko Eye"],"picked":"Ring of the Serpent"}],"items_purged_floors":[],"is_endless":false,"potions_floor_spawned":[2,13,14,18],"killed_by":"Masked Bandits","ascension_level":9}