{"gold_per_floor":[111,186,205,205,221,246,246,321,321,321,334,67,67,242,242,342,342,355,373,373,391,391],"floor_reached":22,"playtime":1069,"items_purged":[],"score":258,"play_id":"755e14de-2dc4-4e04-94e6-797bb20a36fa","local_time":"20190415134256","is_ascension_mode":true,"campfire_choices":[{"floor":7,"key":"REST"},{"floor":10,"key":"REST"},{"data":"Noxious Fumes","floor":15,"key":"SMITH"}],"neow_cost":"NONE","seed_source_timestamp":333102820836603,"circlet_count":0,"master_deck":["Defend_G","Defend_G","Defend_G","Defend_G","Defend_G","Strike_G","Strike_G","Strike_G","Strike_G","Strike_G","Survivor","Neutralize","Blur","Cloak And Dagger+1","Backflip","Noxious Fumes+1","Riddle With Holes","The Bomb","Malaise","Endless Agony","A Thousand Cuts","Deadly Poison+1"],"relics":["Ring of the Snake","NeowsBlessing","Pear","Art of War","Thread and Needle","Calling Bell","Pen Nib","Blue Candle","Dead Branch"],"potions_floor_usage":[6,16,21,22],"damage_taken":[{"damage":0,"enemies":"Jaw Worm","floor":1,"turns":1},{"damage":0,"enemies":"Small Slimes","floor":3,"turns":1},{"damage":0,"enemies":"Cultist","floor":5,"turns":1},{"damage":21,"enemies":"Gremlin Nob","floor":6,"turns":5},{"damage":2,"enemies":"2 Fungi Beasts","floor":11,"turns":4},{"damage":53,"enemies":"Slime Boss","floor":16,"turns":8},{"damage":16,"enemies":"Spheric Guardian","floor":18,"turns":6},{"damage":2,"enemies":"Chosen","floor":19,"turns":4},{"damage":5,"enemies":"Snake Plant","floor":21,"turns":6},{"damage":53,"enemies":"Masked Bandits","floor":22,"turns":3}],"seed_played":"-3809942938436950904","potions_obtained":[{"floor":5,"key":"Strength Potion"},{"floor":18,"key":"EssenceOfSteel"},{"floor":19,"key":"Strength Potion"}],"is_trial":false,"path_per_floor":["M","?","M","?","M","E","R","?","T","R","M","$","T","?","R","B",null,"M","M","?","M","?"],"character_chosen":"THE_SILENT","items_purchased":["The Bomb","GhostInAJar"],"campfire_rested":2,"item_purchase_floors":[12,12],"current_hp_per_floor":[63,52,52,52,52,41,65,57,57,80,78,78,78,78,78,25,66,50,48,48,43,0],"gold":391,"neow_bonus":"THREE_ENEMY_KILL","is_prod":false,"is_daily":false,"chose_seed":false,"campfire_upgraded":1,"win_rate":0,"timestamp":1555360976,"path_taken":["M","?","M","?","?","E","R","?","T","R","?","$","?","?","R","BOSS","M","M","?","?","?"],"build_version":"2019-01-23","purchased_purges":0,"victory":false,"max_hp_per_floor":[70,70,70,70,70,80,80,80,80,80,80,80,80,80,80,80,80,80,80,80,80,80],"card_choices":[{"not_picked":["Cloak And Dagger","Backflip"],"picked":"Blur","floor":1},{"not_picked":["Acrobatics","Flying Knee"],"picked":"Cloak And Dagger","floor":3},{"not_picked":["Deadly Poison","Dagger Spray"],"picked":"Backflip","floor":5},{"not_picked":["Night Terror","Blade Dance"],"picked":"Noxious Fumes","floor":6},{"not_picked":["Quick Slash","Setup"],"picked":"Riddle With Holes","floor":11},{"not_picked":["After Image","Grand Finale"],"picked":"Malaise","floor":16},{"not_picked":["Eviscerate","Outmaneuver+1"],"picked":"Endless Agony","floor":18},{"not_picked":["Reflex","Prepared"],"picked":"A Thousand Cuts","floor":19},{"not_picked":["Finisher","Bane"],"picked":"Deadly Poison+1","floor":21}],"player_experience":1377402,"relics_obtained":[{"floor":6,"key":"Pear"},{"floor":9,"key":"Art of War"},{"floor":13,"key":"Thread and Needle"},{"floor":17,"key":"Pen Nib"},{"floor":17,"key":"Blue Candle"},{"floor":17,"key":"Dead Branch"}],"event_choices":[{"damage_healed":0,"gold_gain":75,"player_choice":"Gather Gold","damage_taken":11,"max_hp_gain":0,"max_hp_loss":0,"event_name":"World of Goop","floor":2,"gold_loss":0},{"damage_healed":0,"gold_gain":0,"player_choice":"Forge","damage_taken":0,"max_hp_gain":0,"max_hp_loss":0,"event_name":"Accursed Blacksmith","floor":4,"gold_loss":0,"cards_upgraded":["Cloak And Dagger"]},{"damage_healed":0,"gold_gain":75,"player_choice":"Touch","damage_taken":8,"max_hp_gain":0,"max_hp_loss":0,"event_name":"FaceTrader","floor":8,"gold_loss":0},{"damage_healed":0,"gold_gain":175,"player_choice":"AGREE","damage_taken":0,"max_hp_gain":0,"max_hp_loss":0,"event_name":"Liars Game","floor":14,"gold_loss":0,"cards_obtained":["Doubt"]},{"cards_removed":["Writhe","Injury","Writhe","Doubt"],"damage_healed":0,"gold_gain":0,"player_choice":"Removed Curses","damage_taken":0,"max_hp_gain":0,"max_hp_loss":0,"event_name":"Fountain of Cleansing","floor":20,"gold_loss":0},{"damage_healed":0,"gold_gain":0,"player_choice":"Fought Bandits","damage_taken":0,"max_hp_gain":0,"max_hp_loss":0,"event_name":"Masked Bandits","floor":22,"gold_loss":0}],"is_beta":false,"boss_relics":[{"not_picked":["Coffee Dripper","Velvet Choker"],"picked":"Calling Bell"}],"items_purged_floors":[],"is_endless":false,"potions_floor_spawned":[5,18,19],"killed_by":"Masked Bandits","ascension_level":8}